3802 6030
89 170 169 240 ibit

610 162 793 226 udaeam
814 154 1065 224 nuuortttttsls
1087 160 1263 225 EPlSCOPl

1733 152 1833 255 aem·

88 299 592 382 D'espiolsomossaornmquoddam
602 297 921 356 suadendolavacrum.
934 298 963 368 Α
1011 297 1113 355 Victor
1127 299 1163 354 ad
1180 297 1240 354 beo
1255 296 1346 355 dixit:
1363 297 1392 354 Sl
1403 312 1487 354 meua
1500 310 1569 353 oum
1583 308 1662 353 voce
1675 290 1799 361 revixit,

91 395 171 454 Dicis
185 398 214 451 et
228 392 365 462 abstergi,
382 388 460 445 velut
473 387 531 445 alto
546 388 576 444 in
592 386 715 443 llumiue
732 386 836 459 mergi.

96 488 150 546 Per
164 485 245 542 lovis
261 483 315 538 boc
331 482 442 547 lanum,
460 496 511 551 per
526 495 622 552 regern
638 476 858 546 Maximianum,

94 577 207 647 Perque
222 586 414 643 supernorum
431 569 551 643 collegia
566 575 671 625 cuncta
687 569 818 631 deorum,

93 666 123 722 Si
138 677 319 736 perseveras,
334 666 363 716 et
376 661 418 717 sio
431 676 485 716 uos
499 660 612 715 vincere
626 658 650 694 ⁸⁴
665 674 762 731 paras,

96 756 186 809 Posce
201 750 288 809 deum
305 749 411 817 scalas,
427 755 456 806 et
471 766 544 822 quas
559 748 647 804 babet
663 747 787 818 Angelus
797 744 869 813 alae,

96 843 139 900 Ad
155 857 229 913 quas
243 840 364 895 lestiuas
380 840 486 909 poterit
500 854 565 893 rnox
580 854 644 893 csse
660 837 772 892 ruinas.

96 930 138 990 ue
152 940 184 987 re
198 937 256 985 tarn
273 934 359 984 cauta
375 929 444 1000 quid
461 927 546 983 debet
561 926 658 983 dicere
674 930 761 982 nauta

97 1020 213 1088 Desino,
229 1018 271 1074 vel
287 1019 405 1073 demum
424 1023 487 1089 pate
502 1015 585 1071 littus
600 1021 629 1071 et
643 1015 741 1087 accipe
757 1028 868 1071 remum

98 1107 133 1165 Et
148 1106 243 1163 solitis
259 1107 343 1164 bellis
358 1115 437 1162 coeat
454 1105 489 1161 lrs
504 1105 562 1160 isla
578 1103 724 1176 procellis.

98 1196 158 1255 lbis
173 1197 203 1252 in
218 1196 376 1262 internum,
388 1196 440 1267 jus
452 1193 588 1250 evitando
605 1197 769 1264 paternum.

99 1289 161 1344 llos
177 1284 228 1341 luit
242 1284 297 1341 iste
313 1286 415 1358 patris,
433 1284 488 1341 uisi
504 1282 529 1318 ⁶⁵
543 1283 722 1339 conserviret
736 1280 852 1352 aratris,

101 1374 240 1433 Rusticus
254 1374 379 1429 obtusus
394 1374 506 1444 patrios
521 1388 587 1429 cum
604 1371 680 1428 sedit
696 1372 732 1427 ad
749 1386 830 1438 usus,

101 1462 214 1533 Desipit
227 1466 256 1519 et
272 1461 395 1535 plaudit,
407 1459 534 1518 dillusus
549 1461 585 1517 ad
601 1475 688 1516 omns
703 1459 782 1530 quod
795 1458 888 1515 audit.

103 1551 185 1617 Quod
200 1549 255 1607 luit
270 1550 390 1619 oblitus,
406 1549 479 1624 legis
496 1553 579 1622 putat
593 1565 657 1606 esse
673 1548 795 1622 peritus,

972 386 1075 447 1δῆ
1099 387 1166 445 Jam
1193 404 1284 461 super
1297 387 1334 445 ad
1358 386 1463 445 omium
1478 384 1587 444 mentis
1613 384 1708 458 prius
1729 382 1814 456 erige

1645 471 1780 545 [velum,

973 572 1105 640 Desuper
1120 584 1193 624 eura
1208 566 1299 634 tiabit,
1312 583 1363 640 per
1373 582 1460 640 quam
1476 569 1528 621 tua
1543 581 1632 638 prora
1649 561 1781 620 volabit.

972 657 1014 715 Ob
1030 657 1153 713 nimiam
1169 673 1269 712 curam
1287 656 1374 712 talem
1392 655 1538 729 pretende
1554 655 1701 727 liguram.

973 749 1018 806 sit
1033 754 1084 818 tua
1099 763 1181 802 meus
1195 745 1288 813 navis,
1304 747 1344 802 sit
1356 746 1480 818 spiritus
1495 760 1566 801 aura
1581 742 1703 800 suavis.

974 837 1038 910 lpse
1055 840 1137 909 regat
1152 841 1279 892 mentem
1297 836 1441 890 mundum
1464 835 1591 890 transire
1609 832 1782 902 volentem,

974 925 1067 985 Ducat
1083 936 1110 982 et
1126 926 1160 981 ad
1175 923 1335 991 Christum,
1347 925 1397 996 qui
1423 929 1537 996 portum
1554 923 1697 994 possidet
1711 921 1824 988 istum,

976 1017 1008 1073 ln
1024 1015 1140 1071 lavacro
1156 1019 1278 1086 mergat,
1295 1017 1431 1086 perquot
1450 1017 1499 1068 tua
1513 1011 1639 1068 crimina
1658 1015 1764 1084 tergat

975 1107 1012 1165 Et
1025 1107 1116 1162 irrrues
1131 1117 1158 1162 et
1173 1104 1267 1174 dipsis
1282 1102 1402 1159 tollatur
1417 1101 1555 1159 lluclibus
1570 1102 1660 1175 ipsis,

977 1194 1108 1269 ingluvie
1123 1210 1198 1250 aava
1213 1209 1286 1265 quas
1300 1193 1370 1249 olim
1388 1192 1510 1264 pertulit
1527 1192 1592 1260 Eva,

978 1285 1018 1342 sd
1034 1283 1130 1341 scelus
1145 1283 1278 1339 auditum
1294 1298 1360 1337 cum
1377 1281 1505 1338 tlecteret
1518 1281 1580 1354 ipsa
1596 1280 1762 1337 maritum.

1013 1375 1085 1440 Quis
1100 1375 1186 1430 modo
1199 1371 1331 1445 pretoria
1346 1371 1468 1440 rabiem,
1485 1375 1644 1444 motusque
1662 1369 1783 1427 luroris

978 1462 1103 1531 Diceret,
1118 1467 1147 1519 et
1161 1463 1246 1533 cujus
1263 1462 1384 1518 termam
1400 1462 1573 1517 transferret
1588 1461 1619 1515 in
1635 1457 1764 1531 hujus?

979 1551 1015 1611 lit
1031 1551 1100 1607 iurit
1114 1550 1144 1606 in
1160 1567 1249 1607 scena
1260 1549 1356 1608 triduo
1368 1551 1471 1622 jejuna
1485 1548 1586 1618 leaena,

103 1641 258 1714 Promptus
283 1643 315 1695 ut
338 1643 483 1707 occurret,
509 1640 616 1695 relerat
640 1638 718 1712 quod
734 1638 859 1714 quisque
875 1653 926 1693 su·
943 1646 1048 1738 Boua
1064 1642 1151 1714 lupus
1167 1659 1216 1698 ora
1231 1642 1318 1715 gerit,
1333 1656 1400 1697 cum
1428 1640 1555 1713 predam
1571 1637 1678 1696 tollere
1694 1637 1817 1712 querit,

768 1728 889 1801 [turriti.
979 1736 1057 1801 Quos
1072 1732 1161 1788 habet
1175 1733 1310 1788 incursus
1325 1730 1473 1788 hominem
1489 1746 1555 1787 cum
1569 1728 1681 1785 viderit
1704 1744 1821 1795 ursus:

102 1821 346 1892 euasurosque
361 1836 442 1889 voca,
458 1832 639 1891 sumensque
664 1834 715 1891 per
733 1817 926 1889 occiputocca

105 1915 143 1969 ve
158 1926 244 1984 grege
260 1910 403 1984 quidquid
419 1925 512 1976 ames,
538 1912 567 1963 st
582 1908 624 1964 sic
639 1906 772 1962 iaciendo
787 1904 927 1962 reclames

104 1999 278 2071 Perspicuos
291 1997 400 2067 vultus,
416 2003 445 2055 et
460 1999 517 2054 erit
534 2003 604 2053 tuus
619 2013 699 2054 error
713 1995 837 2054 inultus.

139 2088 240 2145 Victor
254 2089 316 2144 ait:
333 2088 434 2145 Nautis
449 2089 612 2161 disponunt
626 2085 727 2143 omnia
741 2075 843 2154 deute:

105 2179 245 2237 Praetores
261 2176 346 2234 multi
360 2182 430 2233 sunt
443 2176 473 2233 in
489 2176 687 2233 moderamine
701 2175 796 2233 stulti.

105 2268 153 2325 Sic
169 2267 241 2323 mibi
256 2266 311 2323 vile
326 2282 429 2339 genus,
445 2266 488 2323 vel
504 2268 544 2324 sit
560 2265 630 2323 mihi
647 2265 741 2322 victus
757 2280 867 2338 egenus

110 2358 174 2414 ileo
189 2358 247 2413 duo
263 2355 303 2412 nil
318 2355 433 2425 tollent,
450 2356 473 2412 si
487 2355 604 2426 juribus
618 2355 721 2411 intima
740 2353 858 2426 pollent.

110 2447 201 2503 latius
216 2449 262 2502 est
276 2445 367 2501 moris
382 2443 488 2501 titulus
504 2445 629 2503 cmlestis
641 2443 779 2514 bonoris;

109 2535 139 2592 Si
155 2537 229 2592 beno
246 2535 386 2590 viventem
402 2532 509 2602 videat,
527 2551 583 2589 non
600 2534 711 2607 spernit
726 2535 871 2605 egentem.

110 2625 169 2684 Neo
184 2623 266 2682 decet
282 2628 314 2679 ut
328 2623 437 2690 trister,
453 2621 479 2678 ei
495 2639 646 2695 nuuouper
661 2638 725 2678 essa
741 2619 874 2676 minister

110 2713 228 2773 Litteris
243 2718 331 2785 alque
346 2712 447 2778 maris,
464 2711 531 2768 licet
551 2712 776 2784 improperando
791 2709 933 2784 loquaris,

112 2802 148 2862 tn
159 2817 237 2857 mara
251 2800 294 2856 sic
314 2799 453 2866 muudus,
469 2816 577 2872 gurges
590 2802 663 2857 eatis
678 2801 734 2857 ists
749 2801 933 2872 protundum

114 2891 168 2950 Per
182 2889 281 2964 plures
299 2895 408 2945 mortes
423 2889 522 2961 plures
533 2895 617 2946 necat
631 2889 693 2963 ipse
706 2890 848 2946 cohortes.

114 2981 174 3041 llos
190 2979 302 3036 utinam
319 2980 432 3036 tructus
446 2980 564 3052 adjura
579 2985 697 3051 paterna
711 2980 849 3036 reductus

113 3073 237 3130 Vincere
251 3070 294 3129 sic
309 3085 438 3140 nossem,
455 3087 513 3143 quo
527 3086 580 3125 vos
595 3068 747 3128 excludere
763 3085 890 3142 possem.

114 3168 189 3224 Buce
203 3169 293 3221 ileum
308 3166 409 3229 testor,
426 3179 484 3217 uon
500 3165 560 3218 tam
577 3179 629 3234 pro
640 3166 735 3219 morte
750 3160 900 3229 molestor,

118 3257 209 3322 Quam
225 3270 291 3310 sum
309 3268 463 3323 passurus,
479 3256 621 3324 quantum
638 3254 706 3325 qula
721 3257 751 3308 tu
769 3252 939 3308 moriturus.

117 3342 183 3403 Non
199 3343 276 3417 lugia
289 3342 344 3399 boo
359 3347 509 3415 stagnum,
525 3358 582 3398 non
598 3342 707 3398 deseris
723 3341 778 3398 boo
794 3357 872 3398 mare
883 3357 941 3397 ma·

792 3431 906 3504 [gnum.

121 3526 176 3584 Ast
190 3539 242 3589 ego
258 3521 424 3593 paralellae
439 3520 488 3593 qui
510 3536 713 3593 praecognosco
729 3519 881 3591 procellas,

122 3611 197 3670 Dum
213 3627 275 3666 mea
288 3611 371 3667 lucra
386 3627 503 3684 sequor,
515 3609 620 3665 solitus
630 3609 755 3665 transire
771 3626 821 3680 per
835 3627 944 3682 equor,

123 3700 153 3759 si
170 3699 265 3772 placet
278 3701 431 3755 ostendam
447 3715 536 3769 quarn
554 3715 613 3754 rem
630 3699 756 3754 credatis
772 3700 928 3770 agendam.

122 3789 186 3848 Non
203 3790 259 3845 cita
276 3790 352 3843 sieut
366 3789 428 3843 avie
444 3793 593 3861 quaretur
605 3793 634 3843 et
648 3787 762 3858 integra
776 3789 872 3858 navis,

122 3878 182 3936 Nec
198 3892 279 3933 mora
295 3881 396 3931 nostra
411 3876 517 3949 gravis,
533 3892 600 3932 cum
625 3876 737 3932 uenerit
752 3894 824 3933 aura
836 3878 947 3936 suavis.

123 3965 280 4024 Proximus
295 3969 340 4021 est
356 3969 469 4037 portus,
486 3964 535 4020 ubi
551 3966 615 4021 ioue
629 3971 658 4021 et
674 3964 793 4039 llorlger
807 3967 923 4033 hortus,

125 4056 177 4113 Vir
192 4056 287 4112 bonus
304 4059 349 4111 est
364 4054 481 4125 hospes,
498 4053 570 4109 satis
585 4060 631 4110 est
642 4054 783 4111 habitatio
799 4072 901 4129 sospes

125 4145 231 4202 Omnia
247 4147 298 4201 dat
311 4143 414 4217 gratis,
430 4144 594 4214 congaudet
608 4148 637 4199 et
653 4143 715 4216 ipse
732 4146 854 4215 paratis,

127 4237 230 4308 Fragal
245 4234 276 4290 in
292 4235 362 4291 orbe
376 4232 455 4289 domi
472 4231 556 4287 multi
572 4230 733 4288 redolentia
755 4233 844 4304 pomi,

127 4326 156 4382 Si
174 4341 303 4397 nequeas
318 4339 378 4388 ors,
394 4322 456 4379 solo
472 4322 626 4378 medicaris
638 4324 737 4379 odore.

128 4413 190 4471 Non
207 4413 306 4469 auimo
323 4412 458 4485 languor,
474 4427 531 4467 non
548 4416 592 4467 est
607 4412 647 4466 ibi
662 4410 792 4482 corporis
805 4427 898 4485 angor
966 4410 991 4477 Ι)

128 4504 205 4561 Sunt
217 4503 256 4557 ibi
273 4517 415 4574 persona,
431 4501 559 4573 pendent
573 4499 614 4555 ibi
630 4499 710 4557 mille
725 4516 849 4556 corone.

128 4598 202 4650 Sunt
216 4593 257 4648 ibi
273 4599 420 4665 pretores,
436 4595 464 4647 et
481 4591 520 4645 ibi
543 4592 709 4663 prebeatur
723 4589 861 4647 honores.

129 4687 195 4740 ileo
210 4683 264 4738 tibi
280 4686 497 4749 monstramus3
512 4679 590 4750 quod
606 4681 629 4735 sl
644 4695 701 4735 nou
717 4679 949 4751 mediaremus.

130 4772 161 4830 si
176 4767 702 4842 miuusestquidquanr,pmnamvolo
717 4768 829 4826 solvere
849 4811 857 4826 .
880 4810 887 4825 .
907 4768 952 4825 dio

788 4859 889 4936 [quam
903 4858 918 4915 i

166 4948 273 5006 Praetor
286 4948 346 5004 ait:
364 4948 483 5019 Laudo;
499 4947 524 5004 si
539 4948 648 5022 possim
665 4964 793 5020 cernere,
811 4947 917 5021 plaudo

130 5040 206 5098 Sunt
219 5036 291 5094 mihi
306 5038 430 5094 cedrinas
449 5038 548 5102 lorles,
566 5037 715 5112 agilesque
729 5041 846 5105 carina,

133 5129 282 5200 Purpurea
296 5125 352 5181 tela
370 5126 440 5181 mibi
456 5131 527 5183 suut
543 5127 590 5182 ubl
608 5127 693 5183 tortia
708 5127 782 5196 vala,

130 5217 183 5278 ilic
199 5217 248 5273 ubi
264 5217 418 5285 ducamus;
434 5231 502 5272 oum
518 5215 629 5272 llaverit
643 5221 741 5273 auster
755 5232 869 5285 eamus,

980 1827 1044 1881 Non
1060 1821 1166 1879 similis
1181 1827 1281 1894 gastus
1296 1826 1359 1877 erat
1370 1819 1415 1876 bio
1432 1837 1484 1893 pro
1494 1827 1619 1893 martyre
1636 1823 1784 1889 moestus,

981 1916 1080 1970 Cesset
1096 1915 1125 1967 et
1139 1927 1156 1967 a
1171 1909 1277 1977 verbis,
1288 1909 1383 1981 pranis
1398 1908 1531 1965 intentus
1545 1906 1677 1963 acerbis.

982 2004 1057 2062 Sunt
1071 2001 1110 2057 ibi
1126 1999 1175 2074 qui
1191 1999 1296 2056 lictant
1312 2016 1424 2072 poenas,
1436 1997 1521 2073 quasi
1536 1997 1671 2053 carmina
1688 1996 1819 2059 dictant,

981 2091 1038 2149 Sed
1053 2089 1130 2146 volut
1143 2104 1178 2144 ex
1194 2087 1263 2144 lima
1278 2088 1388 2143 iaciunt
1401 2086 1563 2159 suspendia
1578 2084 1689 2157 prima.

984 2182 1118 2254 Pugnant
1133 2192 1272 2250 pensores
1283 2175 1392 2233 nimios
1407 2176 1514 2232 inferre
1527 2173 1645 2230 dolores
1658 2191 1667 2243 ς

983 2271 1036 2326 Sed
1053 2265 1185 2324 medicus
1199 2264 1262 2322 coeli
1280 2266 1330 2320 dat
1345 2281 1403 2320 non
1420 2262 1527 2320 sentire
1541 2262 1636 2319 ildeli.

984 2365 1054 2417 cum
1072 2358 1144 2413 loret
1157 2356 1187 2410 in
1204 2354 1283 2428 liguo
1298 2353 1450 2426 suspirans
1464 2355 1550 2410 corde
1562 2352 1708 2425 benigno,

985 2448 1032 2504 Sic
1045 2446 1104 2503 ait:
1120 2443 1142 2503 Ο
1157 2442 1282 2517 gentea⁶⁸
1303 2444 1410 2500 mentis
1427 2444 1537 2499 ratione
1549 2446 1703 2511 carentes,

986 2537 1115 2596 biirsnes
1129 2538 1158 2590 et
1171 2534 1260 2601 bruti,
1276 2543 1400 2589 mortem
1415 2531 1438 2568 ⁶¹
1454 2549 1510 2588 nou
1527 2547 1620 2603 usque
1637 2532 1754 2598 secuti,

985 2628 1052 2685 lam
1070 2626 1155 2681 modo
1170 2639 1335 2695 suspensus
1349 2639 1419 2695 rogo
1434 2637 1485 2679 vos
1500 2624 1686 2695 suspendere
1695 2636 1821 2692 sensus,

987 2720 1011 2776 lt
1026 2717 1125 2774 studio
1139 2713 1201 2784 leli,
1219 2712 1299 2769 nullo
1316 2715 1409 2781 magis
1424 2713 1531 2770 exitiali
1545 2733 1553 2783 ς

988 2806 1113 2865 Cernitis
1127 2811 1291 2872 extensum,
1307 2804 1358 2860 sed
1374 2804 1409 2859 ad
1427 2803 1481 2860 hoc
1498 2801 1660 2859 convertite
1675 2816 1805 2859 sensum

988 2899 1046 2952 Cur
1060 2912 1113 2969 ego
1124 2893 1265 2966 suspendi
1284 2898 1411 2967 paterer,
1426 2908 1480 2948 cur
1494 2894 1626 2964 undique
1639 2891 1754 2947 tendit

992 2986 1051 3044 Cur
1064 3001 1115 3043 vos
1131 2987 1280 3057 pretores,
1293 2999 1346 3039 cur
1359 2981 1534 3055 dedignarer
1545 2979 1701 3038 honoresl

993 3076 1053 3134 Cur
1068 3090 1196 3131 morerer
1210 3073 1313 3146 gratis,
1328 3074 1404 3145 quod
1419 3089 1469 3130 vos
1484 3071 1601 3129 omnino
1617 3070 1749 3144 negatis,

992 3166 1121 3223 Simena
1136 3164 1182 3220 bic
1197 3161 1296 3218 cultus
1312 3161 1424 3218 noviter
1438 3178 1496 3219 nou
1511 3167 1590 3218 esset
1605 3162 1746 3229 adultus,

993 3254 1051 3312 Neo
1066 3254 1141 3311 iuret
1155 3252 1203 3309 bio
1217 3257 1326 3321 certus,
1342 3266 1395 3308 uso
1411 3250 1525 3323 legibus
1540 3260 1604 3307 aule
1618 3251 1785 3323 repertus?

995 3346 1062 3412 Qua
1076 3343 1122 3400 lex
1132 3344 1200 3413 jure
1214 3341 1299 3399 docet
1312 3341 1421 3397 vitulos
1435 3346 1469 3397 ut
1483 3340 1606 3413 quilibet
1618 3337 1645 3375 ⁶⁸
1660 3340 1754 3398 oreti

996 3431 1174 3493 Numinibus
1186 3429 1286 3487 multis
1301 3447 1366 3503 qua
1381 3447 1458 3503 spes.
1476 3447 1538 3502 qua
1549 3446 1637 3485 causa
1653 3428 1791 3488 salutis?

998 3521 1081 3595 Cogit
1095 3519 1132 3576 ad
1149 3522 1201 3574 boc
1217 3523 1330 3575 mentes
1346 3536 1397 3592 per
1411 3535 1441 3576 ss
1452 3520 1562 3591 majora
1577 3523 1727 3592 potentes.

999 3611 1081 3678 Quod
1097 3608 1233 3666 manibus
1249 3606 1359 3679 sculpis
1373 3625 1451 3664 nuuc
1463 3614 1507 3664 est
1521 3607 1706 3680 leo,vespere
1719 3608 1827 3682 vulpis.

1000 3702 1071 3759 Cras
1086 3699 1184 3765 bomo,
1202 3698 1292 3753 tunde
1306 3703 1412 3771 quater
1436 3698 1577 3755 formatur
1589 3696 1739 3755 Cerberus
1755 3704 1830 3763 ater,

1001 3789 1251 3861 Transpoeltoque
1267 3786 1338 3853 luto,
1356 3803 1422 3842 mox
1436 3796 1478 3842 est
1493 3787 1522 3842 iu
1534 3786 1663 3858 imagine
1677 3785 1779 3844 Pluto.

1003 3878 1204 3949 Multiplicans
1219 3882 1324 3944 artem,
1341 3892 1442 3931 cernes
1457 3875 1496 3931 ibi
1512 3892 1631 3951 surgere
1647 3875 1789 3934 Martem.

1004 3967 1080 4036 Quid
1095 3966 1173 4023 Deus
1187 3965 1315 4038 inquire,
1332 3966 1402 4038 quia
1418 3981 1525 4037 magna
1541 3964 1666 4021 scientia
1681 3966 1763 4023 scire

1004 4057 1075 4122 Quis
1090 4056 1166 4112 Deus
1177 4055 1293 4121 existat,
1309 4054 1354 4111 vel
1370 4055 1436 4127 quis
1452 4054 1531 4110 lleus
1545 4069 1610 4110 ease
1625 4055 1761 4113 resistat.

1004 4148 1033 4202 si
1049 4162 1096 4203 res
1111 4145 1220 4213 auaris,
1242 4147 1270 4199 et
1285 4143 1322 4200 ad
1338 4160 1580 4216 unamquamque
1596 4143 1743 4215 loquaris,

1006 4237 1094 4292 Sacra
1106 4241 1207 4290 vocata
1222 4232 1306 4288 licet:
1323 4233 1386 4289 Nou
1403 4250 1470 4289 sum
1485 4239 1572 4299 Deus,
1589 4233 1650 4290 baeo
1665 4234 1724 4290 tibi
1736 4233 1836 4303 dicet3

1008 4327 1038 4383 si
1055 4323 1225 4390 terethiae
1243 4328 1368 4393 constat,
1384 4322 1455 4397 qnia
1478 4323 1554 4398 quod
1569 4323 1708 4380 Deusest
1723 4325 1765 4380 ibi
1779 4341 1836 4382 nou

1718 4412 1801 4488 [stat.

1007 4504 1035 4559 Si
1052 4503 1126 4560 satis
1140 4505 1187 4558 est
1201 4501 1325 4569 clarum,
1342 4501 1423 4559 nulla
1438 4503 1509 4558 latet
1523 4503 1576 4558 boo
1591 4502 1766 4559 animarum

1006 4594 1036 4650 Si
1055 4597 1128 4649 Deus
1144 4592 1199 4648 hoo
1213 4595 1302 4658 esset,
1315 4608 1466 4664 uunquam
1482 4591 1537 4648 sibi
1555 4608 1652 4648 sermo
1667 4592 1800 4652 deesset.

1007 4683 1108 4739 Sermo
1134 4681 1223 4751 deest,
1253 4686 1369 4737 constat
1384 4682 1454 4754 quia
1473 4682 1547 4753 quod
1565 4680 1645 4738 Deus
1659 4682 1765 4751 sst,ibi
1781 4699 1839 4740 non

1722 4775 1803 4845 [stat.

1007 4860 1147 4932 Nunquid
1163 4864 1359 4933 opportunum
1370 4860 1448 4934 quod
1464 4877 1527 4917 sese
1541 4858 1655 4917 dividat
1670 4864 1796 4922 unum?

1007 4951 1126 5022 Semper
1138 4956 1167 5006 et
1183 4949 1335 5022 bucusque
1350 4950 1406 5006 luit
1426 4966 1519 5006 uuum
1535 4966 1644 5022 sermo,
1662 4957 1823 5027 Deosqus;

1007 5039 1065 5096 Nec
1082 5039 1180 5096 minus
1196 5056 1325 5113 apponas
1348 5041 1424 5112 quod
1437 5040 1501 5111 jam
1514 5043 1704 5099 transcendat
1720 5043 1840 5103 AEonas.

1009 5128 1063 5194 Oui
1078 5130 1133 5186 tibi
1150 5129 1189 5186 nil
1206 5130 1312 5196 demet,
1330 5130 1415 5187 debet
1426 5130 1480 5186 tibi
1496 5134 1611 5187 demere
1625 5138 1737 5190 semet.

1009 5217 1057 5275 Sic
1072 5218 1149 5276 Deus
1163 5217 1187 5256 ⁸⁹
1201 5223 1338 5287 aternus,
1351 5219 1424 5277 iacis
1436 5218 1578 5293 vultuque
1594 5236 1731 5291 ssrenus,

132 5529 146 5571 r
168 5443 194 5482 ⁶⁴
222 5443 303 5572 Tg,
332 5457 436 5512 speras.
452 5438 477 5476 ⁰⁸
501 5439 582 5503 Tur..
606 5454 668 5496 cam
695 5443 821 5501 sarciret.
843 5440 867 5478 ‘¹
879 5442 960 5509 Tur,
987 5441 1139 5500 bominum.
1156 5441 1179 5480 ⁸⁷
1200 5443 1283 5514 lun,
1312 5442 1463 5519 imasque.
1478 5443 1501 5482 ⁶⁸
1516 5445 1640 5515 Turum,
1656 5456 1728 5507 ucat.
1745 5451 1772 5489 ⁸⁸
1785 5450 1842 5512 'lu-

147 5531 239 5589 on.,p
285 5530 361 5571 maa.
