3802 6030
64 258 140 318 1729

63 397 96 447 ut
116 391 212 446 medio
229 391 326 462 laquei
342 391 383 445 sio
402 389 545 444 inseritur
558 393 644 461 caput
658 389 737 462 egui,

104 480 141 536 Ut
162 480 300 535 baculum
318 482 431 534 moreat
448 477 498 549 qui
515 477 746 550 caputarripiat.

70 570 153 624 Tunc
170 568 231 623 abit
245 569 346 641 opilio,
363 567 451 640 lupus
466 565 618 638 ingenium
635 567 705 638 petit
720 566 804 634 illud,

102 658 137 713 Et
154 658 228 729 repit
245 657 385 730 agninum
400 656 536 729 protinus
552 671 600 711 ore
615 659 713 727 caput.

63 750 119 806 Sed
138 749 242 804 baculo
260 755 349 817 mole,
366 749 489 820 laqueus
506 746 579 817 ligat
594 745 673 801 illico
687 744 809 816 collum,

101 841 194 909 Atque
210 838 289 909 rigor
306 854 430 910 quercus
445 835 523 891 tollit
539 836 570 891 iu
585 834 642 890 alta
657 833 771 906 lupum.

65 927 101 985 Ut
116 928 195 982 videt
209 927 299 998 opilio
316 935 432 996 captum
450 925 577 998 pendere
592 924 749 993 latronem,

104 1016 192 1071 Mittit
207 1014 277 1070 illuc
291 1015 414 1086 lapides,
431 1013 618 1070 accelerando
635 1028 747 1068 necem.

64 1103 194 1159 Vulnera
210 1103 290 1159 mille
306 1103 387 1171 iacit,
403 1102 489 1174 lupus
504 1107 536 1158 ut
552 1107 652 1175 pereat
665 1101 833 1174 lapidatus;

101 1194 155 1247 Sed
173 1193 274 1264 nequit
293 1191 398 1264 expelli
416 1192 539 1265 spiritus
560 1190 608 1247 illc
625 1190 731 1247 malus.

68 1281 104 1337 Ut
120 1282 214 1354 magis
229 1283 305 1337 bunc
320 1281 429 1337 cruciet
442 1281 562 1337 tandem
581 1279 702 1353 deponit
717 1279 753 1335 ab
770 1278 838 1348 alto,

104 1378 122 1423 e
130 1377 199 1442 tque
213 1368 313 1426 levans
330 1371 450 1438 fustem,
466 1369 589 1442 protulit
604 1370 663 1425 ista
678 1368 768 1442 lupo:

66 1459 112 1516 Nil
128 1460 240 1515 faciunt
252 1460 377 1533 lapides,
394 1459 620 1531 cerebrumjam
632 1459 708 1515 lusto
725 1457 858 1526 relidam,
903 1454 906 1461 ‘

106 1553 198 1620 atque
219 1549 293 1605 meis
310 1550 395 1622 agnis
410 1547 530 1604 interius
546 1546 661 1605 leolam.

66 1639 133 1695 Mox
149 1639 237 1711 lupus
252 1639 418 1699 exclamat:
435 1638 581 1706 Miserere,
598 1636 732 1709 piissime
748 1641 857 1709 pastor,

103 1727 138 1782 Et
153 1726 203 1783 tibi
221 1743 284 1798 quae
297 1727 420 1782 relerem
437 1725 551 1799 percipe
565 1742 658 1798 pauca
674 1741 785 1798 precor.

70 1818 99 1872 si
114 1816 187 1872 mihi
204 1817 343 1888 dignatus
358 1815 450 1872 fueris
465 1815 624 1871 concedere
639 1815 739 1886 vitam,

106 1904 212 1960 Omnia
227 1921 290 1975 qua
304 1905 388 1977 rapui
399 1904 539 1976 centupla
552 1906 715 1960 restituam.

71 1993 125 2048 Sed
142 1993 213 2049 nibil
228 1993 277 2050 hic
293 1994 405 2062 habe03
422 1993 509 2050 sime
525 1993 661 2066 partiaris
680 1991 770 2061 abire,

107 2081 147 2138 Nc
165 2083 218 2139 tibi
234 2083 290 2139 sim
307 2083 406 2153 fallax,
422 2083 493 2139 utile
510 2083 617 2155 pignus
631 2082 716 2138 habe.

70 2170 695 2244 Congruusobseseritlupulusmeus,huuc
706 2169 758 2226 tibi
769 2171 895 2242 tradam,

112 2258 148 2316 Ut
162 2260 294 2316 veniente
309 2260 372 2316 dies
389 2277 476 2332 quem
494 2260 608 2317 dederis
624 2259 751 2316 redeam.

74 2347 111 2405 Ut
121 2349 235 2406 redeam
246 2366 398 2423 nunquam
409 2348 564 2405 minimum
575 2350 715 2404 damnum
728 2347 780 2404 tibi
790 2353 895 2420 gestat,

108 2437 162 2492 Pro
178 2453 246 2494 seue
262 2438 393 2495 conlecto
409 2439 431 2494 si
444 2437 561 2509 iuvenis
576 2442 686 2510 pereat.

68 2525 123 2582 llle
138 2542 241 2582 nocere
257 2531 363 2598 potest,
379 2543 431 2601 ege
446 2543 498 2584 neo
513 2527 637 2583 vivendo
653 2527 772 2597 nocebo,

106 2620 141 2671 Et
156 2615 207 2672 tibi
223 2617 248 2672 si
264 2634 360 2689 pereo,
377 2618 530 2673 commoda
550 2615 632 2673 nulla
647 2617 733 2674 dabo.

70 2706 153 2764 Tolle
165 2725 259 2765 meam
278 2709 393 2782 pellem,
408 2709 460 2766 tibi
478 2726 534 2765 oon
549 2709 605 2765 erit
619 2714 687 2782 apta
702 2709 857 2765 cothurno.

107 2797 188 2854 Tolle
204 2814 299 2854 meam
316 2814 446 2866 carnem,
460 2815 517 2855 non
534 2798 587 2855 erit
602 2804 670 2870 epta
685 2798 760 2856 cibe.

71 2886 175 2945 Nescio
190 2904 242 2944 eur
256 2888 396 2944 miserum
417 2904 523 2961 corpus
539 2889 707 2961 dispergere
721 2888 838 2962 queris,

106 2978 177 3032 Cum
195 2976 247 3032 tibi
264 2978 414 3032 deneutra
428 2983 510 3049 parte
530 2980 570 3034 sit
586 2978 708 3034 utilitas.

72 3063 109 3120 Ut
125 3065 249 3121 breviter
265 3082 392 3135 narrem,
414 3067 589 3138 quantocius
605 3067 707 3123 obside
722 3069 851 3139 sumpto,

112 3157 165 3209 Dat
180 3170 309 3210 remeare
325 3153 428 3226 lupum
444 3154 581 3212 credulus
597 3154 698 3233 opilio,

69 3241 121 3298 llle
138 3260 243 3315 parans
259 3249 351 3299 artem
366 3260 425 3315 qua
438 3243 550 3300 lalleret
565 3243 735 3316 opilionem,

110 3337 182 3387 Dum
199 3338 318 3401 remeat,
337 3332 514 3389 monachum
532 3334 639 3407 reperit
653 3337 682 3388 et
701 3331 854 3390 famulum.

69 3420 106 3475 iti
128 3422 220 3490 Pater,
246 3421 352 3494 inquit,
370 3439 430 3491 eve,
446 3438 482 3478 ne
498 3423 615 3495 despice
630 3423 717 3479 verba
739 3420 894 3494 preconiis,

109 3510 167 3568 Nec
180 3510 249 3583 quia
265 3512 391 3581 peceavi,
410 3527 456 3566 me
472 3512 627 3583 reprobare
641 3510 724 3566 velis.

68 3599 190 3656 Paenitet
204 3599 323 3671 erroris,
341 3601 416 3657 bonu
434 3600 536 3656 mundi
553 3617 669 3657 sumere
686 3601 771 3657 taedet

111 3690 330 3761 lnnucuumque
345 3707 433 3761 pecus
449 3706 494 3746 rue
506 3688 658 3761 jugulasse
673 3690 774 3762 pudet.

70 3776 197 3849 iugibus
212 3777 356 3833 illecebris
372 3776 412 3833 nil
431 3778 547 3849 prodest
564 3779 697 3835 membra
717 3778 824 3846 lovere,

108 3865 137 3920 Si
152 3865 189 3919 sit
206 3864 340 3920 habenda
356 3865 428 3921 mibi
445 3866 526 3922 nulla
542 3865 623 3922 salus
638 3867 739 3924 venire.

73 3958 194 4010 Percote
210 3969 256 4007 ma
271 3954 361 4023 virga,
379 3953 421 4009 vel
439 3955 543 4023 quovis
560 3956 648 4011 tunde
665 3955 796 4028 ssagcllo;

112 4043 190 4096 ilaue
206 4041 335 4096 enimam
350 4047 476 4108 tentum,
490 4043 533 4098 vir
547 4045 602 4115 pie,
617 4044 704 4099 redde
721 4044 788 4099 Deo.

73 4129 225 4184 Caesariem
239 4130 378 4200 tundens,
395 4129 496 4199 latam,
513 4149 595 4204 rogo,
613 4132 846 4198 redemtorem,

108 4224 140 4273 et
156 4217 228 4273 mihi
244 4220 366 4274 eierare
383 4219 420 4274 de
437 4220 572 4275 monachi
589 4221 730 4277 tunicam.

69 4307 144 4363 Neve
161 4313 245 4378 putes
263 4307 373 4363 trustra
393 4312 505 4364 tantum
523 4310 652 4381 perferre
664 4309 806 4379 laborem,

111 4397 183 4450 llum
200 4396 271 4452 mihi
288 4416 346 4453 nen
363 4399 431 4454 data
445 4399 493 4463 sit,
509 4400 546 4454 do
563 4399 613 4454 tibi
631 4415 740 4456 munus
753 4416 846 4456 ovem.

749 251 925 311 CAlllller
949 250 1082 310 vente.

903 393 930 458 Α
981 384 1034 448 Oui
1051 386 1196 457 pecudum
1209 391 1318 459 raptor,
1335 392 1435 460 raptus
1451 406 1516 446 cras
1531 389 1645 464 laque-o.

944 473 995 528 llle
1012 479 1101 546 caput
1116 474 1247 545 flectens,
1263 485 1420 548 postquam
1438 479 1590 536 benedicite
1604 481 1688 550 dixit,

980 567 1038 621 Ora
1053 568 1153 639 rigans
1168 568 1317 642 lacrymis,
1333 569 1405 626 talia
1423 571 1511 626 verbe
1527 573 1623 627 dedit:

944 654 1125 714 Vulneribus
1140 656 1269 733 lapidum
1288 659 1361 715 mihi
1377 677 1438 731 qua
1455 661 1578 717 dederes
1593 666 1768 737 maceratus,
1873 720 1896 739 ι,

982 744 1082 816 Nuper
1095 761 1174 802 erum
1190 746 1344 819 languens,
1362 750 1456 804 adluit
1470 754 1498 806 ct
1518 751 1660 808 medicus.

945 831 996 888 lllc
1014 850 1149 904 premens
1164 853 1278 908 venam,
1297 838 1413 909 pulsum
1436 839 1511 896 male
1535 856 1650 897 currere
1666 841 1769 914 sensit,

982 925 1015 975 Et
1030 922 1120 979 mibi:
1137 923 1200 981 Non
1215 926 1304 995 vives,
1322 929 1373 983 sed
1395 929 1539 999 morieris,
1555 931 1606 987 ait.

946 1009 1060 1065 Interea
1076 1013 1239 1068 monachus
1254 1015 1332 1071 venit
1347 1017 1398 1088 qui
1414 1018 1521 1075 viseret
1540 1035 1660 1092 agrum,

982 1098 1015 1153 Et
1030 1104 1130 1155 monet
1146 1106 1310 1159 uitandam
1326 1106 1483 1177 poeniteam
1500 1106 1660 1177 scelerum3

946 1186 1413 1266 Spemquedocetsenctam,quie
1425 1194 1524 1252 nullus
1539 1197 1769 1268 perditusesaet,
1863 1186 1875 1265 ς’
1891 1273 1895 1281 Ι

982 1275 1033 1330 Cui
1052 1277 1126 1332 mala
1141 1281 1200 1335 vila
1217 1280 1279 1349 luit,
1296 1282 1320 1337 si
1337 1284 1413 1339 bona
1429 1301 1508 1340 mors
1525 1285 1616 1340 fieret.

947 1363 1077 1438 Denique
1089 1370 1236 1438 persuasit
1248 1370 1365 1442 penitus
1381 1378 1565 1429 contemnere
1580 1376 1734 1446 mundum,

983 1456 1016 1506 Et
1032 1454 1103 1511 mibi
1117 1456 1159 1512 aio
1177 1474 1241 1514 reso
1257 1461 1377 1516 tradidit
1392 1462 1470 1518 hunc
1486 1461 1630 1518 habitum.

947 1539 984 1595 Ut
998 1545 1110 1598 veteres
1128 1561 1223 1602 mores
1243 1547 1439 1621 alimentaque
1455 1551 1552 1622 prisca
1568 1550 1682 1623 reliqui,

985 1630 1038 1694 Qui
1056 1632 1167 1687 luerem
1197 1633 1353 1707 languens,
1368 1638 1447 1694 illico
1463 1640 1609 1696 convalui.

948 1717 1031 1774 Nunc
1047 1719 1116 1790 quia
1135 1721 1258 1780 debebat
1271 1741 1354 1780 meus
1370 1726 1456 1783 obses
1473 1729 1592 1800 perdere
1607 1728 1710 1801 vitem,

987 1807 1028 1866 Ne
1044 1814 1143 1881 pereat
1159 1815 1257 1881 natus,
1274 1830 1380 1885 ponere
1397 1833 1495 1889 quaro
1511 1835 1617 1874 meam.

950 1897 1012 1952 Huc
1028 1898 1154 1968 rediens,
1171 1901 1248 1957 sicut
1264 1918 1310 1959 mc
1325 1907 1461 1977 proposui
1478 1907 1651 1964 rediturum.

986 1987 1068 2053 Quod
1086 1988 1139 2044 tibi
1159 1992 1325 2062 restituam,
1345 1994 1386 2049 nil
1408 1994 1501 2052 habeo
1521 1996 1684 2069 proprium.

949 2074 1059 2132 Fallere
1074 2074 1139 2133 nolo
1157 2079 1253 2150 sidem,
1270 2080 1294 2137 si
1314 2082 1358 2140 vis
1375 2084 1444 2140 mihi
1460 2101 1587 2156 parcere,
1604 2101 1700 2159 perce.

987 2165 1015 2220 si
1032 2167 1127 2238 placet
1145 2172 1176 2222 ut
1191 2186 1319 2241 peream,
1337 2189 1383 2228 me
1398 2173 1484 2230 citius
1500 2175 1620 2246 perime.

950 2254 1016 2309 Haec
1032 2272 1107 2325 mea,
1128 2263 1237 2330 pastor,
1254 2261 1306 2332 ait,
1323 2266 1351 2318 te
1367 2262 1452 2319 ledet
1468 2265 1586 2321 dextera
1601 2280 1773 2336 nunquum3

986 2344 1043 2399 Sed
1059 2347 1198 2416 quoniam
1215 2347 1300 2420 laesit,
1317 2351 1445 2422 postule,
1461 2353 1639 2410 deveniam.

950 2432 1123 2490 loterimcns
1137 2437 1327 2507 monaahum,
1341 2440 1440 2497 llerem
1456 2441 1564 2514 duplex
1582 2440 1738 2499 homicida.

987 2523 1081 2579 Obses
1094 2527 1149 2582 erit
1166 2525 1250 2597 liber,
1266 2534 1357 2602 tuque
1372 2533 1491 2588 domum
1508 2550 1615 2589 remea.

949 2612 1030 2668 Tune
1046 2620 1178 2671 remeent
1193 2616 1311 2687 hilares,
1323 2621 1436 2693 tutique
1452 2627 1603 2678 morantur
1613 2621 1641 2677 in
1655 2636 1736 2693 egro,

984 2707 1056 2757 cum
1073 2702 1161 2776 lupus
1176 2707 1309 2764 esuriens
1329 2709 1429 2765 retulit
1450 2708 1511 2766 hac
1525 2709 1648 2782 lupulo:

949 2793 1038 2847 Crede
1056 2792 1138 2861 mihi,
1155 2794 1207 2864 tili,
1225 2795 1313 2854 nimia
1328 2803 1375 2855 est
1389 2815 1455 2854 caro
1471 2798 1568 2855 dulcis
1583 2799 1679 2870 ovina,

986 2881 1017 2935 Et
1032 2880 1115 2938 cibus
1135 2900 1220 2956 asper
1235 2886 1289 2941 erit
1300 2903 1402 2943 caseus
1418 2897 1505 2959 etque
1516 2888 1593 2946 laba.

949 2966 1010 3024 Nan
1027 2984 1102 3026 onus
1118 2987 1267 3028 assumam
1283 2975 1360 3044 qued
1377 2991 1435 3031 uon
1451 2976 1563 3048 possim
1584 2977 1718 3033 tolerare.

985 3055 1071 3126 Dixit,
1086 3063 1115 3113 et
1130 3065 1161 3115 ut
1176 3061 1287 3116 dudum
1303 3063 1391 3134 coepit
1405 3080 1472 3120 oves
1488 3081 1600 3136 rapere.

909 3125 930 3191 C
950 3144 1003 3200 Sed
1026 3147 1111 3202 breve
1127 3153 1191 3217 post
1206 3154 1323 3224 tempus
1342 3153 1415 3208 dum
1431 3162 1530 3225 raptor
1543 3153 1672 3210 vescitur
1686 3170 1774 3226 egeo,

984 3233 1097 3306 Aspicit
1112 3235 1201 3304 huuc,
1217 3240 1245 3295 el
1264 3240 1306 3296 sie
1322 3240 1419 3312 arguit
1434 3243 1545 3314 opilio;

949 3324 1045 3380 Sanus
1060 3341 1091 3380 es
1106 3331 1135 3382 et
1147 3329 1319 3398 monachus,
1337 3347 1395 3386 uon
1412 3332 1502 3387 debes
1517 3348 1604 3389 carne
1618 3333 1729 3404 cibari3

984 3412 1047 3468 Non
1067 3417 1106 3470 ila
1120 3422 1223 3474 saneta
1234 3418 1321 3489 jubet
1335 3419 1437 3492 regula
1448 3421 1559 3478 Basilii.

949 3503 1020 3558 inda
1036 3501 1141 3575 lupus:
1157 3510 1220 3563 Non
1236 3514 1280 3563 est
1295 3508 1429 3580 simplex,
1446 3511 1496 3579 ait,
1516 3510 1588 3567 ordo
1608 3511 1773 3581 bonorum
1864 3512 1869 3521 '

986 3596 1020 3648 lit
1035 3595 1122 3650 modo
1136 3613 1203 3652 sum
1226 3599 1399 3666 monachus,
1416 3601 1576 3658 eanonicus
1592 3602 1678 3658 modo
1692 3618 1772 3659 sum.

951 3681 985 3738 [ll
1000 3682 1042 3738 sic
1058 3684 1086 3739 in
1101 3685 1183 3741 silvis
1198 3684 1286 3758 lupus
1301 3688 1354 3745 ivit
1368 3691 1560 3747 subsiliendo.

986 3770 1023 3827 Sc
1038 3774 1113 3829 male
1130 3774 1267 3832 delusum
1284 3779 1429 3850 comperit
1442 3779 1541 3851 upilio.

1034 3870 1110 3927 XLt.
1124 3873 1161 3928 lle
1174 3875 1275 3930 aretine
1290 3879 1443 3934 encaustica
1458 3884 1483 3934 et
1498 3879 1690 3936 eeclesiastico.

1041 3971 1074 4042 (Β
1090 3988 1145 4028 ms.
1161 3973 1191 4029 S.
1209 3974 1323 4030 Gatien.
1343 3975 1453 4032 Turon.
1469 3977 1533 4033 Non
1550 3977 1686 4043 editum.)

951 4061 1028 4118 Ordo
1049 4063 1228 4119 monasticus
1248 4063 1466 4120 ecclesiasticus
1482 4081 1546 4121 esse
1562 4064 1686 4131 solebat,

952 4154 1029 4208 Dura
1045 4152 1152 4208 cibaria
1167 4169 1234 4208 eum
1249 4169 1301 4225 per
1315 4155 1442 4226 agrestia
1457 4171 1526 4210 rura
1545 4152 1667 4209 colebat.

951 4241 1039 4297 Nulla
1055 4240 1189 4312 pecunia,
1206 4240 1289 4297 nulla
1309 4243 1425 4314 negotia
1441 4241 1666 4315 prepediebant.

952 4330 1024 4386 Tam
1038 4329 1186 4399 capitalia,
1202 4347 1291 4400 quam
1307 4329 1432 4386 venialia
1448 4335 1549 4386 nostra
1565 4330 1692 4402 piabant.

953 4421 996 4475 ed
1012 4416 1150 4489 capitalia
1166 4425 1231 4489 pust
1246 4418 1369 4474 verrialia
1380 4421 1487 4476 damna
1503 4418 1649 4487 redactus,

72 4486 102 4542 Sl
117 4485 170 4539 ilbi
187 4503 244 4542 ⁰0¹¹
260 4487 394 4558 Plflcssssssl
419 4488 487 4544 dall
503 4488 611 4545 s0l⁰¹¹¹t¹
625 4488 722 4544 will*
738 4487 841 4556 ⁰llflae2
915 4490 937 4555 D
953 4507 1029 4563 Ordo
1046 4506 1227 4562 monasticus
1242 4507 1458 4564 ecclesiasticus
1473 4512 1519 4564 est
1534 4507 1685 4576 violenter,

108 4579 150 4627 Da
166 4573 275 4629 lamule
295 4591 424 4642 carnem,
441 4583 470 4631 tu
488 4577 540 4633 tibi
555 4576 648 4633 vellus
660 4577 744 4633 habe.

73 4666 110 4718 Ut
130 4662 232 4734 repicit
247 4665 409 4720 monachas
425 4665 513 4722 nimis
527 4666 704 4740 acceptabile
720 4667 843 4738 donum,

108 4750 269 4806 Furfieibus
284 4752 422 4823 sumptis,
438 4752 515 4808 illico
532 4755 632 4810 tondet
646 4770 734 4823 eum;

71 4838 165 4908 Atque
182 4848 266 4905 ceput
283 4839 398 4904 radens,
415 4844 524 4895 tantam
544 4843 642 4897 studet
666 4859 730 4898 osse
745 4858 896 4916 corenam,

107 4925 143 4981 Ut
157 4927 196 4981 sit
211 4927 247 4982 ab
263 4929 394 4984 auricula
410 4928 503 4984 circus
519 4929 555 4984 ed
571 4929 756 4987 auriculam:

69 5015 103 5070 Ει
118 5016 202 5070 docet
217 5015 340 5073 ulterius
354 5016 451 5088 qrralis
468 5018 541 5073 leret
555 5017 625 5074 ordo
642 5022 797 5078 tenendus.

109 5108 213 5163 1⁰29
229 5108 298 5164 ledo
313 5111 492 5167 cucullatum
509 5111 638 5183 praecipit
652 5113 694 5168 ire
710 5113 824 5186 lupum.

79 5197 202 5251 Venerat
219 5196 266 5251 ille
279 5199 339 5254 dies
353 5216 411 5272 quo
427 5199 508 5255 reddi
524 5200 625 5255 debuit
640 5201 735 5271 obses,

111 5287 172 5350 Quo
187 5286 275 5357 lupus
289 5292 321 5343 ut
335 5289 434 5344 redeat
450 5287 597 5359 pollicitus
613 5290 716 5345 luerat.

72 5376 154 5430 'lunc
176 5379 250 5432 redit
269 5394 276 5434 ε
293 5384 322 5434 at
341 5384 440 5450 pastor
455 5396 629 5453 cognoscere
644 5381 690 5436 vix
704 5382 779 5466 vul—et
794 5382 895 5462 illum;

107 5464 179 5521 Nem
198 5467 281 5522 inodo
299 5468 393 5524 luleus
409 5474 471 5525 erat
490 5486 576 5541 rpuem
593 5469 672 5525 videt
686 5486 751 5527 csse
766 5474 895 5550 nigrum.

73 5552 174 5619 Qualis
189 5572 265 5628 aras,
283 5557 403 5629 inquit‘.l
420 5558 508 5615 nimis
527 5574 559 5615 es
575 5561 707 5615 mutatus
723 5560 758 5618 eb
773 5562 823 5623 illo

952 4597 982 4653 Si
997 4595 1114 4651 ritualia
1129 4601 1278 4668 comparat
1293 4597 1391 4653 omnio
1412 4598 1489 4653 dona
1506 4602 1648 4669 potenter.

950 4686 1027 4741 Ordo
1043 4684 1224 4741 monasticus
1237 4684 1453 4743 aeclesiasticus
1468 4687 1587 4743 estsine
1603 4687 1710 4746 fructu.

951 4776 1043 4829 latrat
1057 4774 1144 4829 ovilia
1158 4774 1285 4847 desuper
1303 4775 1386 4843 ostia,
1403 4791 1458 4830 uun
1475 4775 1540 4832 sine
1554 4774 1647 4834 luctu.

952 4863 1032 4919 Ordo
1048 4864 1230 4920 monasticus
1244 4863 1460 4921 ecclesiasticus
1475 4872 1521 4921 est
1534 4864 1597 4922 sine
1609 4882 1710 4924 sensu.

950 4951 1088 5008 AEstimat
1101 4951 1200 5007 omnia
1212 4952 1378 5025 spiritualia
1392 4952 1480 5010 divite
1496 4970 1597 5012 sensu.

951 5040 1028 5097 Ordo
1044 5039 1226 5096 monasticus
1242 5041 1456 5098 ecclesiasticus
1472 5043 1592 5101 estsine
1608 5060 1707 5104 eausa.

951 5129 1050 5185 Pulsat
1066 5130 1100 5184 ad
1115 5128 1190 5184 ostia
1202 5128 1367 5200 spiritualia
1376 5130 1438 5202 jam
1455 5132 1509 5187 sibi
1526 5132 1636 5189 clausa.

951 5218 1028 5274 Ordo
1055 5218 1233 5274 monasticus
1248 5220 1465 5278 ecclesiasticus
1482 5225 1559 5279 unde
1573 5229 1704 5293 vocatur,

951 5308 1072 5373 Quando
1091 5308 1242 5365 tenacibus
1258 5313 1346 5381 alque
1362 5312 1518 5384 rapacibus
1534 5309 1741 5370 assimilatur?

951 5397 1007 5453 Sed
1023 5396 1082 5452 duo
1097 5395 1222 5452 crimina
1238 5414 1289 5470 par
1307 5416 1361 5456 sua
1377 5402 1497 5458 nomina
1514 5403 1581 5458 nelo
1596 5407 1708 5469 notare,

951 5485 1018 5549 Qua
1039 5485 1195 5557 sapientia,
1214 5486 1258 5543 vel
1273 5491 1434 5546 reverentia
1451 5490 1544 5547 nescit
1559 5507 1667 5546 amare.

953 5573 1041 5646 Plaga
1056 5572 1211 5644 latentior;
1225 5574 1276 5632 ille
1290 5580 1441 5635 nocentior
1456 5578 1550 5635 hostis
1566 5578 1690 5634 babetur

1691 257 1769 320 rrae
1847 218 1884 319 'ss
