3802 6030
100 248 165 310 537-

502 246 717 310 subitonus
741 245 790 306 DE
811 239 1016 307 TEMPORE.
1041 243 1079 304 ΙΝ
1102 242 1223 306 COENA
1245 242 1403 309 DOMINI.

1745 247 1814 312 ott.

98 383 138 440 ita
152 382 296 439 discordia
312 386 342 440 et
356 384 462 450 odium,
478 384 552 454 quod
570 398 660 439 unum
683 390 724 438 est
740 381 852 436 dividit.
867 379 925 438 Va·
942 379 969 447 Α
985 379 1278 452 [εοιεμιειειο].ειεοῑι
1291 381 1483 439 inhaereres
1499 381 1681 450 consalutat
1695 384 1812 440 addila·

101 473 166 529 dete
179 473 374 542 ergo‚lratras,
391 489 426 528 na
449 488 593 529 renonum
614 473 765 529 discordie
792 472 870 529 m
884 472 927 526 in-

98 567 213 619 tervos
242 564 339 620 odium
368 571 492 635 generet,
521 567 600 619 etna
627 563 809 619 dilectionem
834 560 929 617 chari-

103 653 171 708 tatis
198 653 229 710 in
258 654 337 710 vohis
376 659 550 723 curri-mpat.
581 651 724 722 Respieite
762 658 846 722 capul
879 666 927 706 tte·

103 750 210 807 strum,
255 742 384 814 respicite
419 758 536 799 causam
574 741 780 811 redemptionis
818 744 925 795 vestre.

101 832 143 888 Ex
170 832 233 887 solu
256 832 333 888 enim
368 831 522 889 dilectione
553 831 670 887 suleavit
699 847 750 885 nos
786 829 926 898 Christus,

100 921 390 994 dieentanpostoto:
418 927 492 978 Deus
518 922 565 992 qui
594 920 672 976 diros
700 925 743 976 eal
771 921 800 976 in
817 919 926 976 miseri·

102 1013 213 1076 contra,
251 1019 365 1084 propter
404 1011 525 1066 nimiam
568 1010 748 1076 charitatem,
786 1026 840 1080 qua
882 1009 925 1064 di·

100 1100 171 1156 laxit
186 1115 251 1170 noa,
267 1108 293 1155 et
312 1115 378 1157 cum
393 1115 519 1156 essemus
547 1103 653 1157 mortni
678 1099 813 1174 peccatis,
827 1099 925 1156 conri-

100 1190 230 1245 ciliearit
243 1205 295 1244 nos
323 1189 354 1245 lu
378 1189 501 1255 Christo,
517 1190 599 1261 euJus·
619 1191 712 1263 gratia
737 1189 925 1245 salvatiestis.

102 1282 203 1348 ltaque
217 1294 282 1334 eum
300 1278 409 1334 inimici
426 1278 741 1344 esaemnspeaancrttati
758 1294 858 1334 sumus
870 1283 925 1334 Deo

100 1384 149 1439 per
166 1381 288 1423 mortem
304 1367 369 1424 Filii
385 1369 445 1437 ejus
458 1367 632 1439 (Ephesia-t,
646 1369 685 1439 5).
697 1389 712 1417 a
722 1367 858 1438 Mtjoram
871 1368 924 1424 hac

96 1458 283 1515 dilectionem
306 1474 390 1514 uento
420 1458 558 1525 habetet
588 1461 713 1515 animam
744 1475 822 1515 suum
841 1467 925 1528 ponat

982 468 1086 525 ationis
1101 469 1176 527 add
1194 472 1340 526 uinculum
1362 472 1522 528 exhortari:
1540 495 1554 524 a
1569 477 1629 540 Quo
1652 490 1704 543 ego
1723 474 1806 541 rado,

984 573 1040 613 non
1057 561 1173 629 potestis
1190 576 1236 616 ma
1249 564 1334 617 modo
1350 562 1442 632 sequi.
1466 561 1633 618 Mendaeum
1651 580 1754 621 norum
1770 565 1806 621 du
1871 584 1874 589 ·

982 649 1106 716 vobis,ut
1121 650 1247 722 diligatis
1272 651 1406 708 invicem.
1435 655 1468 708 in
1486 653 1539 709 hoc
1554 664 1725 724 cognoscent
1741 670 1805 711 om-

982 756 1031 796 nes
1047 741 1113 812 quia
1124 739 1256 811 discipuli
1272 742 1326 798 mel
1343 743 1446 811 estis‚si
1461 744 1645 800 dilectionem
1670 746 1803 802 habueri·

982 830 1018 884 tis
1034 834 1067 884 nd
1085 830 1206 887 invicem
1218 830 1308 901 libid„
1324 831 1439 903 33-35);
1456 854 1471 882 a
1496 849 1530 889 ae
1553 834 1576 889 si
1592 834 1695 890 dicarat
1714 851 1720 890 :
1740 836 1804 891 Dis·

981 935 1115 977 cessurus
1127 935 1189 976 sum
1204 937 1220 974 a
1236 921 1360 977 vobisad
1377 925 1625 993 campremaldo
1640 927 1673 980 art
1691 924 1802 983 Patrem
1862 968 1864 973 -

982 1009 1183 1074 meum,dunec
1198 1025 1324 1076 murum,
1340 1013 1389 1082 qui
1414 1020 1455 1069 eat
1471 1013 1544 1070 inter
1561 1013 1649 1069 Deum
1666 1019 1694 1070 at
1709 1014 1803 1072 homi·

981 1114 1058 1165 nem,
1074 1101 1194 1163 diruam,
1212 1114 1270 1154 non
1296 1101 1412 1170 potestis
1435 1101 1541 1157 reuira.
1571 1102 1646 1159 llario
1671 1103 1700 1158 in
1717 1103 1802 1161 aliam
1895 1134 1899 1141 ·

981 1187 1146 1258 regionem
1162 1190 1261 1245 desero
1275 1191 1309 1245 ad
1341 1204 1465 1260 presens
1489 1189 1627 1246 familiam
1657 1208 1760 1257 meam,
1776 1199 1804 1248 at

980 1277 1044 1335 ideo
1059 1294 1125 1349 rogo
1142 1295 1177 1334 ne
1190 1279 1290 1334 iterum
1307 1279 1384 1335 inter
1398 1296 1447 1337 vos
1461 1281 1499 1336 sit
1513 1279 1573 1336 ulla
1587 1279 1736 1339 dissensio.
1745 1281 1805 1339 Neo

980 1369 1073 1423 aolsrn
1090 1384 1167 1440 rogo,
1183 1369 1232 1423 sed
1261 1372 1347 1425 etiam
1378 1372 1543 1425 mandatum
1569 1369 1652 1438 tucio,
1679 1386 1714 1426 ne
1727 1368 1803 1427 ullus

979 1459 1081 1513 audent
1092 1457 1262 1528 transgredi,
1274 1463 1299 1514 el
1324 1475 1427 1514 norum
1445 1474 1523 1528 raico,
1539 1474 1577 1516 ue
1596 1458 1675 1515 rtrbls
1690 1460 1804 1518 inveta-

980 1547 1133 1611 rcseat‚sed
1150 1562 1260 1617 semper
1275 1548 1305 1603 in
1329 1547 1408 1603 rubis
1423 1557 1583 1604 teneretur.
1612 1548 1676 1605 ideo
1692 1548 1803 1618 spacie-

980 1630 1036 1689 lius
1052 1633 1105 1689 hoc
1117 1633 1283 1690 mandatum
1302 1635 1583 1705 robisimpono,qura
1598 1638 1628 1692 ia
1642 1637 1691 1692 ltoc
1704 1652 1804 1710 ropac·

99 1548 166 1620 quia
178 1547 546 1618 proamicissuis.christus
559 1556 653 1604 tamen
666 1549 802 1621 majorem
814 1548 924 1616 habuit,

98 1638 165 1711 quia
180 1645 222 1705 ,ut
237 1638 280 1693 ait
293 1638 446 1708 Apostolus·
460 1653 467 1693 ι
483 1659 497 1689 a
525 1640 595 1694 Cum
611 1637 706 1693 adhue
730 1637 810 1707 impii
827 1638 923 1710 [vulg.

96 1727 217 1800 infirma]
235 1742 372 1793 essemus,
390 1743 440 1797 pro
465 1727 561 1798 impiis
586 1736 714 1783 mortuus
728 1735 769 1783 est
784 1728 874 1798 (bom.
897 1745 925 1801 v,
941 1743 965 1809 B
979 1726 1055 1778 scant
1069 1737 1162 1778 cmrrer
1176 1725 1243 1795 quio
1270 1722 1401 1796 discipuli
1416 1726 1470 1780 mat
1494 1725 1570 1792 catir,
1583 1726 1608 1781 εἰ
1630 1725 1804 1784 dilectionem

96 1817 136 1888 6).
152 1839 167 1867 a
184 1821 264 1872 ilinc
291 1816 473 1873 dilectionem
495 1818 672 1876 ,nemoulius
696 1816 807 1883 hahuit,
830 1822 860 1872 ut
874 1833 926 1890 pro
979 1811 1182 1868 taraerrrasalt
1210 1812 1339 1870 inuicem.
1363 1814 1479 1871 Ceteras
1502 1819 1620 1872 virtutes
1643 1825 1700 1871 tum
1718 1815 1801 1872 honis

99 1905 227 1961 inimicia
237 1903 470 1961 moriatur.Unde
483 1905 653 1974 Apostolus:
670 1927 684 1956 a
702 1905 753 1962 l’ro
771 1904 844 1961 bouo
859 1907 925 1976 quia
979 1917 1061 1973 quam
1081 1902 1164 1958 malis
1194 1912 1310 1971 possunt
1331 1920 1393 1960 esse
1407 1920 1592 1976 commoneor
1608 1910 1656 1962 sed
1677 1921 1741 1963 rera
1755 1905 1801 1962 di·

99 1996 203 2052 audeat
219 1998 288 2050 mori
300 1994 339 2049 ‘i-
356 1993 439 2063 (lbtd.
455 1994 496 2066 7.)
980 1991 1062 2047 lectio
1087 1992 1159 2048 reris
1179 1994 1348 2049 Christianis
1375 1995 1444 2049 solis
1459 1995 1554 2051 dabira
1580 2003 1634 2055 eat.
1661 1995 1745 2052 Posui
1759 1994 1799 2050 si·

104 2150 107 2158 Ι
134 2084 295 2154 Antequam
321 2082 410 2151 igitur
441 2080 624 2137 dilectionem
650 2081 824 2152 predicaret,
853 2080 924 2137 dite·
977 2097 1066 2152 guum
1084 2084 1219 2138 meumin
1246 2084 1502 2153 eis‚quopossunt
1530 2084 1657 2143 discerni
1673 2084 1709 2140 ab
1724 2085 1798 2141 aliis.

99 2164 227 2233 ctionem
239 2172 372 2228 ostendit.
390 2170 500 2242 Stupius
514 2170 671 2240 discipulos
689 2170 723 2225 ad
740 2170 924 2227 dilectionem
979 2170 1009 2226 ln
1023 2171 1075 2227 ltoc
1089 2173 1172 2237 signo
1187 2178 1362 2240 cognoscent
1376 2174 1549 2245 ornnesquia
1566 2174 1636 2230 estis
1648 2172 1703 2229 mai
1713 2173 1801 2231 disci·

96 2262 272 2332 invitarit3in
283 2259 483 2316 ultimoautern
496 2259 814 2316 sermoncditectionem
825 2258 924 2317 inani·
977 2260 1047 2331 puli.
1064 2263 1155 2328 Quum
1169 2269 1264 2317 autem
1279 2261 1459 2320 dilectionem
1475 2264 1597 2320 debeant
1618 2263 1799 2333 habereque
1882 2258 1885 2262 ’

97 2348 925 2421 misdiseipulorumtirmans‚exemploetdictissominarit
977 2348 1110 2405 differant
1125 2366 1141 2404 a
1159 2351 1279 2417 ceteris,
1309 2353 1424 2421 exponit
1451 2353 1522 2422 ipse,
1550 2353 1619 2408 dum
1635 2353 1694 2408 ait:
1719 2351 1800 2408 Sicut

102 2430 136 2517 [l.
155 2441 314 2512 roboraritl.
346 2440 439 2512 lnquit
471 2440 546 2496 euim
571 2439 708 2506 loannes,
738 2441 811 2496 sieut
840 2441 924 2498 modo
976 2438 1209 2496 dilexiror.Nou
1234 2440 1424 2496 eamscilicat
1445 2456 1500 2509 qun
1523 2441 1656 2497 homines
1676 2440 1800 2511 diligunt
1883 2484 1886 2489 .

100 2531 250 2587 audivistis
266 2546 273 2585 :
289 2552 304 2580 ο
316 2531 391 2585 Ante
415 2530 490 2586 diem
516 2531 618 2585 l'estum
630 2531 755 2600 Pnsche,
767 2532 861 2587 sciens
875 2529 924 2586 le·
975 2527 1169 2602 iniquitatem.
1194 2529 1245 2585 Sed
1262 2531 1309 2601 qui
1332 2530 1424 2600 diligit
1439 2529 1630 2602 iniquitatem,
1661 2531 1720 2588 odit
1736 2529 1800 2587 ani-

98 2637 148 2677 sus
162 2620 229 2693 quia
243 2621 319 2677 veuit
337 2619 405 2676 hora
420 2620 482 2690 ejus
494 2628 522 2674 ut
546 2620 676 2676 transiret
693 2636 728 2676 ex
745 2621 797 2677 hoe
813 2622 923 2677 munde
976 2633 1051 2673 mam
1067 2634 1157 2675 suam.
1176 2619 1310 2676 llomines
1333 2620 1456 2690 diligunt
1483 2628 1598 2691 propter
1617 2620 1799 2692 iniquitatem

93 2715 272 2776 adPatrem‚
301 2725 365 2766 eum
393 2710 537 2765 dilexisset
566 2725 641 2776 suos,
671 2709 699 2765 in
721 2710 923 2767 unamcitextt
974 2723 1066 2778 auram,
1091 2708 1140 2764 aad
1167 2724 1224 2764 non
1252 2710 1374 2780 diligunt
1398 2710 1473 2765 sieut
1497 2709 1594 2765 dilexit
1624 2710 1709 2779 usus,
1731 2711 1800 2783 quia

91 2801 243 2872 euslloaa.
262 2815 324 2865 snt,
342 2798 379 2872 t).
400 2821 411 2848 a
436 2798 711 2855 Discessurnsenim
736 2800 922 2871 adisoipulia
977 2797 1248 2871 bausnonpropter
1277 2799 1427 2855 utilitatem
1457 2798 1796 2864 chananaeumque

91 2889 126 2946 ad
139 2892 319 2960 tempus-‚qni
335 2895 416 2944 erant
442 2890 471 2943 in
484 2888 607 2956 mundo,
625 2904 660 2943 ne
680 2888 870 2957 turbarentur,
887 2905 922 2946 ne
974 2896 1087 2958 propter
1115 2899 1249 2944 nostram.
1268 2889 1433 2957 Diligentius
1460 2896 1502 2945 est
1526 2891 1621 2960 itaqua
1643 2891 1753 2946 amicus
1768 2890 1798 2946 in

89 2978 127 3035 ab
144 2984 255 3034 unitate
270 2978 476 3044 lividarentur,
491 2981 519 3032 in
537 2977 594 3032 stne
610 2978 734 3033 ostendit
748 2980 790 3034 eir
804 2979 920 3046 signum
974 2980 1041 3040 Deo,
1057 2985 1083 3033 al
1098 2976 1238 3033 iuimicus
1254 2986 1368 3047 propter
1379 2978 1479 3045 Deum,
1505 2979 1556 3053 qui
1572 2979 1639 3034 virit
1655 2985 1682 3035 et
1699 2985 1800 3052 raguel

90 3068 208 3136 amoris,
227 3083 263 3124 ua
277 3083 343 3124 eum
357 3068 592 3140 derelinquerent
617 3081 700 3123 causa
716 3068 843 3125 terroris.
861 3071 919 3125 Im·
976 3064 1121 3122 insaecula
1135 3067 1313 3122 seculorum.
1332 3075 1434 3122 Amen.

93 3159 214 3215 mutarit
230 3166 256 3214 et
267 3157 424 3213 coerozavit
441 3156 498 3229 (75)
511 3172 560 3213 eos
575 3156 605 3211 in
620 3156 856 3222 couourtliam,na
870 3118 959 3215 cosC
1329 3154 1451 3211 XXXIX.

92 3248 273 3305 discinderet
287 3246 442 3303 discordia.
460 3248 531 3303 Eece
549 3248 662 3316 signum
678 3247 807 3304 amoris:
823 3270 837 3299 ο
853 3247 924 3305 Sur·
1119 3261 1148 3300 tn
1163 3261 1246 3302 coeta
1261 3259 1358 3301 coutet
1373 3261 1461 3303 seruo
1476 3261 1576 3302 sarnus
1592 3246 1661 3319 (76).

93 3341 355 3411 graecanam
394 3338 475 3406 ponit
501 3337 671 3392 vestimenta
711 3352 772 3404 sua,
802 3346 828 3394 et
854 3353 921 3394 eum
1015 3333 1512 3407 «Cumdilexissetdesussuosqni
1536 3337 1800 3407 arantiumundo,

93 3422 254 3500 accepisset
297 3425 430 3492 linteum,
457 3426 606 3496 precinxit
634 3443 681 3496 se;
711 3427 815 3484 deiude
840 3429 925 3486 mittit
980 3425 1581 3498 tiulrnemdileriteoslloon.tirell.»

98 3533 203 3588 aquam
221 3518 251 3573 in
268 3517 384 3588 pelvim,
411 3516 532 3585 etcoepit
548 3514 641 3572 lavore
665 3516 922 3586 pedcsdisoipulo·
1013 3515 1123 3586 Ambigi
1148 3525 1237 3587 potest
1270 3532 1340 3587 quos
1368 3525 1449 3574 rocat
1475 3518 1600 3574 loannes
1627 3517 1799 3585 evangelista

97 3624 164 3664 rum
182 3623 311 3674 suorum,
328 3614 353 3662 et
379 3612 523 3675 extergere
539 3605 626 3661 linteo
656 3621 711 3676 quo
725 3609 786 3662 arnt
807 3606 924 3677 praecin·
977 3619 1043 3660 suos
1057 3605 1171 3669 Christi,
1188 3620 1251 3660 cum
1268 3620 1337 3661 suus
1365 3609 1403 3663 ait
1416 3607 1494 3664 orbis
1518 3615 1666 3677 terrarum,
1692 3615 1718 3664 et
1735 3607 1800 3664 uni-

100 3709 164 3756 ctus
179 3696 362 3769 (rrto.‚a‚5).
379 3716 393 3746 >r
408 3698 497 3763 Quam
514 3694 719 3751 humanitatem
744 3711 808 3751 cnm
826 3693 924 3751 Petrus
977 3693 1112 3764 versiqui
1142 3693 1269 3751 habitant
1297 3696 1326 3750 in
1347 3711 1391 3752 eo.
1418 3696 1569 3753 Ceusuerit
1593 3705 1688 3754 tamen
1719 3712 1800 3754 sacra

98 3785 590 3859 expavescerct‚diritei:«Quod
620 3784 923 3852 reclamemus-cia
976 3784 1121 3855 Scriptura
1149 3798 1247 3839 vocare
1281 3785 1469 3855 spiritualiter
1493 3802 1559 3843 suos
1584 3785 1702 3860 Christi,
1726 3804 1799 3858 quos

99 3883 185 3935 modo
202 3897 209 3944 ς
226 3876 299 3932 scies
313 3879 407 3931 autem
424 3883 518 3945 postea
535 3873 682 3946 (illdata
698 3875 744 3931 Sic
760 3874 923 3945 predicavit
977 3871 1062 3942 elegit
1076 3886 1142 3927 cum
1167 3871 1247 3927 Patre
1262 3888 1279 3928 a
1293 3874 1394 3929 diebus
1415 3876 1581 3932 eternitatis
1605 3876 1665 3933 lieri
1685 3877 1801 3935 consor·

95 3962 922 4034 iulaetissui53quidauteminlactisvelletintelligere‚
977 3976 1037 4017 mea
1065 3960 1186 4017 claritati
1215 3977 1283 4018 sue.
1312 3961 1395 4018 Unde
1418 3965 1554 4036 scriptum
1581 3970 1642 4023 ast:
1671 3989 1686 4018 a
1716 3967 1801 4024 Novit

96 4070 194 4127 postea
208 4054 347 4125 exposuit.
364 4052 435 4109 Nam
461 4061 610 4124 postquem
631 4053 698 4109 lavit
714 4055 921 4126 pedesaorum‚
977 4049 1115 4107 Dominus
1131 4051 1178 4120 qui
1207 4058 1347 4122 suntepus
1375 4053 1472 4124 (77).»
1499 4058 1533 4111 Et
1558 4055 1646 4113 alibi:
1671 4080 1684 4107 a
1718 4057 1801 4114 Novit

95 4146 243 4218 accipiens
256 4143 429 4202 vestimenta
444 4159 506 4207 sua,
523 4143 662 4209 recubuit,
679 4150 707 4198 et
722 4143 813 4199 dixit:
831 4165 845 4194 a
860 4144 922 4199 Sei·
978 4139 1184 4196 Paterlatnilias
1199 4144 1553 4213 numerumjumenlorum
1569 4160 1685 4201 suorum
1701 4148 1769 4217 (78).
1783 4168 1798 4197 ο

97 4238 134 4293 tis
148 4234 218 4304 quid
236 4234 354 4289 fecerim
375 4232 478 4288 vobis?
506 4231 561 4288 llos
575 4232 681 4290 vocatis
703 4247 759 4302 me,
776 4233 921 4302 magister,
976 4227 1151 4299 Quandoque
1166 4230 1348 4301 singulariter
1376 4235 1456 4287 rocal
1476 4248 1541 4288 auos
1560 4233 1662 4288 christi
1678 4250 1749 4303 quos
1763 4235 1801 4290 da

98 4330 125 4383 et
140 4325 214 4382 berte
231 4322 336 4387 dicitis,
348 4336 410 4377 sum
427 4320 543 4376 etenim.
558 4320 589 4376 Si
604 4336 670 4392 ergo
699 4320 751 4376 lari
775 4322 859 4391 pedes
875 4338 922 4379 re·
977 4318 1075 4374 electis
1091 4319 1238 4392 preelegit
1253 4319 1282 4375 in
1299 4320 1400 4375 diebus
1411 4323 1505 4376 carnis
1519 4336 1575 4376 sue
1591 4322 1643 4377 sub
1661 4322 1750 4392 Patra,
1768 4327 1801 4381 ut

97 4424 169 4471 atros
184 4429 237 4484 ego
252 4411 393 4467 Dourinus
408 4417 434 4466 el
451 4410 593 4481 magister,
610 4417 635 4466 et
650 4426 700 4466 vos
722 4410 833 4466 debetis
849 4410 922 4468 ulter
977 4417 1072 4464 esseut
1086 4409 1112 4464 ei
1128 4416 1213 4464 testea
1228 4409 1351 4464 inomni
1370 4409 1481 4476 ludeo,
1496 4409 1801 4469 Jerusalemetsama-

97 4500 319 4560 alteriuslamre
334 4501 604 4573 peute=.Exemplum
620 4502 695 4556 enim
710 4499 775 4556 dedi
792 4500 882 4565 robis,
895 4508 923 4556 ut
938 4477 962 4543 D
978 4496 1028 4563 ria,
1045 4505 1099 4553 etc.
1115 4497 1155 4554 De
1170 4498 1275 4568 quibua
1302 4498 1363 4567 ipsa
1383 4499 1441 4555 ait:
1458 4518 1470 4549 s
1487 4500 1569 4556 Pater
1595 4512 1702 4568 sancte,
1718 4519 1798 4559 serra

98 4591 339 4666 quemadmodum
368 4606 420 4659 rgo
446 4590 497 4645 laci
529 4589 618 4657 vobis,
644 4589 725 4645 itaet
752 4589 923 4646 rosiaciatis
976 4602 1109 4658 eosquos
1138 4589 1241 4644 dedisti
1270 4589 1351 4654 mihi,
1378 4592 1658 4658 interpraetentur
1683 4595 1796 4650 cosdo-

99 4683 187 4752 (εἰει,
205 4681 314 4751 13-15).
333 4703 343 4733 ι
363 4678 587 4750 hcceperheta
612 4694 663 4733 sua
685 4679 922 4737 additectionem
976 4677 1043 4733 disti
1059 4679 1148 4749 (loen.
1173 4679 1312 4752 amuli).
1344 4681 1466 4737 »titiam
1495 4686 1581 4737 tertio
1610 4688 1694 4741 mirato
1720 4694 1800 4742 vocat

98 4773 329 4832 ethumilitatem
354 4771 495 4838 invitarit,
511 4786 546 4826 ne
561 4770 682 4840 amplius
706 4771 809 4842 aliquis
823 4772 922 4829 eruhe-
976 4782 1045 4823 auos
1058 4768 1160 4825 Christi
1175 4785 1275 4825 omnes
1291 4769 1338 4841 qui
1355 4769 1491 4827 idiomate
1505 4773 1677 4830 characteris
1689 4774 1743 4841 sui,
1771 4775 1800 4835 id

98 4874 154 4922 scat
173 4865 266 4920 iacere
282 4862 356 4933 quod
383 4862 522 4917 Dominus
550 4863 623 4919 iecit.
639 4863 717 4920 llnde
744 4862 791 4937 (εἰ)
812 4863 866 4920 εἰΙε
880 4862 921 4917 vi·
976 4861 1019 4913 est
1034 4858 1116 4929 signo
1132 4861 1343 4915 aanctaecrucis
1359 4860 1388 4915 in
1415 4860 1558 4930 baptismo
1575 4873 1641 4918 sunt
1656 4865 1800 4938 insigniti,

97 4958 178 5014 detur
191 4968 319 5026 persona
336 4953 443 5023 potenti
464 4951 553 5008 hedos
567 4953 691 5025 alicujus
710 4953 802 5009 lamro
817 4956 920 5026 pedes;
977 4947 1092 5003 mel
1111 4948 1227 5004 nomint!
1252 4948 1314 5020 ejus
1330 4951 1517 5020 tgssfflttindlb
1543 4951 1569 5006 id
1599 4960 1640 5007 etl
1656 4972 1672 5008 u
1687 4954 1800 5014 Christo

98 5041 464 5103 sedmodnautbemicum
491 5044 921 5116 estetdecurumlacerequod
974 5035 1260 5108 Christiani,quibus
1289 5039 1456 5110 ipsaniam
1488 5040 1798 5114 hudipopulameus,

97 5135 237 5193 Dominus
254 5132 331 5189 lecit.
348 5131 445 5202 itaque
458 5131 516 5185 illis
532 5131 607 5203 [surr]
622 5130 811 5187 corroboratis
825 5150 922 5191 arem·
975 5133 1003 5182 θῑ
1019 5125 1117 5195 Ιῦίιΰιῐ
1130 5126 1181 5182 ΠΜ
1195 5125 1283 5198 (Ρδῦί
1301 5143 1373 5193 lux,
1390 5129 1435 5200 tp
1452 5151 1466 5178 ³¹
1483 5130 1528 5200 qui
1545 5136 1640 5186 lemen
1656 5133 1799 5189 adhaesi·

98 5224 257 5297 pto‚pjn0ns
272 5222 395 5294 figuram
413 5221 560 5294 mysticam
576 5222 612 5277 de
627 5220 825 5291 passionem
840 5223 922 5281 inpie
974 5215 1037 5277 mul
1049 5223 1116 5272 suut
1131 5216 1160 5272 iu
1177 5233 1253 5284 area,
1279 5232 1347 5275 cum
1372 5218 1462 5287 pateis
1489 5235 1586 5291 granu,
1610 5222 1640 5276 iu
1663 5223 1796 5280 torculari

131 5393 191 5465 (75)
204 5391 235 5447 bt
251 5397 296 5447 eat
320 5390 474 5462 conjuncti,
488 5389 531 5446 vel
555 5389 797 5457 corroboraritrel
812 5392 920 5451 cerdic·
975 5380 1151 5449 Stimt'net‘
1165 5380 1256 5449 (Nam.
1267 5396 1326 5443 ΠΙ·
1338 5380 1378 5450 5)·

1009 5451 1065 5521 (78)
1083 5452 1162 5519 vulg.
1191 5454 1373 5524 uovtrjmtaa
1391 5453 1584 5526 jumentorum
1604 5471 1718 5513 auorum
1733 5457 1797 5515 arrr'·

99 5466 162 5524 liter
176 5465 280 5521 univit.

973 5536 1032 5579 maa
1047 5523 1140 5597 (t’ror.
1156 5540 1206 5594 εει,
1227 5525 1278 5598 10).

132 5539 191 5607 (76)
206 5536 227 5593 it
244 5550 297 5590 ms.
311 5532 514 5595 ludeunrensi.

133 5608 190 5685 (77)
204 5608 294 5678 urae,
313 5604 416 5679 inquit,
439 5611 536 5662 notum
557 5605 643 5678 lactet
664 5608 796 5667 Dominus
822 5608 920 5684 quieti
