3802 6030
93 153 133 219 23
563 146 651 213 VEN.
675 145 946 214 attuuuuurus
967 142 1173 207 CENOMAN.
1196 140 1319 207 EPISG.
1759 147 1801 208 24

67 270 70 279 “
95 287 157 380 qui
178 285 312 377 pedum
343 282 523 373 pastorale
548 305 661 354 manu
690 286 831 353 teneret
854 280 1128 370 Ecclesiamque
1151 281 1467 347 cenomanensem
1496 279 1639 365 regeret
1680 277 1800 369 Major

96 377 297 465 meliorque
318 396 401 463 pars
417 375 503 443 cleri
522 379 557 443 et
574 374 710 464 pupuli,
740 374 834 441 votis
861 369 1104 439 concordibus
1123 370 1167 436 nd
1193 369 1443 458 episcopatum
1474 367 1577 435 illum
1603 367 1797 455 elegerunt

98 466 449 558 quadragenarium,
471 464 546 532 suto
570 468 640 532 t‘ere
655 464 852 532 obsistente
874 462 973 528 Helia
992 460 1137 535 comite,
1156 462 1216 546 qui
1242 460 1383 525 decano
1411 457 1576 527 ticelesiae
1598 458 1798 529 Gudeiredo

96 556 261 637 nuntiae,
280 554 500 622 Britannicae
516 555 670 621 oriundo
690 554 901 641 provinciae.
921 570 1093 617 unacum
1118 550 1244 636 paucis
1260 547 1453 615 eauouicis
1482 548 1637 615 t'avebat.
1672 547 1793 617 Helias

9 668 13 677 ·
97 655 221 715 autem
246 664 369 710 (eomes
396 644 452 709 vir
481 651 558 709 erat
586 644 776 732 religiosus
805 664 847 708 nc
872 641 1007 707 timens
1037 642 1162 718 Deum,
1194 638 1281 704 iram
1313 637 1434 725 itaque
1463 658 1545 704 niox
1573 638 1800 726 cumpescuit

96 736 387 820 electionemque
409 731 626 817 regulariter
641 738 774 799 tactam
796 730 969 815 otignovit
984 734 1019 796 et
1039 727 1264 815 approbavit.
1287 729 1363 794 b'oc
1390 726 1475 793 inde
1500 727 1599 794 illico
1616 726 1653 793 in
1680 729 1799 817 punti-

97 824 406 893 licemordiuatus
418 830 472 888 est
488 821 727 890 llitdebertus.
743 819 1065 888 Horribiliscontrn
1083 817 1317 884 illumexortu
1330 816 1564 904 estprocella.
1576 817 1630 884 Ab
1647 816 1799 886 intensis

99 905 1798 999 CenomanensibusclericisquiapartibusGodetredisteterentinsimutatusestcriminibus

97 1001 278 1093 pessimis.
292 1003 366 1077 lvo,
378 1000 612 1067 carnotensis
623 999 824 1089 episeopus,
841 996 1043 1085 disciplinae
1055 994 1526 1064 ecelesiasticaeacerrimus
1536 1002 1799 1085 propugnator,

96 1091 160 1181 qui
184 1095 273 1159 tunc
287 1089 464 1177 temporis
480 1088 517 1154 in
539 1087 666 1157 Galliis
682 1089 782 1156 vices
798 1087 946 1175 gerebat
965 1086 1067 1186 quasi
1087 1084 1220 1173 publici
1238 1085 1407 1152 omnium
1428 1104 1626 1152 causarum
1651 1084 1797 1172 iudicis,

96 1178 326 1249 accusationi
341 1198 447 1246 aures
464 1176 905 1267 praebuit.,epistolamque
916 1175 1116 1264 scripsitad
1130 1173 1288 1242 electum
1301 1172 1505 1241 antistitem
1517 1172 1610 1242 utnb
1621 1173 1800 1244 electione

96 1267 346 1339 discederetsi
370 1265 517 1334 tandem
547 1288 628 1335 reus
654 1271 760 1335 esset.
779 1269 817 1332 t).
851 1263 1099 1352 beaugendre,
1127 1266 1166 1330 D.
1194 1264 1424 1345 Bondonnet,
1443 1265 1472 1328 t.
1504 1265 1626 1342 Maan,
1656 1264 1799 1349 Simon,

100 1364 267 1428 nostrum
286 1354 478 1445 praesulem
499 1357 543 1423 de
573 1357 675 1445 gravi
702 1354 935 1423 accusatione
963 1353 1156 1421 vindicant
1177 1358 1212 1420 et
1240 1352 1387 1441 quidem
1417 1353 1646 1437 argumentis
1669 1355 1803 1421 incon-

96 1448 227 1518 cussis.
245 1450 334 1514 tium
355 1450 478 1514 autem
494 1453 622 1514 contra
644 1446 843 1512 Baronium
863 1450 899 1511 et
917 1442 1098 1512 aliusnon
1126 1446 1226 1531 parvi
1256 1441 1417 1509 nominis
1444 1450 1611 1509 auctores
1631 1443 1801 1511 eamdem

97 1536 338 1626 questionem
358 1533 554 1622 diligenter
568 1535 808 1603 tractaverint
822 1533 920 1600 docti
934 1536 1102 1601 auctores
1117 1536 1246 1600 Hister.
1270 1533 1375 1599 litter.
1387 1531 1524 1602 Gallia.
1543 1536 1630 1600 tom.
1643 1534 1700 1611 Xt,
1714 1552 1799 1621 pag.

46 1666 49 1671 ·
95 1629 162 1697 254
177 1628 213 1695 et
224 1644 339 1727 seqq,
353 1628 493 1692 rectum
509 1622 681 1692 duximus
696 1623 740 1692 de
757 1644 851 1691 novo
870 1622 1122 1690 innocentiam
1140 1619 1259 1689 sancti
1278 1620 1445 1710 praesulis
1460 1641 1620 1689 asserere
1642 1626 1679 1690 et
1710 1641 1802 1710 opus

98 1714 380 1784 Benedictinum
409 1716 495 1780 ante
520 1714 686 1781 omnium
713 1712 838 1782 oculos
863 1731 1081 1802 supponere.
1110 1714 1158 1778 iix
1190 1710 1316 1778 litteris
1337 1711 1458 1778 lvonis
1479 1709 1585 1777 laeile
1610 1710 1800 1798 colligitur

95 1804 346 1873 liildebertum
363 1801 547 1870 coloribus
563 1803 771 1870 atrisluisse
787 1801 975 1890 depictum
1000 1802 1045 1868 ab
1072 1799 1227 1868 inimica
1251 1819 1364 1866 manu
1389 1804 1425 1868 et
1449 1798 1646 1867 mulierum
1669 1800 1797 1870 obsce·

95 1895 209 1962 nitate
225 1893 458 1960 infamatum.
478 1918 494 1953 a
513 1890 642 1959 Audivi
655 1892 699 1960 de
715 1897 760 1961 te.
779 1911 861 1980 quae
883 1890 973 1958 mibi
990 1889 1104 1957 dolori
1120 1894 1207 1956 sunt
1222 1893 1257 1956 et
1274 1888 1427 1956 horrori.
1441 1890 1526 1968 Quae
1543 1890 1573 1955 si
1589 1910 1676 1958 vera
1691 1895 1790 1969 sunt,

95 2003 169 2052 nun
193 1982 325 2072 poteris
341 1979 472 2069 populo
494 1982 654 2068 praebere
674 1981 851 2067 regimen,
869 1979 929 2047 sed
947 1999 1081 2067 augere
1094 1980 1305 2046 discrimen.
1322 1977 1454 2045 Dicunt
1468 1978 1568 2046 enim
1587 1979 1736 2067 quidam
1750 1980 1794 2047 de

97 2072 296 2163 majoribus
311 2070 598 2138 Cenomanensis
616 2070 802 2141 Ecclesiae.
820 2068 880 2158 qui
897 2072 1105 2136 anteactum
1132 2068 1246 2135 vitam
1267 2072 1368 2135 tuam
1400 2089 1437 2135 se
1466 2087 1574 2136 nosse
1601 2073 1795 2151 testantur,

96 2160 190 2251 quod
211 2158 469 2228 ultramodum
489 2158 668 2226 laxaveris
688 2159 791 2227 irena
808 2157 1005 2244 pudicitiae,
1023 2157 1060 2224 in
1083 2161 1227 2225 tantum
1250 2163 1287 2224 ut
1306 2161 1383 2243 post
1398 2163 1592 2246 acceptum
1610 2158 1799 2227 archidia-

95 2254 285 2326 conatum,
300 2248 505 2316 accubante
522 2246 694 2317 lateribus
709 2248 782 2317 tuis
798 2246 901 2335 plebe
919 2245 1235 2327 muliercularum,
1270 2245 1425 2313 multam
1455 2247 1625 2333 genueris
1656 2246 1798 2336 piebem

96 2359 292 2430 puerorum
308 2342 345 2406 et
360 2335 639 2425 puellarumiu
656 2341 779 2405 autem
797 2337 889 2403 nosti
903 2335 998 2425 quod
1016 2335 1174 2425 probatae
1184 2335 1290 2404 debet
1304 2356 1383 2403 esse
1403 2335 1596 2419 castitatis,
1611 2338 1674 2426 qui
1689 2335 1802 2406 subli-

97 2433 221 2498 matur
235 2427 280 2494 ad
297 2425 482 2513 fastigium
500 2445 600 2494 curae
615 2425 816 2513 pastoralis.
838 2449 854 2489 »
878 2428 917 2492 ut
934 2430 1011 2513 post
1028 2446 1168 2513 pauca:
1193 2454 1207 2485 a
1227 2428 1313 2503 Quae
1334 2425 1460 2492 omnia
1474 2424 1504 2492 si
1520 2424 1569 2493 ita
1583 2431 1682 2507 sunt,
1705 2427 1801 2515 peri·

96 2514 298 2587 culosatibi
315 2518 414 2594 sunt,
432 2512 803 2591 dilectissimeirnter,
817 2512 1050 2583 etinhnitum
1062 2512 1235 2596 lahorem,
1254 2521 1432 2602 quantum
1449 2514 1603 2591 aestimo,
1619 2514 1796 2604 paritura.

97 2606 202 2677 Unde
216 2601 369 2673 consule
386 2602 449 2670 tibi
466 2604 668 2672 secundum
691 2604 942 2672 testimonium
960 2602 1197 2671 conscientiae
1222 2609 1294 2671 tuae
1316 2608 1354 2671 ut
1383 2603 1439 2672 vel
1466 2608 1616 2672 honeste
1640 2610 1675 2672 et
1690 2610 1799 2674 cauta

97 2699 218 2784 ooepta
230 2692 412 2783 perficias,
426 2691 481 2759 vel
493 2693 602 2761 satuti
618 2697 690 2763 tuoe
706 2693 904 2761 consulens
919 2692 1081 2760 deficias.
1096 2719 1112 2753 a
1131 2695 1216 2761 Haeo
1232 2699 1303 2775 ivo,
1317 2692 1380 2782 qui
1397 2692 1497 2761 addit
1511 2693 1723 2782 episcopum
1740 2695 1801 2762 de·

100 2784 186 2855 bere
201 2783 370 2852 sevirum
389 2781 546 2869 praebere
557 2783 595 2848 in
612 2781 1166 2871 omnibusirreprehensibilem.
1181 2782 1398 2938 lapsumque
1413 2783 1623 2869 adignitate
1635 2803 1714 2851 esse
1726 2784 1800 2885 pri·

98 2873 276 2951 vandum,
294 2890 484 2959 nunquam
507 2872 550 2937 ad
568 2870 1035 2958 dignitateseminectiures
1050 2892 1127 2938 esse
1143 2871 1323 2959 provehen
1356 2873 1800 2960 um,omuesquecler1cos

102 2963 139 3031 in
156 2962 273 3029 saeris
289 2961 507 3028 constitutos
523 2966 603 3048 pust
617 2961 765 3048 culpam
779 2981 857 3028 esse
868 2963 914 3027 ab
933 2960 1093 3028 Ecclesia
1108 2961 1286 3027 arcendus
1301 2968 1364 3027 aut
1379 2963 1508 3028 saltem
1524 2962 1569 3030 ab
1584 2966 1798 3031 exercendis

98 3051 289 3122 ordinibus
307 3049 559 3117 removendos.
582 3050 779 3119 Hildeberti
809 3056 1042 3118 accusatores
1063 3055 1310 3136 suggerebant
1325 3050 1423 3119 itlius
1439 3050 1654 3119 electionem
1669 3058 1799 3120 contra

99 3142 261 3231 ipsorum
279 3144 361 3206 vota
376 3138 656 3207 tumultuariam
676 3140 797 3215 tuisse,
815 3139 1109 3226 canonicamque
1125 3139 1387 3228 oppositionem
1416 3141 1556 3207 irritam
1584 3142 1706 3209 luisse.
1735 3142 1798 3210 His

97 3238 133 3300 at
155 3229 337 3297 similibus
362 3227 466 3294 valde
495 3233 701 3297 commotus
724 3229 957 3298 tlarnotensis
987 3230 1179 3318 episcopus
1205 3228 1330 3296 suadet
1358 3233 1396 3296 ut
1415 3229 1585 3297 electioni
1614 3233 1800 3300 renuntiet

100 3318 343 3395 Hildebertus,
361 3318 569 3406 animaeque
585 3339 657 3386 suae
686 3320 873 3409 provideat
896 3323 931 3386 et
954 3319 1288 3386 Cenomanensium
1315 3318 1438 3399 satuti,
1455 3319 1543 3387 dum
1566 3326 1709 3409 tempus
1729 3325 1796 3399 est,

102 3410 302 3500 prudenter
321 3406 501 3475 consulat.

143 3498 265 3566 lvonis
277 3496 590 3583 litteristanquam
603 3494 813 3564 testimonio
828 3497 1064 3585 comprobato
1077 3496 1179 3564 nisus
1189 3498 1365 3565 Baronius
1379 3499 1627 3568 Hildebertum
1647 3498 1797 3587 perditae

96 3608 140 3657 ac
153 3587 355 3677 profligatae
376 3584 460 3654 vitae
478 3583 668 3651 insimulat
683 3585 720 3651 in
738 3584 941 3654 Annalibus
959 3589 1001 3654 ad
1024 3607 1164 3653 annum
1183 3591 1281 3656 1088.
1301 3589 1413 3666 Quem
1443 3596 1563 3677 postea
1584 3589 1648 3656 aiii
1677 3591 1795 3659 secuti

96 3676 259 3744 suctim
287 3673 472 3750 rudentes,
493 3672 743 3742 testimonium
775 3673 936 3763 primum
967 3696 1157 3764 nunquam
1180 3678 1380 3778 pendentes
1409 3679 1792 3768 nequediscutientes.

97 3766 233 3833 Rerum
257 3698 468 3831 ‹livinarum
492 3766 528 3830 et
548 3762 881 3832 ecclesiasticarum
910 3764 1030 3834 hostes
1055 3765 1296 3833 intensissimi
1321 3768 1488 3835 eamdem
1518 3767 1678 3856 amplexi
1708 3774 1796 3838 sunt

98 3851 362 3930 narrationem,
392 3848 619 3920 calumniam
642 3852 774 3921 iterum
800 3860 910 3943 atque
939 3855 1072 3922 iterum
1102 3854 1325 3933 dictitantes,
1357 3855 1482 3924 felices
1512 3859 1671 3925 nimium
1700 3857 1798 3926 inter

102 3940 385 4010 declamandum
398 3944 524 4008 contra
538 3941 777 4021 sacerdotem,
794 3943 951 4011 summis
968 3944 1139 4013 Ecclesiae
1157 3943 1357 4012 bonoribus
1376 3944 1601 4015 decoratum.
1620 3948 1797 4015 Burunius

103 4031 256 4120 insuper
278 4028 371 4109 (cod.
398 4049 501 4111 anm,
527 4037 566 4096 n⁰
594 4032 647 4104 15,
669 4032 725 4117 20)
746 4051 843 4116 aegre
871 4032 990 4101 terens
1041 4033 1107 4101 arod
1139 4035 1380 4119 Berengurius
1410 4035 1535 4104 luisset
1567 4035 1734 4104 laudibus
1760 4040 1797 4105 et

95 4118 266 4189 encomio
279 4117 474 4207 plusaequo
485 4118 746 4188 abHildeberto
762 4120 879 4189 elatus
891 4122 927 4188 in
941 4121 1026 4189 lune
1056 4121 1082 4188 ri
1094 4122 1338 4210 epit.aphio,eo
1350 4124 1427 4211 ipso
1443 4125 1651 4214 suspicione
1667 4126 1796 4214 iniqua

95 4208 135 4277 in
176 4213 364 4277 auctorem
396 4206 580 4275 invehitur
618 4212 653 4277 et
680 4208 769 4277 dicit
799 4210 1101 4279 archidiaconum
1130 4214 1456 4291 Cenomanensem,
1489 4214 1576 4282 talia
1603 4215 1646 4280 de
1678 4213 1795 4281 baere·

95 4298 244 4367 siarcha
264 4296 452 4386 profando,
484 4316 556 4362 nou
586 4297 694 4365 luisse
719 4319 836 4387 neque
861 4299 944 4367 tidei
973 4320 1092 4387 neque
1122 4320 1265 4368 morum
1297 4301 1507 4384 integritate
1528 4302 1786 4392 conspicuum.

94 4390 197 4456 Tunc
225 4387 263 4454 in
281 4386 443 4454 medium
466 4384 571 4452 alieri
594 4386 784 4475 epistolam
815 4388 975 4478 episcopi
1004 4391 1237 4457 tiarnotensis
1266 4392 1434 4479 superius
1460 4398 1795 4480 memoratamque

96 4480 206 4565 patet,
228 4476 360 4564 inquit,
379 4475 586 4562 Berengarii
604 4476 825 4563 discipulum
852 4480 1105 4546 ultramodum
1126 4482 1298 4547 insanisse
1320 4486 1426 4566 saeua
1446 4485 1630 4570 pudicitiae
1660 4486 1794 4550 ttadem

122 4584 281 4633 censura
307 4569 343 4631 et
371 4564 557 4632 laudatum
582 4567 758 4653 percutit;
778 4572 833 4633 ast
857 4568 940 4657 quis
965 4588 1039 4633 non
1068 4568 1165 4635 videt
1192 4569 1302 4636 tatem
1328 4571 1613 4656 argumentandi
1639 4571 1792 4640 modum

93 4653 183 4724 vitio
198 4651 376 4735 laborare,
397 4652 612 4741 siquidema
637 4655 877 4743 prudentibus
900 4655 1139 4746 scriptoribus
1160 4658 1299 4726 criticae
1330 4679 1431 4728 sanae
1455 4661 1593 4750 regulis
1603 4660 1796 4729 adhaeren-

92 4741 202 4826 tibus,
227 4744 423 4811 accusatus
451 4761 525 4808 non
543 4741 761 4828 judicandus
786 4750 840 4813 est
861 4765 942 4814 reus
962 4750 1159 4903 antequam
1186 4748 1480 4835 deprehendatur
1498 4755 1596 4818 certo
1621 4749 1792 4818 criminis

94 4832 237 4902 noxius.
255 4829 368 4899 Aliter
381 4848 467 4897 sane
489 4831 665 4899 Baronius
685 4854 794 4920 agere
813 4834 997 4903 debuisset
1013 4854 1023 4918 ;
1040 4856 1061 4905 u
1080 4841 1132 4902 tra
1150 4836 1298 4904 modum
1316 4836 1466 4907 fortasse
1494 4838 1664 4908 laudibus
1679 4839 1791 4907 extol·

95 4918 183 4990 litur
198 4917 451 5007 Berengariua,
473 4918 534 4987 sed
557 4940 629 4988 non
643 4921 729 4991 inde
745 4922 973 4992 Hildebertus
992 4931 1069 4992 erat
1084 4924 1331 4993 iniamandus.

136 5007 1790 5106 Corvaiserius,insuaepiscoporumCenomanensiumHistoria.p.389etseq.,ineumdem

92 5097 246 5188 impegit
265 5117 438 5179 errorem,
457 5095 681 5189 ulteriusque
698 5101 940 5189 progreditur.
958 5101 1063 5169 Nullo
1080 5102 1191 5169 fretus
1206 5102 1351 5180 auxilio,
1369 5107 1666 5175 antecedentium
1679 5105 1790 5195 siqui-

91 5189 174 5257 dem
192 5192 385 5256 uuctorum
404 5187 612 5256 testimonio
637 5189 751 5269 nullo,
773 5191 920 5281 scripsit
943 5194 1088 5258 ivonem
1120 5192 1369 5260 tlenomanum
1392 5196 1550 5277 venisse,
1577 5196 1791 5298 pontiticem

91 5296 209 5365 nuper
222 5276 379 5345 electum
398 5275 542 5357 adiisse,
560 5277 754 5367 ipsumque
774 5285 850 5348 tum
872 5280 1200 5355 adhortationibus,
1219 5286 1296 5347 tum
1318 5283 1438 5353 verbis
1452 5286 1660 5353 durioribus
1674 5287 1792 5353 incre·
1818 5367 1821 5370 Α

91 5386 210 5457 passe,
232 5371 314 5434 uta
344 5364 508 5433 solutiori
536 5367 609 5434 vita
639 5367 839 5447 desis¹eret,
869 5369 1077 5458 agendique
1102 5371 1250 5437 modum
1273 5370 1477 5461 abrogaret,
1507 5374 1641 5463 quibus
1666 5381 1702 5443 et
1720 5373 1790 5442 sibi

88 5453 242 5523 exitium
257 5459 293 5524 et
307 5454 438 5525 Christi
454 5454 624 5526 fidelibus
638 5459 853 5527 scandatum
872 5459 1087 5547 praebuerat.
1104 5461 1253 5537 Deinde,
1270 5481 1399 5550 parum
1419 5462 1478 5531 vel
1501 5462 1594 5532 nihil
1618 5463 1789 5535 iaciendo
