3802 6030
140 254 202 316 309
631 251 718 312 VEN.
742 239 984 309 niuollssaltll
1007 239 1211 302 curiosiori.
1236 240 1358 303 celse.
1792 251 1853 314 400

140 387 223 446 lllius
239 386 295 444 liei
321 384 385 452 luit,
401 401 435 442 cx
450 400 507 457 quo
528 383 663 440 Christus
679 380 849 448 resurrexit,
865 394 968 435 secun·
984 380 1009 443 Α
1025 389 1132 430 omors
1143 371 1151 428 ι
1163 389 1282 432 morsus
1297 378 1367 431 tuus
1381 377 1577 447 ero,ioleruel
1593 379 1667 454 (Ore,
1682 396 1747 449 xru,
1762 383 1819 457 lt.)
1837 406 1849 437 s

142 481 213 537 dum
230 476 304 532 illud
321 493 328 532 :
347 499 357 525 ι
375 475 420 532 sd
435 490 588 547 vesperum
612 473 813 530 demorabitur
828 468 925 538 fletus,
941 471 971 524 et
1022 461 1155 535 Suscepit
1171 478 1240 535 ergo
1253 464 1488 524 circumcisionis
1504 475 1851 538 sacramentumutcar·

143 567 180 626 sd
197 564 374 623 matutinum
391 563 495 620 laetitia
510 565 595 629 (Prot.
611 580 671 630 xus,
685 563 724 632 b).
742 583 756 612 a
1022 551 1116 609 nalem
1134 553 1389 612 circumcisionem
1405 555 1515 622 finiret,
1530 561 1754 631 ctspiritualem
1767 565 1852 624 nobis

176 657 242 712 Vita
256 671 324 721 argo
344 655 399 710 isla
414 670 470 708 nox
483 659 528 709 est
540 671 547 722 ;
560 654 610 709 sed
624 654 690 725 qiiis
702 658 746 708 est
759 666 865 706 cursus
881 647 970 718 bulas
1021 650 1239 700 consummaret
1258 646 1290 716 (s.
1316 648 1558 719 commendaret),
1574 657 1603 707 et
1631 650 1711 708 lilios
1728 654 1850 712 abrah„

29 750 32 755 '
104 743 493 804 ¹noctislVitamortalis
517 744 655 801 deorsum
680 742 783 809 currit,
811 740 888 796 sicut
911 737 971 794 vita
1022 733 1849 809 appareret,quiprimoprssceptumcircumcisicnlasc·

143 833 319 892 immortalis
334 850 453 889 sursum
467 850 475 901 ;
487 832 568 890 illius
583 833 765 887 iteraursum
778 829 860 886 estin
870 827 970 895 ooells;
1022 824 1109 894 cepit.
1124 823 1218 881 l’iebat
1232 830 1331 882 autem
1360 827 1542 886 circumcisio
1563 830 1611 887 die
1624 838 1726 890 octavo
1741 835 1847 893 nativi·

144 926 235 982 iatius
263 925 323 979 iter
340 925 460 980 deorum
475 929 520 979 est
535 924 563 978 lu
580 921 692 978 inieris.
708 924 765 978 lter
784 919 912 976 medium
927 918 972 974 εει
1021 911 1101 981 istis,
1116 918 1145 969 st
1161 914 1275 986 petrino
1291 915 1419 984 cultello,
1435 919 1484 989 qui
1501 936 1552 990 per
1562 921 1710 980 Christum
1719 932 1843 996 petram,

144 1016 274 1072 stadium
284 1014 350 1069 viic
367 1013 528 1084 praesentis,
537 1012 616 1085 quod
628 1011 774 1068 nascendo
786 1009 971 1077 intravimus,
1022 1000 1058 1056 dc
1071 1016 1128 1072 quo
1139 1017 1146 1056 τ
1158 1023 1172 1051 s
1183 1002 1266 1059 Petra
1276 1010 1373 1061 autem
1385 997 1449 1062 erut
1463 1005 1598 1064 Cbristus
1609 1011 1632 1081 (t
1650 1010 1712 1068 Cor.
1727 1029 1756 1080 x,
1773 1013 1812 1081 l),
1828 1033 1844 1065 s

143 1103 270 1160 vivendo
287 1103 501 1172 percurrimus,
519 1101 668 1158 moriendo
684 1103 808 1156 erimus.
824 1098 885 1154 Nox
902 1112 971 1168 ergo
1023 1089 1073 1161 qui
1089 1091 1175 1146 tertio
1202 1090 1249 1148 dis
1264 1095 1433 1150 resurrexit.
1448 1098 1481 1152 ln
1508 1100 1645 1170 prasenti
1661 1101 1847 1159 circumcidi·

144 1191 201 1248 ista
216 1192 247 1247 in
263 1207 316 1247 suo
332 1207 421 1247 cursu
434 1189 489 1246 buc
501 1189 630 1246 medium
645 1191 733 1246 babet
744 1190 879 1253 iter,oum
894 1201 971 1243 mors
1023 1196 1090 1234 mur
1104 1196 1122 1236 ε
1137 1180 1225 1248 vitiis,
1241 1186 1269 1238 ει
1283 1183 1312 1237 iu
1328 1187 1429 1241 octava
1449 1191 1544 1257 aetato,
1561 1205 1624 1260 que
1640 1189 1694 1245 erit
1720 1191 1847 1262 perlecta

146 1280 301 1337 universos
316 1296 389 1350 quos
405 1279 513 1352 reperit
529 1280 557 1334 in
574 1281 663 1335 statio
687 1278 751 1334 vitre
767 1275 919 1351 praesentis
934 1274 970 1331 ad
1023 1270 1251 1340 resurgentium,
1264 1272 1507 1332 circumcidemur
1519 1278 1556 1333 ab
1567 1277 1646 1334 omni
1658 1282 1846 1352 corruptions

146 1371 256 1427 interos
271 1369 368 1425 traxit.
384 1368 474 1425 Nemo
489 1369 568 1426 enim
585 1368 754 1424 mortalium
769 1366 865 1422 adbuc
877 1365 912 1422 ad
928 1364 970 1420 vi·
1024 1374 1109 1430 poeua
1124 1363 1153 1415 ει
1168 1360 1272 1433 culpa,
1288 1364 1407 1434 quando
1423 1368 1612 1423 renovabitur
1628 1375 1660 1425 ut
1676 1371 1789 1443 'aquilae
1799 1372 1848 1442 ju.

148 1465 210 1516 tam
224 1457 422 1515 immortalem
438 1459 595 1515 ascendere
615 1461 738 1532 poterat.
753 1457 847 1513 l'crtia
863 1471 917 1511 ccx
928 1456 973 1510 est
1023 1458 1130 1506 ventus
1146 1456 1256 1510 nostra.
1274 1451 1354 1509 lllam
1365 1454 1628 1526 generalcmtutnri
1641 1460 1783 1532 temporis
1793 1461 1852 1518 cir·

146 1550 347 1624 peccatique
377 1550 414 1606 ab
442 1548 577 1621 originali
603 1557 721 1620 peccato
749 1546 903 1620 iucipiens,
921 1560 973 1618 per
1024 1541 1233 1602 comoisionem
1263 1543 1424 1614 spiritualia
1448 1550 1477 1602 ει
1505 1547 1625 1604 interior
1650 1548 1849 1623 circumcisio,

41 1636 45 1645 “
146 1641 275 1698 actualia
303 1640 448 1696 currebat.
465 1639 587 1704 Quando
612 1654 682 1711 ergo
708 1643 774 1710 post
798 1634 971 1707 originalem
1024 1649 1086 1704 que
1102 1648 1159 1688 non
1176 1633 1262 1689 modo
1279 1632 1307 1688 in
1324 1634 1469 1705 exteriori,
1486 1637 1535 1692 sed
1552 1638 1641 1694 etiam
1666 1639 1696 1696 ia
1713 1639 1847 1696 interiori

145 1728 276 1801 cuipam,
309 1727 456 1784 interdicti
485 1728 732 1794 interminatione,
765 1724 910 1782 naturalis
938 1721 1144 1821 aeBhomine
1175 1723 1318 1779 servando
1345 1729 1468 1792 estnec
1497 1727 1527 1782 iu
1558 1734 1745 1785 unctantem
1771 1734 1853 1802 ports

149 1819 264 1890 scripte
281 1816 353 1888 legis
370 1816 603 1888 prevaricatione
619 1815 803 1880 succedente,
820 1820 972 1886 peccatum
1029 1811 1170 1884 corporis,
1188 1819 1220 1867 ut
1233 1810 1284 1868 illo
1298 1813 1631 1883 circumcisiocarualis,
1643 1816 1695 1873 sed
1709 1817 1738 1874 iu
1749 1819 1851 1890 singu·

148 1908 185 1964 ad
202 1923 352 1963 summum
369 1907 582 1963 incrementum
595 1912 723 1969 venerat,
736 1913 805 1960 tuuc
821 1921 877 1961 nox
892 1901 974 1973 ipuasi
1029 1899 1066 1955 lis
1082 1900 1224 1956 membris
1238 1906 1282 1957 εει
1296 1902 1470 1971 exbibenda,
1487 1909 1518 1959 ut
1534 1907 1664 1963 membra
1679 1916 1853 1974 coatra,noa

155 1994 975 2068 mediuminsuocursultsrbebebat.Undsapostolus:
1030 1991 1296 2064 armainiquitstis
1326 1998 1516 2064 peccato,sed
1548 2014 1631 2053 arma
1651 1999 1773 2068 justitia
1797 2003 1855 2057 Deo

155 2109 171 2141 u
186 2087 326 2162 Regnavit
341 2104 419 2144 mors
434 2088 470 2144 ab
488 2088 575 2144 ldsm
593 2092 735 2159 usquead
750 2084 976 2158 Moyseo,etiam
1030 2079 1231 2137 exhibeamus.
1247 2081 1501 2140 circumcidamus
1516 2102 1585 2158 ergo
1600 2088 1688 2142 corda
1704 2094 1857 2151 nostrane

154 2177 185 2234 in
200 2195 250 2236 eos
265 2179 314 2250 qui
331 2194 389 2234 non
406 2182 597 2250 peccaverunt
613 2177 641 2232 in
658 2175 884 2232 siusilitudinem
901 2190 976 2246 pres·
1031 2171 1116 2226 noxia
1135 2177 1165 2227 st
1193 2171 1321 2243 maligna
1349 2172 1523 2244 cogitemus,
1548 2181 1577 2231 ει
1599 2176 1711 2246 οευΙοε,
1728 2177 1805 2235 m
1820 2193 1856 2235 us

153 2267 341 2325 varicationis
359 2266 426 2323 eds
454 2268 542 2338 (born.
559 2283 587 2334 v,
604 2266 658 2338 ll).
677 2289 690 2317 o
706 2265 768 2322 Na
795 2271 894 2321 autem
917 2265 977 2319 bac
1030 2264 1188 2318 vanitatem
1204 2265 1356 2321 videamus
1375 2281 1382 2322 :
1399 2282 1496 2336 aures,
1517 2283 1554 2323 ne
1576 2285 1660 2326 voces
1675 2274 1856 2340 sanguinum

154 2357 317 2430 multiplex.
334 2363 499 2430 apparente
520 2357 598 2411 enim
620 2356 695 2420 luce,
713 2372 778 2411 uiox
794 2356 822 2409 in
839 2369 975 2411 occasum
1031 2353 1187 2411 audiamus
1203 2373 1212 2423 ;
1230 2371 1324 2420 nares,
1341 2372 1376 2411 ne
1390 2356 1584 2415 immunditie
1605 2361 1743 2418 sordibus
1759 2362 1857 2419 deice

150 2446 238 2518 ccspit
252 2462 371 2520 vergere
384 2452 470 2517 alque
486 2447 662 2501 decrescere.
681 2445 784 2500 Videte
799 2442 888 2513 igitur
902 2442 978 2499 ordi·
1030 2447 1128 2499 lemur
1143 2459 1150 2512 ;
1167 2442 1299 2516 linguam
1316 2462 1349 2500 ac
1365 2444 1452 2513 labia,
1470 2447 1546 2504 rein
1558 2449 1645 2506 uerba
1661 2450 1778 2506 malitia
1790 2467 1857 2525 pro·

151 2535 337 2592 ratissimum
353 2535 459 2591 divinas
474 2534 705 2605 dispensationis
720 2532 887 2588 consilium.
903 2532 975 2589 Cum
1031 2549 1214 2605 rumpamus,
1231 2550 1284 2589 occ
1299 2551 1332 2591 os
1352 2544 1377 2590 el
1390 2535 1519 2609 linguam
1537 2554 1682 2610 ponamus
1702 2555 1789 2611 super
1800 2549 1857 2597 tsr·

152 2627 229 2681 enim
246 2624 342 2681 omnis
359 2623 562 2695 recuperanda
573 2624 607 2692 (s.
622 2639 703 2692 supp.
719 2621 833 2690 salutis)
845 2639 975 2694 spcspe·
1031 2623 1358 2680 rammocoomicamos
1383 2632 1412 2681 et
1437 2627 1576 2696 pedesne
1591 2628 1627 2684 ad
1644 2629 1855 2687 ellundoodum

151 2714 249 2781 rierat,
266 2721 296 2770 et
309 2731 365 2770 oca
380 2715 478 2771 urania
489 2730 588 2770 secum
599 2713 740 2785 rapiebat,
758 2718 828 2769 tuno
839 2713 975 2784 omnipo·
1030 2713 1202 2785 sanguinem
1219 2714 1277 2769 sint
1292 2715 1415 2782 voloces,
1431 2721 1460 2771 et
1476 2732 1631 2782 mauusme
1644 2718 1679 2773 ad
1695 2719 1856 2777 vetitorum

153 2811 217 2861 lens
230 2804 302 2861 m
324 2809 424 2860 Sermo
443 2803 478 2860 ad
504 2802 688 2859 liberandum
705 2803 795 2875 (supp.
813 2801 975 2871 homiuem)
1031 2805 1140 2858 taetram
1156 2800 1217 2858 siut
1233 2808 1382 2873 porrectas.
1397 2808 1463 2860 lieo
1477 2810 1522 2861 est
1533 2822 1599 2862 vero
1613 2812 1643 2863 st
1659 2807 1787 2864 salubris
1803 2809 1858 2865 cir·

152 2893 291 2962 mittitur,
308 2896 340 2948 ut
354 2893 483 2965 amplius
499 2892 604 2949 divinas
620 2893 718 2962 gratias
734 2892 851 2949 animus
862 2892 895 2963 (s.
914 2908 977 2948 mu·
1030 2890 1184 2959 cumcisic,
1200 2907 1259 2965 qua
1274 2891 1440 2949 vivificatur
1466 2893 1555 2952 homo
1578 2896 1710 2964 interior,
1725 2915 1781 2970 qua
1798 2913 1856 2955 noa

150 2987 218 3052 uus)
246 2983 479 3040 commendetur.
504 2982 600 3046 Venit,
620 2982 726 3055 iuquit,
744 2983 831 3049 unde,
847 2987 875 3039 ει
889 2999 947 3055 quo
963 2983 975 3038 i
1029 2986 1125 3037 cutem
1140 2981 1239 3039 carnis
1253 2981 1376 3054 petrinis
1390 2983 1494 3040 cultris
1517 2985 1728 3055 abscindimus,
1744 2988 1796 3045 sod
1811 3005 1859 3046 ve·

149 3073 253 3130 Sermo
270 3072 422 3141 altissimi,
438 3072 544 3129 unicus
560 3071 653 3128 Patris
670 3072 759 3127 l'ilins
776 3071 851 3145 regis
863 3087 879 3128 a
890 3087 973 3145 rega·
1030 3079 1120 3129 terem
1138 3069 1285 3126 hominem
1301 3087 1368 3127 cum
1386 3073 1500 3129 actibus
1529 3077 1591 3131 auis
1618 3074 1813 3148 expoliamus,
1829 3081 1858 3134 at

149 3163 229 3220 libus
245 3163 365 3219 sedibus
380 3163 466 3233 venit,
483 3161 594 3218 scilicet
609 3163 644 3217 de
655 3177 797 3218 concessa
818 3160 922 3229 Patris,
938 3124 1011 3217 (lec
1031 3176 1137 3216 novum
1152 3159 1314 3227 induimus,
1331 3160 1380 3233 qui
1397 3162 1558 3218 secundum
1575 3168 1666 3220 Deum
1682 3168 1854 3222 creatuscst

151 3251 315 3326 equalitate
343 3252 516 3323 majestatis,
541 3251 576 3307 ds
598 3251 666 3308 sede
682 3251 772 3323 regali
789 3250 824 3305 ad
846 3266 973 3321 caraem,
1029 3249 1186 3320 injustitia
1199 3254 1228 3304 et
1242 3249 1398 3306 sanctitate
1412 3252 1650 3326 veritatis,quam
1666 3255 1857 3311 commendat

150 3342 382 3409 adcrucem,a<l
400 3345 521 3398 mortem
541 3341 598 3408 ;de
624 3337 813 3396 lumineccali
831 3339 973 3410 usquead
1029 3336 1195 3410 Apostolus,
1226 3337 1619 3413 dieens:«Nequsquein
1641 3342 1858 3412 maaiieslc,in

148 3433 286 3488 tenebras
315 3431 433 3486 inlerci.
459 3430 554 3503 Super
568 3430 622 3485 boc
651 3428 974 3501 coelumstupet,terra
1028 3427 1431 3494 carusestcircumcisio‚sed
1448 3429 1859 3501 quiinabsccnditnludssus

148 3522 283 3590 miratur,
317 3520 405 3576 horno
437 3519 647 3583 contremiscit,
670 3518 803 3590 angelica
828 3523 974 3574 reveretur
1028 3520 1083 3585 est,
1100 3520 1128 3573 ct
1142 3516 1329 3572 circumcisio
1359 3519 1458 3574 cordis
1485 3519 1515 3575 in
1540 3519 1731 3592 spiritu,nou
1759 3521 1861 3578 litters

146 3609 299 3668 celsitudo.
317 3613 433 3666 licceat
448 3609 526 3665 enim
543 3624 617 3677 opus
633 3608 697 3662 ains
712 3607 855 3678 exemplo,
874 3607 971 3663 bumi-
1026 3608 1115 3679 (Rom.
1140 3622 1173 3675 ιι,
1189 3607 1234 3672 28,
1257 3606 1313 3677 29).
1331 3627 1346 3657 a
1374 3607 1473 3665 Cessat
1501 3625 1570 3682 ergo
1600 3610 1705 3683 ligura,
1732 3611 1858 3669 veritate

148 3697 294 3756 litasaine
318 3698 526 3770 modo,gratia
552 3695 615 3753 sinc
644 3697 973 3763 merito,domumsios
1026 3695 1387 3770 peerristumimplsta,
1417 3696 1468 3770 qui
1484 3699 1640 3756 iactusest
1659 3700 1802 3769 sublege,
1819 3704 1856 3757 ut

149 3789 252 3860 pretio.
272 3788 321 3845 llis
337 3791 426 3854 enini,
442 3787 527 3858 cujus
539 3786 753 3859 magnitudinis
769 3803 825 3842 uon
837 3792 881 3842 est
892 3785 971 3855 finis,
1025 3802 1076 3842 eos
1091 3787 1141 3859 qui
1154 3787 1209 3842 sub
1226 3784 1289 3857 lege
1304 3793 1387 3843 erant
1400 3788 1490 3858 pressi
1506 3793 1536 3843 et
1552 3790 1591 3843 rei
1607 3789 1772 3847 redimeret.
1791 3789 1853 3847 llu-

146 3876 177 3931 in
194 3880 308 3933 tantum
327 3894 377 3949 pro
394 3878 478 3932 nobis
496 3875 852 3948 bumiliaridignatuseet,
869 3882 969 3930 utnon
1025 3875 1060 3931 de
1074 3876 1088 3931 ‘l
1103 3892 1120 3930 a
1134 3873 1260 3937 diabolo,
1276 3891 1292 3930 a
1310 3874 1444 3945 peccatis,
1462 3892 1478 3930 a
1495 3877 1666 3946 perditione,
1682 3893 1700 3932 a
1715 3877 1777 3948 lege
1792 3878 1851 3935 im·

146 3964 243 4021 selom
271 3983 322 4038 pro
339 3966 422 4022 notris
437 3965 519 4021 lieret
533 3967 568 4020 de
584 3964 715 4031 muliere,
732 3965 885 4021 sedetiam
913 3965 970 4021 sub
1025 3964 1170 4037 portabili.
1187 3964 1269 4021 Unda
1285 3964 1387 4020 Petrus
1403 3966 1461 4021 uit:
1479 3964 1537 4021 Hoc
1553 3972 1597 4021 est
1611 3983 1687 4022 onus
1702 3967 1779 4040 quod
1797 3982 1852 4026 nce

144 4053 208 4127 lege
224 4056 317 4124 lieret,
333 4054 567 4112 circumcisionis
580 4053 765 4124 signaculum
790 4053 968 4127 suscipiens,
1024 4070 1088 4122 nos,
1104 4072 1157 4111 nec
1175 4060 1307 4127 parentes
1319 4053 1409 4111 nostri
1422 4063 1536 4126 portare
1555 4061 1712 4127 potueruut
1723 4058 1789 4127 (Act.
1802 4073 1850 4127 aa,

142 4149 176 4199 ut
189 4144 372 4216 spiritualem
383 4144 416 4200 in
433 4143 517 4200 nobie
532 4142 785 4199 circumcisionem
807 4143 968 4216 perliceret:
1022 4143 1078 4213 ιθ).
1095 4148 1197 4201 Factus
1210 4153 1254 4201 est
1268 4145 1357 4200 etiam
1373 4160 1408 4201 ex
1423 4144 1556 4215 muliera,
1569 4150 1601 4202 ut
1616 4146 1800 4219 adoptionem
1816 4147 1851 4203 il·

141 4238 171 4290 st
184 4234 220 4290 ab
234 4250 318 4292 nuere
334 4233 407 4307 legia
422 4234 501 4290 sicot
515 4233 551 4289 ab
566 4231 633 4289 aliis
649 4232 742 4303 peanis
758 4249 811 4288 uos
831 4233 966 4290 solveret.
1022 4232 1127 4289 liorum
1144 4235 1352 4305 reciperemus,
1369 4234 1399 4290 id
1414 4241 1458 4292 est
1473 4236 1550 4293 bona
1563 4236 1674 4309 grstiae,
1688 4252 1740 4308 per
1754 4253 1845 4310 quam

141 4323 223 4382 Uinde
238 4324 395 4398 Apostolus
413 4342 419 4380 :
436 4348 450 4376 o
464 4324 610 4398 Ubigvenit
638 4323 791 4398 planitudo
813 4325 967 4396 temporis,
1021 4322 1579 4398 liliiDeiliuntllinceuimadopticnem
1589 4325 1849 4399 recipiemus,quis

141 4415 222 4473 misit
236 4414 312 4472 Deus
330 4415 433 4472 Filium
449 4431 536 4470 suum
553 4418 653 4469 natum
667 4429 702 4469 ex
717 4412 965 4481 muliere,iactum
1020 4410 1848 4489 illeunicusFiliuslieinondedignatueestparticipatio·

141 4503 198 4560 sub
213 4503 286 4576 legs,
303 4507 336 4559 ut
349 4521 398 4561 eos
413 4505 462 4577 qui
491 4504 546 4560 sub
563 4502 626 4575 lege
655 4506 738 4558 eraut
752 4502 919 4571 redimeret,
935 4497 1002 4563 etl)
1018 4517 1085 4558 uem
1097 4507 1202 4558 nostra
1216 4506 1337 4568 naturam
1350 4504 1445 4561 lactus
1456 4520 1491 4559 ex
1501 4504 1666 4575 mulierem!
1679 4521 1735 4563 non
1745 4505 1844 4562 solum

140 4591 326 4663 adoptionem
343 4592 471 4650 liliorum
490 4591 688 4665 reciperemus
704 4590 775 4664 (Gal.
792 4607 829 4659 ιν,
839 4589 879 4663 5).
896 4613 911 4642 a
1020 4590 1191 4665 unigenitus
1204 4598 1290 4659 esset,
1302 4599 1330 4648 et
1343 4593 1445 4649 iratres
1459 4593 1588 4661 baberet,
1600 4595 1650 4650 sed
1676 4595 1764 4651 etiam
1783 4595 1844 4666 pri·

173 4681 280 4738 Octava
292 4682 339 4738 die
353 4684 460 4739 abortu
476 4682 573 4738 omnis
584 4681 825 4737 iniansltsbraus
834 4682 963 4738 circum·
1019 4682 1186 4754 mugsnitua
1199 4683 1227 4738 ia
1240 4682 1342 4739 multis
1352 4685 1491 4740 iratribus
1502 4683 1722 4742 lieretUnicum
1734 4684 1842 4744 llilium

136 4770 288 4828 oidebatur
303 4774 464 4830 secundum
481 4773 573 4845 legem
592 4770 734 4838 ;etlesus
747 4784 817 4839 puer
832 4770 882 4840 qui
903 4787 963 4827 noa
1017 4769 1094 4828 Deus
1110 4771 1207 4839 habet,
1225 4789 1310 4844 quiem
1321 4773 1356 4827 de
1368 4789 1422 4828 sua
1438 4774 1846 4846 substantiagcnuitmonau·

135 4860 319 4934 venitlcgeui
350 4862 538 4929 solvere,se=l
570 4857 704 4929 implere,
724 4857 961 4924 suillatalisdie
1016 4863 1845 4932 temncsdesuasubstantiagenuitcreaturaenimau·

135 4957 246 5018 octavo,
264 4967 351 5023 quem
369 4953 455 5007 bodie
470 4948 665 5014 celebramus,
682 4962 699 5001 a
717 4947 886 5017 parentibus
899 4967 960 5007 sura
1016 4967 1091 5018 mus,
1108 4967 1195 5021 quam
1213 4968 1268 5006 uon
1285 4952 1396 5023 gennit,
1409 4954 1459 5008 aed
1472 4952 1538 5007 iecit
1555 4971 1563 5019 ;
1580 4964 1608 5009 et
1619 4954 1683 5010 ideo
1696 4952 1844 5010 uthristi

133 5035 958 5102 caroiscornulecircumoisiooissuscepitsacrameaturr.
1014 5040 1118 5097 iratres
1134 5046 1295 5096 secundum
1311 5048 1441 5097 nostrum
1453 5042 1573 5098 modum
1587 5043 1703 5107 iaceret,
1720 5042 1843 5116 adopta·

133 5131 239 5185 Factus
253 5135 299 5185 est
311 5147 379 5201 ergo
396 5129 451 5184 sub
475 5127 548 5197 loge,
564 5123 614 5196 qui
628 5123 823 5183 circumcisus
851 5133 895 5183 eat
910 5130 957 5185 dle
1010 5129 1061 5185 rit.
1078 5129 1128 5184 lile
1144 5137 1248 5185 natura
1265 5135 1309 5185 ert
1326 5130 1427 5195 Filius,
1445 5132 1495 5204 qui
1511 5138 1555 5188 εει
1571 5149 1657 5204 quem
1673 5139 1776 5205 genuit
1788 5132 1841 5189 Pa·

130 5225 242 5284 octavo,
259 5226 287 5273 ει
302 5218 404 5290 legalis
421 5216 516 5271 biretis
530 5214 628 5270 oblata
644 5227 685 5269 εει
708 5230 759 5285 pro
774 5232 807 5270 eo
818 5216 865 5273 die
880 5234 953 5290 qua·
1011 5219 1128 5276 laelios
1140 5236 1207 5275 vero
1218 5218 1359 5276 bertelino
1371 5226 1399 5277 et
1410 5222 1579 5295 dignatione
1592 5221 1642 5278 dlii
1658 5221 1709 5278 llei
1721 5237 1839 5283 sumus.

129 5305 306 5379 dragesimo.
322 5309 376 5375 Qui
393 5305 496 5376 legalis
512 5304 561 5360 illu
587 5305 730 5376 suscepit,
743 5321 800 5361 uon
818 5310 850 5360 ut
864 5307 954 5363 abeis
1045 5309 1103 5364 lslo
1118 5309 1206 5380 igitur
1222 5311 1338 5375 modus,
1354 5325 1413 5382 quo
1429 5327 1484 5367 nos
1499 5311 1588 5380 Deus,
1600 5328 1666 5367 cum
1681 5312 1743 5382 jam
1761 5327 1843 5369 esso·

125 5395 305 5466 expiaretur,
321 5396 371 5451 sed
390 5392 526 5451 utensis
543 5394 679 5450 liberaret
694 5410 756 5462 uos,
773 5393 825 5465 qui
838 5394 881 5451 eis
892 5411 951 5452 ser·
1009 5413 1076 5454 mua
1091 5399 1205 5471 abipso
1221 5414 1277 5455 uon
1295 5400 1367 5467 nati,
1378 5401 1429 5457 sed
1442 5401 1737 5468 condiri,etinstituti
1748 5402 1838 5459 verbo

124 5481 222 5539 viliter
237 5484 421 5551 tenebamur,
446 5481 523 5540 sicut
549 5488 672 5539 mortem
689 5481 843 5552 sustinuit,
862 5489 893 5540 ut
914 5486 950 5543 ab
1006 5505 1071 5557 suc,
1087 5493 1115 5544 ct
1130 5489 1280 5562 quiaracit
1291 5496 1326 5546 ut
1338 5489 1391 5547 lllii
1402 5491 1467 5564 ejus
1492 5506 1637 5562 essemus,
1653 5490 1771 5565 adoptio
1783 5507 1833 5550 ro·

122 5586 159 5629 aa
176 5585 229 5627 uos
246 5571 393 5646 liberaret,
410 5574 570 5632 secundum
587 5572 680 5630 illud:
696 5594 711 5624 «
728 5576 784 5630 ltro
799 5578 948 5644 moratus,
1005 5582 1101 5636 catur.
1119 5575 1213 5648 Unde,
1225 5601 1239 5630 o
1257 5579 1338 5638 dedit
1353 5578 1398 5639 sla
1412 5582 1586 5652 potestatem
1603 5578 1680 5638 illios
1695 5578 1747 5638 liei
1762 5579 1839 5666 beri,
