<?xml version="1.0" encoding="UTF-8"?>
<!DOCTYPE html PUBLIC "-//W3C//DTD XHTML 1.0 Transitional//EN"
    "http://www.w3.org/TR/xhtml1/DTD/xhtml1-transitional.dtd">
<html xmlns="http://www.w3.org/1999/xhtml" xml:lang="en" lang="en">
 <head>
  <title>
</title>
<meta http-equiv="Content-Type" content="text/html;charset=utf-8" />
  <meta name='ocr-system' content='tesseract 3.04.00' />
  <meta name='ocr-capabilities' content='ocr_page ocr_carea ocr_par ocr_line ocrx_word'/>
</head>
<body>
  <div class='ocr_page' id='page_1' title='image "./patrologiaecurs35unkngoog_0831.png"; bbox 0 0 3802 6030; ppageno 0'>
   <div class='ocr_carea' id='block_1_1' title="bbox 129 211 1846 291">
    <p class='ocr_par' dir='ltr' id='par_1_1' title="bbox 129 211 1846 291">
     <span class='ocr_line' id='line_1_1' title="bbox 129 211 1846 291; baseline -0.006 -6"><span class='ocrx_word' id='word_1_1' title='bbox 129 216 208 291; x_wconf 71' lang='lat' dir='ltr'>{th</span> <span class='ocrx_word' id='word_1_2' title='bbox 688 219 870 283; x_wconf 72' lang='lat' dir='ltr'>maneum</span> <span class='ocrx_word' id='word_1_3' title='bbox 891 216 1135 282; x_wconf 75' lang='lat' dir='ltr'>REDONBNSIS</span> <span class='ocrx_word' id='word_1_4' title='bbox 1159 214 1334 278; x_wconf 70' lang='lat' dir='ltr'>artocopi</span> <span class='ocrx_word' id='word_1_5' title='bbox 1539 266 1542 271; x_wconf 85' lang='lat'>.</span> <span class='ocrx_word' id='word_1_6' title='bbox 1770 211 1846 275; x_wconf 79' lang='lat' dir='ltr'>leot</span> 
     </span>
    </p>
   </div>
   <div class='ocr_carea' id='block_1_2' title="bbox 45 342 1854 2213">
    <p class='ocr_par' dir='ltr' id='par_1_2' title="bbox 45 342 1854 2213">
     <span class='ocr_line' id='line_1_2' title="bbox 45 342 1767 433; baseline -0.009 -15"><span class='ocrx_word' id='word_1_7' title='bbox 45 342 48 351; x_wconf 47' lang='lat'>¹</span> <span class='ocrx_word' id='word_1_8' title='bbox 127 357 265 418; x_wconf 82' lang='lat' dir='ltr'>Gratulor</span> <span class='ocrx_word' id='word_1_9' title='bbox 275 357 414 433; x_wconf 88' lang='lat' dir='ltr'>auspiciis</span> <span class='ocrx_word' id='word_1_10' title='bbox 423 358 488 413; x_wconf 81' lang='lat' dir='ltr'>vita</span> <span class='ocrx_word' id='word_1_11' title='bbox 503 372 679 430; x_wconf 89' lang='lat' dir='ltr'>morumque</span> <span class='ocrx_word' id='word_1_12' title='bbox 693 355 851 421; x_wconf 85' lang='lat' dir='ltr'>bonorum,</span> <span class='ocrx_word' id='word_1_13' title='bbox 967 354 1073 422; x_wconf 70' lang='lat' dir='ltr'>Allato</span> <span class='ocrx_word' id='word_1_14' title='bbox 1088 367 1204 426; x_wconf 90' lang='lat' dir='ltr'>quoque</span> <span class='ocrx_word' id='word_1_15' title='bbox 1216 349 1364 419; x_wconf 84' lang='lat' dir='ltr'>deliniant,</span> <span class='ocrx_word' id='word_1_16' title='bbox 1381 349 1539 408; x_wconf 83' lang='lat' dir='ltr'>attactum</span> <span class='ocrx_word' id='word_1_17' title='bbox 1554 346 1658 407; x_wconf 85' lang='lat' dir='ltr'>labala</span> <span class='ocrx_word' id='word_1_18' title='bbox 1673 346 1767 405; x_wconf 84' lang='lat' dir='ltr'>flant.</span> 
     </span>
     <span class='ocr_line' id='line_1_3' title="bbox 163 434 1678 518; baseline -0.007 -14"><span class='ocrx_word' id='word_1_19' title='bbox 163 451 241 514; x_wconf 85' lang='lat' dir='ltr'>Quos</span> <span class='ocrx_word' id='word_1_20' title='bbox 255 450 286 505; x_wconf 90' lang='lat' dir='ltr'>in</span> <span class='ocrx_word' id='word_1_21' title='bbox 302 452 330 504; x_wconf 95' lang='lat' dir='ltr'>te</span> <span class='ocrx_word' id='word_1_22' title='bbox 348 446 494 517; x_wconf 82' lang='lat' dir='ltr'>Christus,</span> <span class='ocrx_word' id='word_1_23' title='bbox 512 445 561 517; x_wconf 92' lang='lat' dir='ltr'>qui</span> <span class='ocrx_word' id='word_1_24' title='bbox 577 444 710 514; x_wconf 78' lang='lat' dir='ltr'>dederat,</span> <span class='ocrx_word' id='word_1_25' title='bbox 725 444 839 518; x_wconf 77' lang='lat' dir='ltr'>recipit.</span> <span class='ocrx_word' id='word_1_26' title='bbox 1049 441 1155 498; x_wconf 90' lang='lat' dir='ltr'>Narrat</span> <span class='ocrx_word' id='word_1_27' title='bbox 1168 444 1199 496; x_wconf 93' lang='lat' dir='ltr'>et</span> <span class='ocrx_word' id='word_1_28' title='bbox 1214 440 1352 514; x_wconf 85' lang='lat' dir='ltr'>antiquos</span> <span class='ocrx_word' id='word_1_29' title='bbox 1368 437 1466 496; x_wconf 83' lang='lat' dir='ltr'>fabula</span> <span class='ocrx_word' id='word_1_30' title='bbox 1480 434 1678 507; x_wconf 86' lang='lat' dir='ltr'>doctiloquos.</span> 
     </span>
     <span class='ocr_line' id='line_1_4' title="bbox 129 527 1752 609; baseline -0.007 -15"><span class='ocrx_word' id='word_1_31' title='bbox 129 535 264 594; x_wconf 81' lang='lat' dir='ltr'>Dociesia</span> <span class='ocrx_word' id='word_1_32' title='bbox 277 536 382 593; x_wconf 89' lang='lat' dir='ltr'>castris</span> <span class='ocrx_word' id='word_1_33' title='bbox 398 540 426 591; x_wconf 90' lang='lat' dir='ltr'>te</span> <span class='ocrx_word' id='word_1_34' title='bbox 441 534 572 609; x_wconf 90' lang='lat' dir='ltr'>gratulor</span> <span class='ocrx_word' id='word_1_35' title='bbox 586 535 777 601; x_wconf 86' lang='lat' dir='ltr'>associatum,</span> <span class='ocrx_word' id='word_1_36' title='bbox 1014 529 1318 604; x_wconf 82' lang='lat' dir='ltr'>Stragulablattarum</span> <span class='ocrx_word' id='word_1_37' title='bbox 1333 529 1424 587; x_wconf 82' lang='lat' dir='ltr'>vestie</span> <span class='ocrx_word' id='word_1_38' title='bbox 1439 529 1523 585; x_wconf 84' lang='lat' dir='ltr'>cibus</span> <span class='ocrx_word' id='word_1_39' title='bbox 1534 544 1567 585; x_wconf 91' lang='lat' dir='ltr'>ac</span> <span class='ocrx_word' id='word_1_40' title='bbox 1576 527 1752 598; x_wconf 85' lang='lat' dir='ltr'>tinearum,</span> 
     </span>
     <span class='ocr_line' id='line_1_5' title="bbox 167 617 1605 696; baseline -0.005 -15"><span class='ocrx_word' id='word_1_41' title='bbox 167 625 221 690; x_wconf 86' lang='lat' dir='ltr'>Dui</span> <span class='ocrx_word' id='word_1_42' title='bbox 237 625 323 681; x_wconf 92' lang='lat' dir='ltr'>modo</span> <span class='ocrx_word' id='word_1_43' title='bbox 339 623 395 681; x_wconf 91' lang='lat' dir='ltr'>sub</span> <span class='ocrx_word' id='word_1_44' title='bbox 412 624 514 679; x_wconf 88' lang='lat' dir='ltr'>mnndi</span> <span class='ocrx_word' id='word_1_45' title='bbox 527 624 657 696; x_wconf 78' lang='lat' dir='ltr'>principe</span> <span class='ocrx_word' id='word_1_46' title='bbox 673 622 758 679; x_wconf 89' lang='lat' dir='ltr'>miles</span> <span class='ocrx_word' id='word_1_47' title='bbox 770 638 835 679; x_wconf 86' lang='lat' dir='ltr'>eras</span> <span class='ocrx_word' id='word_1_48' title='bbox 1049 620 1085 676; x_wconf 79' lang='lat' dir='ltr'>ut</span> <span class='ocrx_word' id='word_1_49' title='bbox 1097 624 1230 677; x_wconf 82' lang='lat' dir='ltr'>metuens</span> <span class='ocrx_word' id='word_1_50' title='bbox 1247 619 1326 676; x_wconf 87' lang='lat' dir='ltr'>tures</span> <span class='ocrx_word' id='word_1_51' title='bbox 1341 635 1429 676; x_wconf 88' lang='lat' dir='ltr'>aurea</span> <span class='ocrx_word' id='word_1_52' title='bbox 1443 617 1605 689; x_wconf 86' lang='lat' dir='ltr'>congeries,</span> 
     </span>
     <span class='ocr_line' id='line_1_6' title="bbox 131 704 1751 786; baseline -0.007 -15"><span class='ocrx_word' id='word_1_53' title='bbox 131 714 227 771; x_wconf 86' lang='lat' dir='ltr'>Necte</span> <span class='ocrx_word' id='word_1_54' title='bbox 242 714 390 786; x_wconf 76' lang='lat' dir='ltr'>paeniteat,</span> <span class='ocrx_word' id='word_1_55' title='bbox 408 713 493 784; x_wconf 88' lang='lat' dir='ltr'>quasi</span> <span class='ocrx_word' id='word_1_56' title='bbox 511 711 552 768; x_wconf 91' lang='lat' dir='ltr'>sis</span> <span class='ocrx_word' id='word_1_57' title='bbox 572 713 671 783; x_wconf 84' lang='lat' dir='ltr'>pejora</span> <span class='ocrx_word' id='word_1_58' title='bbox 686 720 813 779; x_wconf 87' lang='lat' dir='ltr'>secutus,</span> <span class='ocrx_word' id='word_1_59' title='bbox 1013 709 1097 767; x_wconf 87' lang='lat' dir='ltr'>Dmni</span> <span class='ocrx_word' id='word_1_60' title='bbox 1116 709 1252 782; x_wconf 84' lang='lat' dir='ltr'>prudenti</span> <span class='ocrx_word' id='word_1_61' title='bbox 1273 708 1315 765; x_wconf 88' lang='lat' dir='ltr'>sic</span> <span class='ocrx_word' id='word_1_62' title='bbox 1330 712 1400 764; x_wconf 88' lang='lat' dir='ltr'>suut</span> <span class='ocrx_word' id='word_1_63' title='bbox 1413 706 1499 781; x_wconf 90' lang='lat' dir='ltr'>quasi</span> <span class='ocrx_word' id='word_1_64' title='bbox 1512 705 1637 763; x_wconf 88' lang='lat' dir='ltr'>llamiua</span> <span class='ocrx_word' id='word_1_65' title='bbox 1650 704 1751 772; x_wconf 82' lang='lat' dir='ltr'>venti,</span> 
     </span>
     <span class='ocr_line' id='line_1_7' title="bbox 62 795 1802 879; baseline -0.005 -22"><span class='ocrx_word' id='word_1_66' title='bbox 62 875 65 879; x_wconf 18' lang='grc' dir='ltr'>Ι</span> <span class='ocrx_word' id='word_1_67' title='bbox 168 801 229 860; x_wconf 84' lang='lat' dir='ltr'>Cito</span> <span class='ocrx_word' id='word_1_68' title='bbox 244 803 328 858; x_wconf 90' lang='lat' dir='ltr'>rudis</span> <span class='ocrx_word' id='word_1_69' title='bbox 345 802 442 858; x_wconf 86' lang='lat' dir='ltr'>iactus</span> <span class='ocrx_word' id='word_1_70' title='bbox 458 800 551 856; x_wconf 89' lang='lat' dir='ltr'>milite</span> <span class='ocrx_word' id='word_1_71' title='bbox 565 800 601 857; x_wconf 93' lang='lat' dir='ltr'>de</span> <span class='ocrx_word' id='word_1_72' title='bbox 615 801 715 857; x_wconf 87' lang='lat' dir='ltr'>veteri.</span> <span class='ocrx_word' id='word_1_73' title='bbox 1050 799 1182 856; x_wconf 79' lang='lat' dir='ltr'>Flamina</span> <span class='ocrx_word' id='word_1_74' title='bbox 1197 802 1382 871; x_wconf 77' lang='lat' dir='ltr'>pratereunt,</span> <span class='ocrx_word' id='word_1_75' title='bbox 1399 813 1452 853; x_wconf 91' lang='lat' dir='ltr'>neo</span> <span class='ocrx_word' id='word_1_76' title='bbox 1468 797 1567 852; x_wconf 87' lang='lat' dir='ltr'>minus</span> <span class='ocrx_word' id='word_1_77' title='bbox 1580 795 1639 852; x_wconf 88' lang='lat' dir='ltr'>hoc</span> <span class='ocrx_word' id='word_1_78' title='bbox 1653 797 1802 868; x_wconf 88' lang='lat' dir='ltr'>pareunt.</span> 
     </span>
     <span class='ocr_line' id='line_1_8' title="bbox 131 884 1683 963; baseline -0.004 -17"><span class='ocrx_word' id='word_1_79' title='bbox 131 888 247 946; x_wconf 85' lang='lat' dir='ltr'>Scilicet</span> <span class='ocrx_word' id='word_1_80' title='bbox 262 892 396 962; x_wconf 73' lang='lat' dir='ltr'>abjectus</span> <span class='ocrx_word' id='word_1_81' title='bbox 408 905 515 963; x_wconf 82' lang='lat' dir='ltr'>magua</span> <span class='ocrx_word' id='word_1_82' title='bbox 530 888 611 962; x_wconf 87' lang='lat' dir='ltr'>eligit</span> <span class='ocrx_word' id='word_1_83' title='bbox 626 889 657 961; x_wconf 75' lang='lat' dir='ltr'>[s.</span> <span class='ocrx_word' id='word_1_84' title='bbox 676 889 770 962; x_wconf 87' lang='lat' dir='ltr'>magis</span> <span class='ocrx_word' id='word_1_85' title='bbox 780 886 877 962; x_wconf 87' lang='lat' dir='ltr'>eligis]</span> <span class='ocrx_word' id='word_1_86' title='bbox 892 901 957 944; x_wconf 84' lang='lat' dir='ltr'>essa</span> <span class='ocrx_word' id='word_1_87' title='bbox 1013 889 1150 948; x_wconf 82' lang='lat' dir='ltr'>Mollitiaa</span> <span class='ocrx_word' id='word_1_88' title='bbox 1166 887 1235 945; x_wconf 84' lang='lat' dir='ltr'>lecti</span> <span class='ocrx_word' id='word_1_89' title='bbox 1248 887 1318 961; x_wconf 90' lang='lat' dir='ltr'>quid</span> <span class='ocrx_word' id='word_1_90' title='bbox 1335 886 1444 944; x_wconf 87' lang='lat' dir='ltr'>coniert</span> <span class='ocrx_word' id='word_1_91' title='bbox 1456 884 1568 942; x_wconf 90' lang='lat' dir='ltr'>murice</span> <span class='ocrx_word' id='word_1_92' title='bbox 1583 884 1683 941; x_wconf 72' lang='lat' dir='ltr'>tecti?</span> 
     </span>
     <span class='ocr_line' id='line_1_9' title="bbox 767 971 1854 1053; baseline -0.003 -21"><span class='ocrx_word' id='word_1_93' title='bbox 767 975 921 1053; x_wconf 88' lang='lat' dir='ltr'>[propbeta</span> <span class='ocrx_word' id='word_1_94' title='bbox 1049 978 1150 1035; x_wconf 76' lang='lat' dir='ltr'>Aufert</span> <span class='ocrx_word' id='word_1_95' title='bbox 1165 975 1339 1050; x_wconf 88' lang='lat' dir='ltr'>quippatori</span> <span class='ocrx_word' id='word_1_96' title='bbox 1363 974 1455 1047; x_wconf 91' lang='lat' dir='ltr'>gloria</span> <span class='ocrx_word' id='word_1_97' title='bbox 1481 972 1563 1030; x_wconf 92' lang='lat' dir='ltr'>nulla</span> <span class='ocrx_word' id='word_1_98' title='bbox 1578 972 1657 1029; x_wconf 88' lang='lat' dir='ltr'>mori</span> <span class='ocrx_word' id='word_1_99' title='bbox 1687 972 1727 1046; x_wconf 76' lang='lat' dir='ltr'>[s.</span> <span class='ocrx_word' id='word_1_100' title='bbox 1744 971 1854 1043; x_wconf 81' lang='lat' dir='ltr'>gaudia</span> 
     </span>
     <span class='ocr_line' id='line_1_10' title="bbox 168 1057 1820 1142; baseline -0.005 -18"><span class='ocrx_word' id='word_1_101' title='bbox 168 1069 259 1134; x_wconf 79' lang='lat' dir='ltr'>Quam</span> <span class='ocrx_word' id='word_1_102' title='bbox 274 1074 461 1142; x_wconf 87' lang='lat' dir='ltr'>peecatorum</span> <span class='ocrx_word' id='word_1_103' title='bbox 476 1072 572 1126; x_wconf 88' lang='lat' dir='ltr'>castra</span> <span class='ocrx_word' id='word_1_104' title='bbox 588 1068 714 1124; x_wconf 83' lang='lat' dir='ltr'>notanda</span> <span class='ocrx_word' id='word_1_105' title='bbox 728 1066 821 1139; x_wconf 88' lang='lat' dir='ltr'>aequi.</span> <span class='ocrx_word' id='word_1_106' title='bbox 1582 1061 1691 1137; x_wconf 83' lang='lat' dir='ltr'>[possa</span> <span class='ocrx_word' id='word_1_107' title='bbox 1712 1057 1820 1127; x_wconf 74' lang='lat' dir='ltr'>morit</span> 
     </span>
     <span class='ocr_line' id='line_1_11' title="bbox 133 1151 1697 1232; baseline -0.004 -19"><span class='ocrx_word' id='word_1_108' title='bbox 133 1158 223 1216; x_wconf 87' lang='lat' dir='ltr'>Passa</span> <span class='ocrx_word' id='word_1_109' title='bbox 238 1164 336 1216; x_wconf 90' lang='lat' dir='ltr'>tamen</span> <span class='ocrx_word' id='word_1_110' title='bbox 352 1174 410 1215; x_wconf 92' lang='lat' dir='ltr'>non</span> <span class='ocrx_word' id='word_1_111' title='bbox 426 1161 472 1214; x_wconf 88' lang='lat' dir='ltr'>est</span> <span class='ocrx_word' id='word_1_112' title='bbox 484 1160 519 1214; x_wconf 89' lang='lat' dir='ltr'>de</span> <span class='ocrx_word' id='word_1_113' title='bbox 535 1162 564 1214; x_wconf 91' lang='lat' dir='ltr'>te</span> <span class='ocrx_word' id='word_1_114' title='bbox 578 1158 710 1232; x_wconf 80' lang='lat' dir='ltr'>dignatio</span> <span class='ocrx_word' id='word_1_115' title='bbox 724 1155 832 1216; x_wconf 85' lang='lat' dir='ltr'>Christi</span> <span class='ocrx_word' id='word_1_116' title='bbox 1015 1154 1140 1213; x_wconf 88' lang='lat' dir='ltr'>Delicias</span> <span class='ocrx_word' id='word_1_117' title='bbox 1156 1170 1261 1211; x_wconf 85' lang='lat' dir='ltr'>mensas</span> <span class='ocrx_word' id='word_1_118' title='bbox 1276 1154 1362 1226; x_wconf 84' lang='lat' dir='ltr'>quasi</span> <span class='ocrx_word' id='word_1_119' title='bbox 1379 1151 1450 1209; x_wconf 83' lang='lat' dir='ltr'>eilia</span> <span class='ocrx_word' id='word_1_120' title='bbox 1465 1151 1576 1208; x_wconf 77' lang='lat' dir='ltr'>screnis</span> <span class='ocrx_word' id='word_1_121' title='bbox 1590 1166 1697 1221; x_wconf 67' lang='lat' dir='ltr'>ocum,</span> 
     </span>
     <span class='ocr_line' id='line_1_12' title="bbox 164 1240 1614 1307; baseline -0.007 0"><span class='ocrx_word' id='word_1_122' title='bbox 164 1249 203 1307; x_wconf 86' lang='lat' dir='ltr'>Ut</span> <span class='ocrx_word' id='word_1_123' title='bbox 216 1249 281 1307; x_wconf 88' lang='lat' dir='ltr'>vilis</span> <span class='ocrx_word' id='word_1_124' title='bbox 301 1250 385 1306; x_wconf 84' lang='lat' dir='ltr'>dares</span> <span class='ocrx_word' id='word_1_125' title='bbox 398 1250 534 1306; x_wconf 88' lang='lat' dir='ltr'>interiore</span> <span class='ocrx_word' id='word_1_126' title='bbox 550 1250 622 1306; x_wconf 90' lang='lat' dir='ltr'>loco.</span> <span class='ocrx_word' id='word_1_127' title='bbox 1050 1245 1177 1305; x_wconf 82' lang='lat' dir='ltr'>Cinaram</span> <span class='ocrx_word' id='word_1_128' title='bbox 1191 1260 1258 1301; x_wconf 90' lang='lat' dir='ltr'>eum</span> <span class='ocrx_word' id='word_1_129' title='bbox 1274 1243 1323 1299; x_wconf 85' lang='lat' dir='ltr'>vili</span> <span class='ocrx_word' id='word_1_130' title='bbox 1337 1243 1461 1300; x_wconf 81' lang='lat' dir='ltr'>vertitur</span> <span class='ocrx_word' id='word_1_131' title='bbox 1474 1242 1504 1298; x_wconf 92' lang='lat' dir='ltr'>in</span> <span class='ocrx_word' id='word_1_132' title='bbox 1517 1240 1614 1298; x_wconf 90' lang='lat' dir='ltr'>nihili.</span> 
     </span>
     <span class='ocr_line' id='line_1_13' title="bbox 134 1328 1768 1405; baseline -0.004 -13"><span class='ocrx_word' id='word_1_133' title='bbox 134 1338 349 1394; x_wconf 73' lang='lat' dir='ltr'>archidiaconii</span> <span class='ocrx_word' id='word_1_134' title='bbox 365 1354 432 1394; x_wconf 84' lang='lat' dir='ltr'>mox</span> <span class='ocrx_word' id='word_1_135' title='bbox 447 1336 625 1395; x_wconf 87' lang='lat' dir='ltr'>sublimatus</span> <span class='ocrx_word' id='word_1_136' title='bbox 639 1338 749 1395; x_wconf 90' lang='lat' dir='ltr'>honore</span> <span class='ocrx_word' id='word_1_137' title='bbox 1014 1340 1127 1403; x_wconf 84' lang='lat' dir='ltr'>Servos,</span> <span class='ocrx_word' id='word_1_138' title='bbox 1143 1332 1277 1401; x_wconf 87' lang='lat' dir='ltr'>ancilias,</span> <span class='ocrx_word' id='word_1_139' title='bbox 1293 1350 1361 1389; x_wconf 92' lang='lat' dir='ltr'>cum</span> <span class='ocrx_word' id='word_1_140' title='bbox 1374 1332 1515 1403; x_wconf 86' lang='lat' dir='ltr'>turribus,</span> <span class='ocrx_word' id='word_1_141' title='bbox 1530 1330 1655 1405; x_wconf 89' lang='lat' dir='ltr'>oppida,</span> <span class='ocrx_word' id='word_1_142' title='bbox 1671 1328 1768 1387; x_wconf 81' lang='lat' dir='ltr'>villas</span> 
     </span>
     <span class='ocr_line' id='line_1_14' title="bbox 171 1419 1737 1500; baseline -0.005 -16"><span class='ocrx_word' id='word_1_143' title='bbox 171 1426 288 1498; x_wconf 81' lang='lat' dir='ltr'>Absque</span> <span class='ocrx_word' id='word_1_144' title='bbox 303 1426 401 1483; x_wconf 89' lang='lat' dir='ltr'>labore</span> <span class='ocrx_word' id='word_1_145' title='bbox 413 1429 494 1499; x_wconf 88' lang='lat' dir='ltr'>capia</span> <span class='ocrx_word' id='word_1_146' title='bbox 505 1428 582 1498; x_wconf 90' lang='lat' dir='ltr'>quod</span> <span class='ocrx_word' id='word_1_147' title='bbox 599 1427 681 1484; x_wconf 89' lang='lat' dir='ltr'>labor</span> <span class='ocrx_word' id='word_1_148' title='bbox 697 1427 873 1500; x_wconf 73' lang='lat' dir='ltr'>assequitur.</span> <span class='ocrx_word' id='word_1_149' title='bbox 1050 1424 1189 1497; x_wconf 85' lang='lat' dir='ltr'>Quisquis</span> <span class='ocrx_word' id='word_1_150' title='bbox 1203 1423 1294 1479; x_wconf 86' lang='lat' dir='ltr'>habet</span> <span class='ocrx_word' id='word_1_151' title='bbox 1308 1423 1406 1478; x_wconf 84' lang='lat' dir='ltr'>rivaus</span> <span class='ocrx_word' id='word_1_152' title='bbox 1420 1421 1535 1478; x_wconf 85' lang='lat' dir='ltr'>deseret</span> <span class='ocrx_word' id='word_1_153' title='bbox 1550 1424 1579 1476; x_wconf 88' lang='lat' dir='ltr'>et</span> <span class='ocrx_word' id='word_1_154' title='bbox 1595 1419 1737 1477; x_wconf 84' lang='lat' dir='ltr'>moriens</span> 
     </span>
     <span class='ocr_line' id='line_1_15' title="bbox 131 1507 1641 1587; baseline -0.002 -18"><span class='ocrx_word' id='word_1_155' title='bbox 131 1514 185 1572; x_wconf 83' lang='lat' dir='ltr'>sed</span> <span class='ocrx_word' id='word_1_156' title='bbox 203 1530 260 1571; x_wconf 90' lang='lat' dir='ltr'>nou</span> <span class='ocrx_word' id='word_1_157' title='bbox 278 1515 432 1587; x_wconf 88' lang='lat' dir='ltr'>displiceat</span> <span class='ocrx_word' id='word_1_158' title='bbox 446 1516 610 1573; x_wconf 88' lang='lat' dir='ltr'>rectoribus</span> <span class='ocrx_word' id='word_1_159' title='bbox 623 1514 814 1572; x_wconf 67' lang='lat' dir='ltr'>[aeclesiarum</span> <span class='ocrx_word' id='word_1_160' title='bbox 1015 1513 1152 1570; x_wconf 79' lang='lat' dir='ltr'>Arminio</span> <span class='ocrx_word' id='word_1_161' title='bbox 1169 1510 1273 1585; x_wconf 87' lang='lat' dir='ltr'>pelles,</span> <span class='ocrx_word' id='word_1_162' title='bbox 1287 1514 1505 1583; x_wconf 84' lang='lat' dir='ltr'>exornatusque</span> <span class='ocrx_word' id='word_1_163' title='bbox 1520 1507 1641 1566; x_wconf 87' lang='lat' dir='ltr'>satelles</span> 
     </span>
     <span class='ocr_line' id='line_1_16' title="bbox 169 1597 1821 1678; baseline -0.002 -19"><span class='ocrx_word' id='word_1_164' title='bbox 169 1605 324 1678; x_wconf 77' lang='lat' dir='ltr'>Accepisse</span> <span class='ocrx_word' id='word_1_165' title='bbox 339 1604 453 1673; x_wconf 88' lang='lat' dir='ltr'>rudem,</span> <span class='ocrx_word' id='word_1_166' title='bbox 472 1606 550 1677; x_wconf 90' lang='lat' dir='ltr'>quod</span> <span class='ocrx_word' id='word_1_167' title='bbox 566 1604 642 1662; x_wconf 83' lang='lat' dir='ltr'>foret</span> <span class='ocrx_word' id='word_1_168' title='bbox 657 1604 782 1662; x_wconf 84' lang='lat' dir='ltr'>emeriti.</span> <span class='ocrx_word' id='word_1_169' title='bbox 1051 1604 1144 1669; x_wconf 78' lang='lat' dir='ltr'>Quem</span> <span class='ocrx_word' id='word_1_170' title='bbox 1158 1602 1255 1659; x_wconf 89' lang='lat' dir='ltr'>laudis</span> <span class='ocrx_word' id='word_1_171' title='bbox 1269 1599 1388 1657; x_wconf 90' lang='lat' dir='ltr'>titulum</span> <span class='ocrx_word' id='word_1_172' title='bbox 1400 1600 1471 1657; x_wconf 90' lang='lat' dir='ltr'>dant</span> <span class='ocrx_word' id='word_1_173' title='bbox 1485 1599 1539 1656; x_wconf 91' lang='lat' dir='ltr'>tibi</span> <span class='ocrx_word' id='word_1_174' title='bbox 1550 1602 1617 1671; x_wconf 85' lang='lat' dir='ltr'>poet</span> <span class='ocrx_word' id='word_1_175' title='bbox 1632 1597 1821 1655; x_wconf 68' lang='lat' dir='ltr'>tumulum?</span> 
     </span>
     <span class='ocr_line' id='line_1_17' title="bbox 135 1687 1849 1767; baseline -0.004 -17"><span class='ocrx_word' id='word_1_176' title='bbox 135 1692 272 1750; x_wconf 78' lang='lat' dir='ltr'>Censura</span> <span class='ocrx_word' id='word_1_177' title='bbox 288 1709 431 1750; x_wconf 89' lang='lat' dir='ltr'>canonum</span> <span class='ocrx_word' id='word_1_178' title='bbox 449 1709 495 1750; x_wconf 90' lang='lat' dir='ltr'>rea</span> <span class='ocrx_word' id='word_1_179' title='bbox 510 1710 567 1751; x_wconf 93' lang='lat' dir='ltr'>non</span> <span class='ocrx_word' id='word_1_180' title='bbox 585 1694 757 1767; x_wconf 75' lang='lat' dir='ltr'>prejudicat</span> <span class='ocrx_word' id='word_1_181' title='bbox 771 1693 839 1764; x_wconf 90' lang='lat' dir='ltr'>ista,</span> <span class='ocrx_word' id='word_1_182' title='bbox 1017 1693 1090 1761; x_wconf 82' lang='lat' dir='ltr'>Quid</span> <span class='ocrx_word' id='word_1_183' title='bbox 1107 1691 1198 1749; x_wconf 89' lang='lat' dir='ltr'>maris</span> <span class='ocrx_word' id='word_1_184' title='bbox 1209 1696 1239 1748; x_wconf 89' lang='lat' dir='ltr'>et</span> <span class='ocrx_word' id='word_1_185' title='bbox 1252 1695 1337 1747; x_wconf 81' lang='lat' dir='ltr'>terre</span> <span class='ocrx_word' id='word_1_186' title='bbox 1350 1704 1501 1763; x_wconf 87' lang='lat' dir='ltr'>properem</span> <span class='ocrx_word' id='word_1_187' title='bbox 1518 1689 1720 1746; x_wconf 88' lang='lat' dir='ltr'>bonaouncta</span> <span class='ocrx_word' id='word_1_188' title='bbox 1729 1687 1849 1756; x_wconf 76' lang='lat' dir='ltr'>ratam,</span> 
     </span>
     <span class='ocr_line' id='line_1_18' title="bbox 172 1742 1741 1857; baseline -0.003 -20"><span class='ocrx_word' id='word_1_189' title='bbox 172 1782 424 1854; x_wconf 77' lang='lat' dir='ltr'>Quandoquidem,</span> <span class='ocrx_word' id='word_1_190' title='bbox 441 1781 538 1841; x_wconf 86' lang='lat' dir='ltr'>claudi</span> <span class='ocrx_word' id='word_1_191' title='bbox 552 1781 627 1857; x_wconf 81' lang='lat' dir='ltr'>lege,</span> <span class='ocrx_word' id='word_1_192' title='bbox 643 1782 745 1855; x_wconf 89' lang='lat' dir='ltr'>nequit</span> <span class='ocrx_word' id='word_1_193' title='bbox 760 1782 901 1854; x_wconf 84' lang='lat' dir='ltr'>probitas.</span> <span class='ocrx_word' id='word_1_194' title='bbox 975 1742 999 1806; x_wconf 72' lang='grc' dir='ltr'><strong>Β</strong></span> <span class='ocrx_word' id='word_1_195' title='bbox 1051 1784 1119 1850; x_wconf 82' lang='lat' dir='ltr'>Qua</span> <span class='ocrx_word' id='word_1_196' title='bbox 1138 1781 1222 1853; x_wconf 89' lang='lat' dir='ltr'>quasi</span> <span class='ocrx_word' id='word_1_197' title='bbox 1237 1783 1267 1836; x_wconf 92' lang='lat' dir='ltr'>te</span> <span class='ocrx_word' id='word_1_198' title='bbox 1282 1779 1388 1845; x_wconf 79' lang='lat' dir='ltr'>ditant,</span> <span class='ocrx_word' id='word_1_199' title='bbox 1404 1782 1433 1834; x_wconf 85' lang='lat' dir='ltr'>et</span> <span class='ocrx_word' id='word_1_200' title='bbox 1447 1777 1499 1834; x_wconf 91' lang='lat' dir='ltr'>tibi</span> <span class='ocrx_word' id='word_1_201' title='bbox 1512 1775 1741 1851; x_wconf 64' lang='lat' dir='ltr'>suppeditant?</span> 
     </span>
     <span class='ocr_line' id='line_1_19' title="bbox 137 1865 1583 1946; baseline -0.006 -16"><span class='ocrx_word' id='word_1_202' title='bbox 137 1872 347 1930; x_wconf 83' lang='lat' dir='ltr'>Consummata</span> <span class='ocrx_word' id='word_1_203' title='bbox 363 1872 443 1929; x_wconf 86' lang='lat' dir='ltr'>brevi</span> <span class='ocrx_word' id='word_1_204' title='bbox 455 1877 628 1945; x_wconf 89' lang='lat' dir='ltr'>compensat</span> <span class='ocrx_word' id='word_1_205' title='bbox 642 1877 778 1946; x_wconf 86' lang='lat' dir='ltr'>tempora</span> <span class='ocrx_word' id='word_1_206' title='bbox 793 1870 885 1929; x_wconf 90' lang='lat' dir='ltr'>multa</span> <span class='ocrx_word' id='word_1_207' title='bbox 1014 1870 1125 1929; x_wconf 81' lang='lat' dir='ltr'>Divitia</span> <span class='ocrx_word' id='word_1_208' title='bbox 1138 1867 1211 1926; x_wconf 86' lang='lat' dir='ltr'>tales</span> <span class='ocrx_word' id='word_1_209' title='bbox 1222 1872 1290 1925; x_wconf 90' lang='lat' dir='ltr'>aunt</span> <span class='ocrx_word' id='word_1_210' title='bbox 1299 1867 1373 1924; x_wconf 89' lang='lat' dir='ltr'>nulli</span> <span class='ocrx_word' id='word_1_211' title='bbox 1389 1865 1583 1940; x_wconf 87' lang='lat' dir='ltr'>perpetuales,</span> 
     </span>
     <span class='ocr_line' id='line_1_20' title="bbox 173 1957 1814 2035; baseline -0.002 -20"><span class='ocrx_word' id='word_1_212' title='bbox 173 1959 281 2030; x_wconf 85' lang='lat' dir='ltr'>Virtus,</span> <span class='ocrx_word' id='word_1_213' title='bbox 298 1969 326 2018; x_wconf 87' lang='lat' dir='ltr'>at</span> <span class='ocrx_word' id='word_1_214' title='bbox 339 1962 443 2018; x_wconf 84' lang='lat' dir='ltr'>marito</span> <span class='ocrx_word' id='word_1_215' title='bbox 459 1962 536 2035; x_wconf 92' lang='lat' dir='ltr'>quod</span> <span class='ocrx_word' id='word_1_216' title='bbox 553 1961 626 2035; x_wconf 88' lang='lat' dir='ltr'>petit</span> <span class='ocrx_word' id='word_1_217' title='bbox 646 1962 798 2035; x_wconf 89' lang='lat' dir='ltr'>anticipat.</span> <span class='ocrx_word' id='word_1_218' title='bbox 1050 1960 1123 2017; x_wconf 82' lang='lat' dir='ltr'>Cum</span> <span class='ocrx_word' id='word_1_219' title='bbox 1139 1959 1251 2016; x_wconf 91' lang='lat' dir='ltr'>mundo</span> <span class='ocrx_word' id='word_1_220' title='bbox 1263 1959 1387 2027; x_wconf 83' lang='lat' dir='ltr'>vadunt,</span> <span class='ocrx_word' id='word_1_221' title='bbox 1402 1973 1530 2032; x_wconf 89' lang='lat' dir='ltr'>cumque</span> <span class='ocrx_word' id='word_1_222' title='bbox 1544 1957 1670 2014; x_wconf 87' lang='lat' dir='ltr'>cadente</span> <span class='ocrx_word' id='word_1_223' title='bbox 1687 1957 1814 2014; x_wconf 86' lang='lat' dir='ltr'>eadunt.</span> 
     </span>
     <span class='ocr_line' id='line_1_21' title="bbox 136 2040 1847 2124; baseline -0.005 -16"><span class='ocrx_word' id='word_1_224' title='bbox 136 2051 234 2108; x_wconf 79' lang='lat' dir='ltr'>Altum</span> <span class='ocrx_word' id='word_1_225' title='bbox 250 2050 359 2124; x_wconf 91' lang='lat' dir='ltr'>quippe</span> <span class='ocrx_word' id='word_1_226' title='bbox 373 2050 473 2108; x_wconf 90' lang='lat' dir='ltr'>locum</span> <span class='ocrx_word' id='word_1_227' title='bbox 487 2051 564 2108; x_wconf 90' lang='lat' dir='ltr'>datis</span> <span class='ocrx_word' id='word_1_228' title='bbox 580 2056 611 2108; x_wconf 91' lang='lat' dir='ltr'>tu</span> <span class='ocrx_word' id='word_1_229' title='bbox 627 2051 747 2109; x_wconf 89' lang='lat' dir='ltr'>dotibus</span> <span class='ocrx_word' id='word_1_230' title='bbox 759 2050 865 2124; x_wconf 84' lang='lat' dir='ltr'>imples</span> <span class='ocrx_word' id='word_1_231' title='bbox 1016 2051 1052 2104; x_wconf 83' lang='lat' dir='ltr'>at</span> <span class='ocrx_word' id='word_1_232' title='bbox 1066 2045 1144 2119; x_wconf 91' lang='lat' dir='ltr'>qnod</span> <span class='ocrx_word' id='word_1_233' title='bbox 1160 2059 1242 2102; x_wconf 88' lang='lat' dir='ltr'>amas</span> <span class='ocrx_word' id='word_1_234' title='bbox 1260 2044 1420 2113; x_wconf 81' lang='lat' dir='ltr'>Christum,</span> <span class='ocrx_word' id='word_1_235' title='bbox 1445 2046 1522 2119; x_wconf 88' lang='lat' dir='ltr'>quod</span> <span class='ocrx_word' id='word_1_236' title='bbox 1548 2043 1703 2101; x_wconf 91' lang='lat' dir='ltr'>mundum</span> <span class='ocrx_word' id='word_1_237' title='bbox 1718 2040 1847 2116; x_wconf 78' lang='lat' dir='ltr'>despicis</span> 
     </span>
     <span class='ocr_line' id='line_1_22' title="bbox 173 2133 1814 2213; baseline -0.006 -15"><span class='ocrx_word' id='word_1_238' title='bbox 173 2140 267 2198; x_wconf 85' lang='lat' dir='ltr'>Druas</span> <span class='ocrx_word' id='word_1_239' title='bbox 279 2145 452 2213; x_wconf 87' lang='lat' dir='ltr'>susceptum</span> <span class='ocrx_word' id='word_1_240' title='bbox 468 2140 600 2199; x_wconf 88' lang='lat' dir='ltr'>moribus</span> <span class='ocrx_word' id='word_1_241' title='bbox 616 2141 758 2199; x_wconf 82' lang='lat' dir='ltr'>officium.</span> <span class='ocrx_word' id='word_1_242' title='bbox 1705 2133 1814 2208; x_wconf 87' lang='lat' dir='ltr'>[iatum</span> 
     </span>
    </p>
   </div>
   <div class='ocr_carea' id='block_1_3' title="bbox 135 2222 1757 2395">
    <p class='ocr_par' dir='ltr' id='par_1_3' title="bbox 135 2222 1757 2395">
     <span class='ocr_line' id='line_1_23' title="bbox 135 2222 1738 2306; baseline -0.005 -18"><span class='ocrx_word' id='word_1_243' title='bbox 135 2231 177 2288; x_wconf 78' lang='lat' dir='ltr'>&#39;l&#39;e</span> <span class='ocrx_word' id='word_1_244' title='bbox 191 2230 326 2302; x_wconf 86' lang='lat' dir='ltr'>perbibat</span> <span class='ocrx_word' id='word_1_245' title='bbox 336 2233 465 2304; x_wconf 85' lang='lat' dir='ltr'>justum,</span> <span class='ocrx_word' id='word_1_246' title='bbox 478 2231 611 2304; x_wconf 86' lang='lat' dir='ltr'>perbibet</span> <span class='ocrx_word' id='word_1_247' title='bbox 624 2235 654 2290; x_wconf 87' lang='lat' dir='ltr'>te</span> <span class='ocrx_word' id='word_1_248' title='bbox 669 2232 749 2289; x_wconf 83' lang='lat' dir='ltr'>lama</span> <span class='ocrx_word' id='word_1_249' title='bbox 764 2230 905 2306; x_wconf 89' lang='lat' dir='ltr'>pudicum</span> <span class='ocrx_word' id='word_1_250' title='bbox 918 2248 925 2299; x_wconf 80' lang='lat'>3</span> <span class='ocrx_word' id='word_1_251' title='bbox 1049 2230 1087 2282; x_wconf 84' lang='lat' dir='ltr'>Bt</span> <span class='ocrx_word' id='word_1_252' title='bbox 1100 2225 1177 2300; x_wconf 89' lang='lat' dir='ltr'>quod</span> <span class='ocrx_word' id='word_1_253' title='bbox 1193 2225 1371 2299; x_wconf 87' lang='lat' dir='ltr'>pauperibus</span> <span class='ocrx_word' id='word_1_254' title='bbox 1384 2224 1474 2282; x_wconf 77' lang='lat' dir='ltr'>vestis</span> <span class='ocrx_word' id='word_1_255' title='bbox 1484 2240 1516 2281; x_wconf 89' lang='lat' dir='ltr'>as</span> <span class='ocrx_word' id='word_1_256' title='bbox 1529 2227 1616 2294; x_wconf 87' lang='lat' dir='ltr'>atque</span> <span class='ocrx_word' id='word_1_257' title='bbox 1635 2222 1738 2286; x_wconf 85' lang='lat' dir='ltr'>cibus.</span> 
     </span>
     <span class='ocr_line' id='line_1_24' title="bbox 173 2313 1757 2395; baseline -0.006 -19"><span class='ocrx_word' id='word_1_258' title='bbox 173 2321 216 2376; x_wconf 84' lang='lat' dir='ltr'>Tu</span> <span class='ocrx_word' id='word_1_259' title='bbox 233 2320 327 2377; x_wconf 90' lang='lat' dir='ltr'>bonus</span> <span class='ocrx_word' id='word_1_260' title='bbox 342 2320 471 2394; x_wconf 89' lang='lat' dir='ltr'>alloquio</span> <span class='ocrx_word' id='word_1_261' title='bbox 487 2326 641 2395; x_wconf 87' lang='lat' dir='ltr'>promptus</span> <span class='ocrx_word' id='word_1_262' title='bbox 655 2327 686 2378; x_wconf 86' lang='lat' dir='ltr'>et</span> <span class='ocrx_word' id='word_1_263' title='bbox 698 2321 852 2394; x_wconf 83' lang='lat' dir='ltr'>obsequio,</span> <span class='ocrx_word' id='word_1_264' title='bbox 1015 2315 1074 2372; x_wconf 82' lang='lat' dir='ltr'>lloo</span> <span class='ocrx_word' id='word_1_265' title='bbox 1088 2319 1116 2372; x_wconf 90' lang='lat' dir='ltr'>te</span> <span class='ocrx_word' id='word_1_266' title='bbox 1131 2314 1290 2372; x_wconf 82' lang='lat' dir='ltr'>formosam</span> <span class='ocrx_word' id='word_1_267' title='bbox 1302 2315 1371 2372; x_wconf 85' lang='lat' dir='ltr'>iacit</span> <span class='ocrx_word' id='word_1_268' title='bbox 1383 2318 1413 2372; x_wconf 92' lang='lat' dir='ltr'>at</span> <span class='ocrx_word' id='word_1_269' title='bbox 1427 2313 1551 2372; x_wconf 89' lang='lat' dir='ltr'>Domino</span> <span class='ocrx_word' id='word_1_270' title='bbox 1565 2313 1733 2387; x_wconf 86' lang='lat' dir='ltr'>pretiosam</span> <span class='ocrx_word' id='word_1_271' title='bbox 1748 2330 1757 2379; x_wconf 76' lang='grc' dir='ltr'>ς</span> 
     </span>
    </p>
   </div>
   <div class='ocr_carea' id='block_1_4' title="bbox 69 2400 1810 3281">
    <p class='ocr_par' dir='ltr' id='par_1_4' title="bbox 69 2400 1810 3281">
     <span class='ocr_line' id='line_1_25' title="bbox 69 2400 1794 2484; baseline -0.007 -16"><span class='ocrx_word' id='word_1_272' title='bbox 69 2430 73 2437; x_wconf 78' lang='grc'>’</span> <span class='ocrx_word' id='word_1_273' title='bbox 138 2407 175 2467; x_wconf 84' lang='lat' dir='ltr'>Ut</span> <span class='ocrx_word' id='word_1_274' title='bbox 189 2424 246 2465; x_wconf 92' lang='lat' dir='ltr'>nou</span> <span class='ocrx_word' id='word_1_275' title='bbox 261 2409 300 2466; x_wconf 88' lang='lat' dir='ltr'>sit</span> <span class='ocrx_word' id='word_1_276' title='bbox 315 2409 437 2467; x_wconf 89' lang='lat' dir='ltr'>dubium</span> <span class='ocrx_word' id='word_1_277' title='bbox 454 2411 588 2484; x_wconf 86' lang='lat' dir='ltr'>generosi</span> <span class='ocrx_word' id='word_1_278' title='bbox 604 2411 747 2484; x_wconf 78' lang='lat' dir='ltr'>germinis</span> <span class='ocrx_word' id='word_1_279' title='bbox 762 2426 836 2479; x_wconf 86' lang='lat' dir='ltr'>essa,</span> <span class='ocrx_word' id='word_1_280' title='bbox 1049 2403 1108 2461; x_wconf 88' lang='lat' dir='ltr'>Neu</span> <span class='ocrx_word' id='word_1_281' title='bbox 1122 2421 1213 2473; x_wconf 88' lang='lat' dir='ltr'>mors,</span> <span class='ocrx_word' id='word_1_282' title='bbox 1227 2420 1281 2462; x_wconf 87' lang='lat' dir='ltr'>nco</span> <span class='ocrx_word' id='word_1_283' title='bbox 1295 2405 1411 2462; x_wconf 87' lang='lat' dir='ltr'>senium</span> <span class='ocrx_word' id='word_1_284' title='bbox 1426 2405 1558 2460; x_wconf 88' lang='lat' dir='ltr'>destruet</span> <span class='ocrx_word' id='word_1_285' title='bbox 1573 2402 1630 2459; x_wconf 89' lang='lat' dir='ltr'>hoo</span> <span class='ocrx_word' id='word_1_286' title='bbox 1646 2400 1794 2474; x_wconf 89' lang='lat' dir='ltr'>pretium.</span> 
     </span>
     <span class='ocr_line' id='line_1_26' title="bbox 170 2490 1706 2566; baseline -0.004 -12"><span class='ocrx_word' id='word_1_287' title='bbox 170 2497 278 2556; x_wconf 70' lang='lat' dir='ltr'>abac</span> <span class='ocrx_word' id='word_1_288' title='bbox 293 2497 383 2562; x_wconf 82' lang='lat' dir='ltr'>Quem</span> <span class='ocrx_word' id='word_1_289' title='bbox 400 2499 442 2554; x_wconf 90' lang='lat' dir='ltr'>sic</span> <span class='ocrx_word' id='word_1_290' title='bbox 456 2498 644 2556; x_wconf 86' lang='lat' dir='ltr'>commendat</span> <span class='ocrx_word' id='word_1_291' title='bbox 659 2498 797 2555; x_wconf 87' lang='lat' dir='ltr'>nobilitas</span> <span class='ocrx_word' id='word_1_292' title='bbox 813 2497 916 2556; x_wconf 90' lang='lat' dir='ltr'>animi.</span> <span class='ocrx_word' id='word_1_293' title='bbox 1151 2493 1256 2553; x_wconf 80' lang='lat' dir='ltr'>xxiv.</span> <span class='ocrx_word' id='word_1_294' title='bbox 1272 2494 1312 2550; x_wconf 76' lang='lat' dir='ltr'>Ad</span> <span class='ocrx_word' id='word_1_295' title='bbox 1331 2495 1457 2566; x_wconf 78' lang='lat' dir='ltr'>reginum</span> <span class='ocrx_word' id='word_1_296' title='bbox 1475 2493 1633 2561; x_wconf 72' lang='lat' dir='ltr'>duplorum</span> <span class='ocrx_word' id='word_1_297' title='bbox 1648 2490 1706 2565; x_wconf 80' lang='grc'><strong>(9).</strong></span> 
     </span>
     <span class='ocr_line' id='line_1_27' title="bbox 134 2580 1721 2657; baseline -0.004 -14"><span class='ocrx_word' id='word_1_298' title='bbox 134 2589 196 2644; x_wconf 78' lang='lat' dir='ltr'>Dan</span> <span class='ocrx_word' id='word_1_299' title='bbox 215 2594 241 2641; x_wconf 85' lang='lat' dir='ltr'>te</span> <span class='ocrx_word' id='word_1_300' title='bbox 256 2586 415 2656; x_wconf 86' lang='lat' dir='ltr'>concupiit,</span> <span class='ocrx_word' id='word_1_301' title='bbox 433 2585 472 2641; x_wconf 90' lang='lat' dir='ltr'>mi</span> <span class='ocrx_word' id='word_1_302' title='bbox 486 2586 677 2643; x_wconf 84' lang='lat' dir='ltr'>dilectissima</span> <span class='ocrx_word' id='word_1_303' title='bbox 690 2586 743 2653; x_wconf 87' lang='lat' dir='ltr'>illi,</span> <span class='ocrx_word' id='word_1_304' title='bbox 1013 2583 1066 2641; x_wconf 79' lang='lat' dir='ltr'>Dat</span> <span class='ocrx_word' id='word_1_305' title='bbox 1079 2599 1173 2657; x_wconf 82' lang='lat' dir='ltr'>opera</span> <span class='ocrx_word' id='word_1_306' title='bbox 1189 2584 1315 2657; x_wconf 89' lang='lat' dir='ltr'>pretium</span> <span class='ocrx_word' id='word_1_307' title='bbox 1334 2588 1461 2641; x_wconf 84' lang='lat' dir='ltr'>tentasse</span> <span class='ocrx_word' id='word_1_308' title='bbox 1472 2582 1600 2655; x_wconf 89' lang='lat' dir='ltr'>pericula</span> <span class='ocrx_word' id='word_1_309' title='bbox 1614 2580 1721 2649; x_wconf 89' lang='lat' dir='ltr'>Ponti,</span> 
     </span>
     <span class='ocr_line' id='line_1_28' title="bbox 169 2670 1622 2746; baseline 0 -18"><span class='ocrx_word' id='word_1_310' title='bbox 169 2670 206 2729; x_wconf 90' lang='lat' dir='ltr'>Ut</span> <span class='ocrx_word' id='word_1_311' title='bbox 219 2672 312 2729; x_wconf 83' lang='lat' dir='ltr'>David</span> <span class='ocrx_word' id='word_1_312' title='bbox 328 2671 549 2746; x_wconf 80' lang='lat' dir='ltr'>Urlaeooujugia</span> <span class='ocrx_word' id='word_1_313' title='bbox 568 2673 752 2742; x_wconf 86' lang='lat' dir='ltr'>obsequium.</span> <span class='ocrx_word' id='word_1_314' title='bbox 1049 2673 1084 2729; x_wconf 77' lang='lat' dir='ltr'>ur</span> <span class='ocrx_word' id='word_1_315' title='bbox 1097 2672 1194 2730; x_wconf 79' lang='lat' dir='ltr'>dubia</span> <span class='ocrx_word' id='word_1_316' title='bbox 1209 2675 1298 2731; x_wconf 88' lang='lat' dir='ltr'>sortis</span> <span class='ocrx_word' id='word_1_317' title='bbox 1312 2673 1501 2745; x_wconf 89' lang='lat' dir='ltr'>pertimuisse</span> <span class='ocrx_word' id='word_1_318' title='bbox 1514 2672 1622 2728; x_wconf 86' lang='lat' dir='ltr'>minas.</span> 
     </span>
     <span class='ocr_line' id='line_1_29' title="bbox 138 2760 1713 2836; baseline 0.003 -22"><span class='ocrx_word' id='word_1_319' title='bbox 138 2762 274 2817; x_wconf 84' lang='lat' dir='ltr'>Damone</span> <span class='ocrx_word' id='word_1_320' title='bbox 289 2764 447 2831; x_wconf 83' lang='lat' dir='ltr'>prostrato,</span> <span class='ocrx_word' id='word_1_321' title='bbox 460 2761 582 2817; x_wconf 86' lang='lat' dir='ltr'>sociavit</span> <span class='ocrx_word' id='word_1_322' title='bbox 593 2767 622 2818; x_wconf 91' lang='lat' dir='ltr'>te</span> <span class='ocrx_word' id='word_1_323' title='bbox 637 2762 694 2819; x_wconf 86' lang='lat' dir='ltr'>sibi</span> <span class='ocrx_word' id='word_1_324' title='bbox 709 2761 853 2830; x_wconf 84' lang='lat' dir='ltr'>Christus,</span> <span class='ocrx_word' id='word_1_325' title='bbox 1014 2761 1156 2834; x_wconf 86' lang='lat' dir='ltr'>Reginam</span> <span class='ocrx_word' id='word_1_326' title='bbox 1171 2763 1280 2820; x_wconf 81' lang='lat' dir='ltr'>vidisse</span> <span class='ocrx_word' id='word_1_327' title='bbox 1289 2763 1386 2836; x_wconf 79' lang='lat' dir='ltr'>juvat,</span> <span class='ocrx_word' id='word_1_328' title='bbox 1402 2778 1489 2834; x_wconf 91' lang='lat' dir='ltr'>quam</span> <span class='ocrx_word' id='word_1_329' title='bbox 1505 2760 1585 2818; x_wconf 91' lang='lat' dir='ltr'>nulla</span> <span class='ocrx_word' id='word_1_330' title='bbox 1601 2760 1713 2819; x_wconf 81' lang='lat' dir='ltr'>decora</span> 
     </span>
     <span class='ocr_line' id='line_1_30' title="bbox 173 2847 1658 2924; baseline 0 -20"><span class='ocrx_word' id='word_1_331' title='bbox 173 2847 209 2904; x_wconf 89' lang='lat' dir='ltr'>Ut</span> <span class='ocrx_word' id='word_1_332' title='bbox 224 2863 277 2919; x_wconf 91' lang='lat' dir='ltr'>per</span> <span class='ocrx_word' id='word_1_333' title='bbox 290 2852 320 2905; x_wconf 88' lang='lat' dir='ltr'>te</span> <span class='ocrx_word' id='word_1_334' title='bbox 334 2853 447 2905; x_wconf 83' lang='lat' dir='ltr'>crescat</span> <span class='ocrx_word' id='word_1_335' title='bbox 457 2849 537 2922; x_wconf 87' lang='lat' dir='ltr'>regia</span> <span class='ocrx_word' id='word_1_336' title='bbox 548 2851 711 2924; x_wconf 86' lang='lat' dir='ltr'>progenies.</span> <span class='ocrx_word' id='word_1_337' title='bbox 1049 2849 1186 2923; x_wconf 88' lang='lat' dir='ltr'>Corporis</span> <span class='ocrx_word' id='word_1_338' title='bbox 1201 2868 1235 2908; x_wconf 90' lang='lat' dir='ltr'>ae</span> <span class='ocrx_word' id='word_1_339' title='bbox 1248 2853 1348 2908; x_wconf 81' lang='lat' dir='ltr'>vultus</span> <span class='ocrx_word' id='word_1_340' title='bbox 1363 2852 1543 2924; x_wconf 77' lang='lat' dir='ltr'>equiparare</span> <span class='ocrx_word' id='word_1_341' title='bbox 1557 2854 1658 2923; x_wconf 88' lang='lat' dir='ltr'>queat.</span> 
     </span>
     <span class='ocr_line' id='line_1_31' title="bbox 140 2934 1740 3014; baseline 0.003 -22"><span class='ocrx_word' id='word_1_342' title='bbox 140 2934 333 3006; x_wconf 83' lang='lat' dir='ltr'>Sauluscraa,</span> <span class='ocrx_word' id='word_1_343' title='bbox 350 2954 428 2994; x_wconf 87' lang='lat' dir='ltr'>nuno</span> <span class='ocrx_word' id='word_1_344' title='bbox 440 2938 552 2995; x_wconf 83' lang='lat' dir='ltr'>Paulus</span> <span class='ocrx_word' id='word_1_345' title='bbox 566 2939 636 3007; x_wconf 90' lang='lat' dir='ltr'>eris,</span> <span class='ocrx_word' id='word_1_346' title='bbox 651 2939 824 3014; x_wconf 83' lang='lat' dir='ltr'>Christoque</span> <span class='ocrx_word' id='word_1_347' title='bbox 840 2939 963 3012; x_wconf 77' lang='lat' dir='ltr'>lubente</span> <span class='ocrx_word' id='word_1_348' title='bbox 1013 2940 1104 3006; x_wconf 85' lang='lat' dir='ltr'>Quem</span> <span class='ocrx_word' id='word_1_349' title='bbox 1120 2945 1220 2998; x_wconf 87' lang='lat' dir='ltr'>tamen</span> <span class='ocrx_word' id='word_1_350' title='bbox 1235 2941 1387 2998; x_wconf 85' lang='lat' dir='ltr'>occultans</span> <span class='ocrx_word' id='word_1_351' title='bbox 1403 2940 1473 2997; x_wconf 83' lang='lat' dir='ltr'>laxa</span> <span class='ocrx_word' id='word_1_352' title='bbox 1487 2938 1632 2996; x_wconf 81' lang='lat' dir='ltr'>velamina</span> <span class='ocrx_word' id='word_1_353' title='bbox 1642 2938 1740 2996; x_wconf 81' lang='lat' dir='ltr'>vestis</span> 
     </span>
     <span class='ocr_line' id='line_1_32' title="bbox 174 3025 1627 3103; baseline 0.001 -21"><span class='ocrx_word' id='word_1_354' title='bbox 174 3025 328 3083; x_wconf 83' lang='lat' dir='ltr'>Postmodo</span> <span class='ocrx_word' id='word_1_355' title='bbox 345 3027 490 3099; x_wconf 81' lang='lat' dir='ltr'>pontilicis</span> <span class='ocrx_word' id='word_1_356' title='bbox 499 3029 645 3102; x_wconf 88' lang='lat' dir='ltr'>suscipies</span> <span class='ocrx_word' id='word_1_357' title='bbox 660 3031 784 3103; x_wconf 86' lang='lat' dir='ltr'>apicem.</span> <span class='ocrx_word' id='word_1_358' title='bbox 1049 3030 1116 3087; x_wconf 85' lang='lat' dir='ltr'>Sola</span> <span class='ocrx_word' id='word_1_359' title='bbox 1131 3032 1241 3103; x_wconf 89' lang='lat' dir='ltr'>pudore</span> <span class='ocrx_word' id='word_1_360' title='bbox 1257 3047 1330 3088; x_wconf 89' lang='lat' dir='ltr'>novo</span> <span class='ocrx_word' id='word_1_361' title='bbox 1344 3027 1532 3087; x_wconf 90' lang='lat' dir='ltr'>dissimulare</span> <span class='ocrx_word' id='word_1_362' title='bbox 1542 3026 1627 3100; x_wconf 90' lang='lat' dir='ltr'>cupit</span> 
     </span>
     <span class='ocr_line' id='line_1_33' title="bbox 135 3101 1810 3192; baseline 0.002 -21"><span class='ocrx_word' id='word_1_363' title='bbox 135 3113 202 3172; x_wconf 83' lang='lat' dir='ltr'>Hac</span> <span class='ocrx_word' id='word_1_364' title='bbox 217 3116 302 3173; x_wconf 90' lang='lat' dir='ltr'>uobis</span> <span class='ocrx_word' id='word_1_365' title='bbox 317 3115 353 3172; x_wconf 92' lang='lat' dir='ltr'>de</span> <span class='ocrx_word' id='word_1_366' title='bbox 369 3122 396 3173; x_wconf 87' lang='lat' dir='ltr'>ta</span> <span class='ocrx_word' id='word_1_367' title='bbox 406 3134 487 3191; x_wconf 88' lang='lat' dir='ltr'>spes,</span> <span class='ocrx_word' id='word_1_368' title='bbox 499 3134 640 3190; x_wconf 85' lang='lat' dir='ltr'>generose</span> <span class='ocrx_word' id='word_1_369' title='bbox 655 3120 783 3192; x_wconf 80' lang='lat' dir='ltr'>Diallon,</span> <span class='ocrx_word' id='word_1_370' title='bbox 976 3101 998 3170; x_wconf 76' lang='lat' dir='ltr'><strong>G</strong></span> <span class='ocrx_word' id='word_1_371' title='bbox 1016 3119 1072 3178; x_wconf 85' lang='lat' dir='ltr'>Sed</span> <span class='ocrx_word' id='word_1_372' title='bbox 1089 3120 1193 3192; x_wconf 90' lang='lat' dir='ltr'>nequit</span> <span class='ocrx_word' id='word_1_373' title='bbox 1206 3120 1344 3176; x_wconf 82' lang='lat' dir='ltr'>abscondi</span> <span class='ocrx_word' id='word_1_374' title='bbox 1357 3118 1472 3191; x_wconf 87' lang='lat' dir='ltr'>propria</span> <span class='ocrx_word' id='word_1_375' title='bbox 1487 3117 1564 3191; x_wconf 90' lang='lat' dir='ltr'>quod</span> <span class='ocrx_word' id='word_1_376' title='bbox 1579 3115 1645 3174; x_wconf 88' lang='lat' dir='ltr'>luca</span> <span class='ocrx_word' id='word_1_377' title='bbox 1656 3119 1810 3187; x_wconf 84' lang='lat' dir='ltr'>coruscat,</span> 
     </span>
     <span class='ocr_line' id='line_1_34' title="bbox 102 3206 1666 3281; baseline 0.003 -21"><span class='ocrx_word' id='word_1_378' title='bbox 102 3214 106 3223; x_wconf 92' lang='grc'><strong>’</strong></span> <span class='ocrx_word' id='word_1_379' title='bbox 178 3209 239 3264; x_wconf 83' lang='lat' dir='ltr'>Hac</span> <span class='ocrx_word' id='word_1_380' title='bbox 254 3222 290 3262; x_wconf 87' lang='lat' dir='ltr'>ne</span> <span class='ocrx_word' id='word_1_381' title='bbox 301 3206 488 3275; x_wconf 77' lang='lat' dir='ltr'>frustremur,</span> <span class='ocrx_word' id='word_1_382' title='bbox 505 3214 588 3266; x_wconf 90' lang='lat' dir='ltr'>nocte</span> <span class='ocrx_word' id='word_1_383' title='bbox 603 3210 709 3275; x_wconf 88' lang='lat' dir='ltr'>dieque</span> <span class='ocrx_word' id='word_1_384' title='bbox 724 3211 819 3269; x_wconf 87' lang='lat' dir='ltr'>stude.</span> <span class='ocrx_word' id='word_1_385' title='bbox 1050 3209 1087 3267; x_wconf 80' lang='lat' dir='ltr'>Dt</span> <span class='ocrx_word' id='word_1_386' title='bbox 1099 3209 1195 3266; x_wconf 86' lang='lat' dir='ltr'>vibrat</span> <span class='ocrx_word' id='word_1_387' title='bbox 1209 3208 1307 3266; x_wconf 85' lang='lat' dir='ltr'>radios</span> <span class='ocrx_word' id='word_1_388' title='bbox 1323 3209 1424 3265; x_wconf 89' lang='lat' dir='ltr'>nubila</span> <span class='ocrx_word' id='word_1_389' title='bbox 1439 3207 1481 3265; x_wconf 92' lang='lat' dir='ltr'>sol</span> <span class='ocrx_word' id='word_1_390' title='bbox 1498 3211 1666 3281; x_wconf 80' lang='lat' dir='ltr'>penetrans.</span> 
     </span>
    </p>
   </div>
   <div class='ocr_carea' id='block_1_5' title="bbox 20 3293 1670 3380">
    <p class='ocr_par' dir='ltr' id='par_1_5' title="bbox 20 3293 1670 3380">
     <span class='ocr_line' id='line_1_35' title="bbox 20 3293 1670 3380; baseline 0.001 -30"><span class='ocrx_word' id='word_1_391' title='bbox 20 3376 22 3380; x_wconf 23' lang='grc' dir='ltr'>Ι</span> <span class='ocrx_word' id='word_1_392' title='bbox 140 3293 186 3350; x_wconf 88' lang='lat' dir='ltr'>lde</span> <span class='ocrx_word' id='word_1_393' title='bbox 200 3310 266 3350; x_wconf 82' lang='lat' dir='ltr'>vero</span> <span class='ocrx_word' id='word_1_394' title='bbox 278 3294 402 3363; x_wconf 77' lang='lat' dir='ltr'>facilem,</span> <span class='ocrx_word' id='word_1_395' title='bbox 415 3312 461 3352; x_wconf 93' lang='lat' dir='ltr'>me</span> <span class='ocrx_word' id='word_1_396' title='bbox 477 3302 645 3371; x_wconf 87' lang='lat' dir='ltr'>promptam</span> <span class='ocrx_word' id='word_1_397' title='bbox 661 3315 779 3370; x_wconf 85' lang='lat' dir='ltr'>semper</span> <span class='ocrx_word' id='word_1_398' title='bbox 793 3299 928 3366; x_wconf 87' lang='lat' dir='ltr'>habebis,</span> <span class='ocrx_word' id='word_1_399' title='bbox 1015 3298 1153 3372; x_wconf 69' lang='lat' dir='ltr'>Egregios</span> <span class='ocrx_word' id='word_1_400' title='bbox 1168 3314 1275 3366; x_wconf 83' lang='lat' dir='ltr'>mores,</span> <span class='ocrx_word' id='word_1_401' title='bbox 1287 3313 1322 3355; x_wconf 89' lang='lat' dir='ltr'>ac</span> <span class='ocrx_word' id='word_1_402' title='bbox 1334 3297 1421 3354; x_wconf 90' lang='lat' dir='ltr'>melle</span> <span class='ocrx_word' id='word_1_403' title='bbox 1435 3296 1555 3354; x_wconf 80' lang='lat' dir='ltr'>fluentia</span> <span class='ocrx_word' id='word_1_404' title='bbox 1569 3295 1670 3352; x_wconf 86' lang='lat' dir='ltr'>verba.</span> 
     </span>
    </p>
   </div>
   <div class='ocr_carea' id='block_1_6' title="bbox 138 3383 1789 3818">
    <p class='ocr_par' dir='ltr' id='par_1_6' title="bbox 138 3383 1789 3818">
     <span class='ocr_line' id='line_1_36' title="bbox 178 3383 1776 3462; baseline 0.002 -21"><span class='ocrx_word' id='word_1_405' title='bbox 178 3383 209 3441; x_wconf 90' lang='lat' dir='ltr'>Ut</span> <span class='ocrx_word' id='word_1_406' title='bbox 226 3385 279 3441; x_wconf 88' lang='lat' dir='ltr'>tibi</span> <span class='ocrx_word' id='word_1_407' title='bbox 296 3402 353 3441; x_wconf 90' lang='lat' dir='ltr'>non</span> <span class='ocrx_word' id='word_1_408' title='bbox 367 3386 442 3442; x_wconf 90' lang='lat' dir='ltr'>desit</span> <span class='ocrx_word' id='word_1_409' title='bbox 457 3387 601 3460; x_wconf 88' lang='lat' dir='ltr'>quidquid</span> <span class='ocrx_word' id='word_1_410' title='bbox 618 3388 725 3445; x_wconf 84' lang='lat' dir='ltr'>babere</span> <span class='ocrx_word' id='word_1_411' title='bbox 740 3405 855 3462; x_wconf 87' lang='lat' dir='ltr'>queam.</span> <span class='ocrx_word' id='word_1_412' title='bbox 1052 3387 1118 3445; x_wconf 84' lang='lat' dir='ltr'>Plus</span> <span class='ocrx_word' id='word_1_413' title='bbox 1134 3388 1253 3445; x_wconf 83' lang='lat' dir='ltr'>reticere</span> <span class='ocrx_word' id='word_1_414' title='bbox 1263 3389 1359 3461; x_wconf 79' lang='lat' dir='ltr'>juvat,</span> <span class='ocrx_word' id='word_1_415' title='bbox 1376 3403 1465 3461; x_wconf 89' lang='lat' dir='ltr'>quam</span> <span class='ocrx_word' id='word_1_416' title='bbox 1477 3386 1575 3443; x_wconf 84' lang='lat' dir='ltr'>minua</span> <span class='ocrx_word' id='word_1_417' title='bbox 1588 3386 1661 3443; x_wconf 89' lang='lat' dir='ltr'>inde</span> <span class='ocrx_word' id='word_1_418' title='bbox 1676 3383 1776 3459; x_wconf 88' lang='lat' dir='ltr'>ioqui.</span> 
     </span>
     <span class='ocr_line' id='line_1_37' title="bbox 138 3473 1650 3551; baseline 0.001 -21"><span class='ocrx_word' id='word_1_419' title='bbox 138 3473 301 3530; x_wconf 85' lang='lat' dir='ltr'>Conservus</span> <span class='ocrx_word' id='word_1_420' title='bbox 314 3475 457 3532; x_wconf 77' lang='lat' dir='ltr'>Dominus</span> <span class='ocrx_word' id='word_1_421' title='bbox 472 3475 504 3548; x_wconf 74' lang='lat' dir='ltr'>[t.</span> <span class='ocrx_word' id='word_1_422' title='bbox 520 3477 649 3551; x_wconf 87' lang='lat' dir='ltr'>Domini]</span> <span class='ocrx_word' id='word_1_423' title='bbox 668 3479 720 3535; x_wconf 89' lang='lat' dir='ltr'>tibi</span> <span class='ocrx_word' id='word_1_424' title='bbox 736 3477 963 3550; x_wconf 83' lang='lat' dir='ltr'>slm,patronus,</span> <span class='ocrx_word' id='word_1_425' title='bbox 1015 3477 1161 3536; x_wconf 72' lang='lat' dir='ltr'>dilectant</span> <span class='ocrx_word' id='word_1_426' title='bbox 1175 3476 1240 3536; x_wconf 86' lang='lat' dir='ltr'>alias</span> <span class='ocrx_word' id='word_1_427' title='bbox 1252 3478 1330 3550; x_wconf 90' lang='lat' dir='ltr'>qnod</span> <span class='ocrx_word' id='word_1_428' title='bbox 1341 3477 1385 3534; x_wconf 86' lang='lat' dir='ltr'>eia</span> <span class='ocrx_word' id='word_1_429' title='bbox 1401 3485 1505 3534; x_wconf 85' lang='lat' dir='ltr'>natura</span> <span class='ocrx_word' id='word_1_430' title='bbox 1520 3474 1650 3548; x_wconf 84' lang='lat' dir='ltr'>negavit,</span> 
     </span>
     <span class='ocr_line' id='line_1_38' title="bbox 790 3565 1789 3642; baseline -0.001 -19"><span class='ocrx_word' id='word_1_431' title='bbox 790 3568 926 3642; x_wconf 89' lang='lat' dir='ltr'>[amieus,</span> <span class='ocrx_word' id='word_1_432' title='bbox 1052 3567 1154 3626; x_wconf 71' lang='lat' dir='ltr'>tw</span> <span class='ocrx_word' id='word_1_433' title='bbox 1172 3570 1338 3639; x_wconf 85' lang='lat' dir='ltr'>Purpureas</span> <span class='ocrx_word' id='word_1_434' title='bbox 1350 3567 1432 3624; x_wconf 83' lang='lat' dir='ltr'>niveo</span> <span class='ocrx_word' id='word_1_435' title='bbox 1448 3566 1566 3639; x_wconf 76' lang='lat' dir='ltr'>pingere</span> <span class='ocrx_word' id='word_1_436' title='bbox 1582 3565 1660 3621; x_wconf 90' lang='lat' dir='ltr'>lacte</span> <span class='ocrx_word' id='word_1_437' title='bbox 1674 3579 1789 3637; x_wconf 72' lang='lat' dir='ltr'>genas:</span> 
     </span>
     <span class='ocr_line' id='line_1_39' title="bbox 175 3650 1712 3729; baseline 0.004 -25"><span class='ocrx_word' id='word_1_438' title='bbox 175 3653 211 3705; x_wconf 78' lang='lat' dir='ltr'>D&#39;t</span> <span class='ocrx_word' id='word_1_439' title='bbox 224 3650 368 3722; x_wconf 78' lang='lat' dir='ltr'>quidquid</span> <span class='ocrx_word' id='word_1_440' title='bbox 384 3653 462 3723; x_wconf 84' lang='lat' dir='ltr'>juste</span> <span class='ocrx_word' id='word_1_441' title='bbox 479 3653 581 3725; x_wconf 81' lang='lat' dir='ltr'>plusve</span> <span class='ocrx_word' id='word_1_442' title='bbox 597 3654 732 3712; x_wconf 83' lang='lat' dir='ltr'>minusve</span> <span class='ocrx_word' id='word_1_443' title='bbox 749 3664 838 3726; x_wconf 87' lang='lat' dir='ltr'>petas.</span> <span class='ocrx_word' id='word_1_444' title='bbox 1016 3657 1199 3729; x_wconf 81' lang='lat' dir='ltr'>l&#39;ucatosque</span> <span class='ocrx_word' id='word_1_445' title='bbox 1213 3657 1305 3712; x_wconf 87' lang='lat' dir='ltr'>trabit</span> <span class='ocrx_word' id='word_1_446' title='bbox 1317 3656 1407 3714; x_wconf 89' lang='lat' dir='ltr'>iacies</span> <span class='ocrx_word' id='word_1_447' title='bbox 1421 3657 1566 3713; x_wconf 89' lang='lat' dir='ltr'>medicata</span> <span class='ocrx_word' id='word_1_448' title='bbox 1580 3654 1712 3722; x_wconf 87' lang='lat' dir='ltr'>colores,</span> 
     </span>
     <span class='ocr_line' id='line_1_40' title="bbox 247 3739 1616 3818; baseline 0.005 -26"><span class='ocrx_word' id='word_1_449' title='bbox 247 3739 351 3795; x_wconf 79' lang='lat' dir='ltr'>xxlll.</span> <span class='ocrx_word' id='word_1_450' title='bbox 369 3740 402 3794; x_wconf 80' lang='lat' dir='ltr'>a.</span> <span class='ocrx_word' id='word_1_451' title='bbox 424 3741 567 3812; x_wconf 82' lang='lat' dir='ltr'>episcopus</span> <span class='ocrx_word' id='word_1_452' title='bbox 582 3744 618 3800; x_wconf 83' lang='grc' dir='ltr'>Ε.</span> <span class='ocrx_word' id='word_1_453' title='bbox 638 3743 787 3803; x_wconf 69' lang='lat' dir='ltr'>comitissa</span> <span class='ocrx_word' id='word_1_454' title='bbox 805 3745 855 3818; x_wconf 87' lang='lat'>(8).</span> <span class='ocrx_word' id='word_1_455' title='bbox 1053 3747 1264 3818; x_wconf 89' lang='lat' dir='ltr'>Distinguendo</span> <span class='ocrx_word' id='word_1_456' title='bbox 1280 3751 1365 3803; x_wconf 86' lang='lat' dir='ltr'>notas</span> <span class='ocrx_word' id='word_1_457' title='bbox 1378 3747 1449 3803; x_wconf 88' lang='lat' dir='ltr'>artis</span> <span class='ocrx_word' id='word_1_458' title='bbox 1462 3744 1616 3803; x_wconf 88' lang='lat' dir='ltr'>adulterio.</span> 
     </span>
    </p>
   </div>
   <div class='ocr_carea' id='block_1_7' title="bbox 20 3824 1846 3908">
    <p class='ocr_par' dir='ltr' id='par_1_7' title="bbox 20 3824 1846 3908">
     <span class='ocr_line' id='line_1_41' title="bbox 20 3824 1846 3908; baseline 0.005 -25"><span class='ocrx_word' id='word_1_459' title='bbox 20 3890 23 3897; x_wconf 55' lang='grc'>,</span> <span class='ocrx_word' id='word_1_460' title='bbox 139 3824 213 3883; x_wconf 81' lang='lat' dir='ltr'>Filia</span> <span class='ocrx_word' id='word_1_461' title='bbox 226 3826 375 3893; x_wconf 77' lang='lat' dir='ltr'>Falconis,</span> <span class='ocrx_word' id='word_1_462' title='bbox 390 3827 480 3886; x_wconf 85' lang='lat' dir='ltr'>decus</span> <span class='ocrx_word' id='word_1_463' title='bbox 495 3832 654 3888; x_wconf 76' lang='lat' dir='ltr'>Armorica</span> <span class='ocrx_word' id='word_1_464' title='bbox 668 3835 806 3907; x_wconf 86' lang='lat' dir='ltr'>regionis,</span> <span class='ocrx_word' id='word_1_465' title='bbox 1013 3835 1190 3908; x_wconf 89' lang='lat' dir='ltr'>comprimit</span> <span class='ocrx_word' id='word_1_466' title='bbox 1203 3838 1351 3892; x_wconf 82' lang='lat' dir='ltr'>exstantes</span> <span class='ocrx_word' id='word_1_467' title='bbox 1364 3835 1559 3908; x_wconf 87' lang='lat' dir='ltr'>quarumdam</span> <span class='ocrx_word' id='word_1_468' title='bbox 1575 3832 1671 3889; x_wconf 81' lang='lat' dir='ltr'>tescia</span> <span class='ocrx_word' id='word_1_469' title='bbox 1686 3847 1846 3900; x_wconf 75' lang='lat' dir='ltr'>nummu,</span> 
     </span>
    </p>
   </div>
   <div class='ocr_carea' id='block_1_8' title="bbox 138 3912 1738 4624">
    <p class='ocr_par' dir='ltr' id='par_1_8' title="bbox 175 3912 1646 3998">
     <span class='ocr_line' id='line_1_42' title="bbox 175 3912 1646 3998; baseline 0.007 -30"><span class='ocrx_word' id='word_1_470' title='bbox 175 3912 311 3982; x_wconf 83' lang='lat' dir='ltr'>Pulchra,</span> <span class='ocrx_word' id='word_1_471' title='bbox 324 3917 442 3987; x_wconf 89' lang='lat' dir='ltr'>pudica,</span> <span class='ocrx_word' id='word_1_472' title='bbox 457 3919 574 3989; x_wconf 89' lang='lat' dir='ltr'>decens,</span> <span class='ocrx_word' id='word_1_473' title='bbox 589 3922 725 3991; x_wconf 88' lang='lat' dir='ltr'>eandida,</span> <span class='ocrx_word' id='word_1_474' title='bbox 737 3923 827 3992; x_wconf 90' lang='lat' dir='ltr'>clara,</span> <span class='ocrx_word' id='word_1_475' title='bbox 850 3940 963 3996; x_wconf 86' lang='lat' dir='ltr'>racana,</span> <span class='ocrx_word' id='word_1_476' title='bbox 1051 3924 1217 3998; x_wconf 68' lang='lat' dir='ltr'>attengunt</span> <span class='ocrx_word' id='word_1_477' title='bbox 1234 3925 1320 3998; x_wconf 84' lang='lat' dir='ltr'>fingit</span> <span class='ocrx_word' id='word_1_478' title='bbox 1333 3924 1423 3980; x_wconf 85' lang='lat' dir='ltr'>vestis</span> <span class='ocrx_word' id='word_1_479' title='bbox 1440 3923 1542 3980; x_wconf 85' lang='lat' dir='ltr'>adacta</span> <span class='ocrx_word' id='word_1_480' title='bbox 1556 3922 1646 3979; x_wconf 87' lang='lat' dir='ltr'>latua.</span> 
     </span>
    </p>

    <p class='ocr_par' dir='ltr' id='par_1_9' title="bbox 140 4001 1713 4176">
     <span class='ocr_line' id='line_1_43' title="bbox 140 4001 1713 4088; baseline 0.007 -31"><span class='ocrx_word' id='word_1_481' title='bbox 140 4001 168 4057; x_wconf 82' lang='lat' dir='ltr'>si</span> <span class='ocrx_word' id='word_1_482' title='bbox 183 4017 242 4059; x_wconf 90' lang='lat' dir='ltr'>non</span> <span class='ocrx_word' id='word_1_483' title='bbox 254 4019 342 4074; x_wconf 88' lang='lat' dir='ltr'>passa</span> <span class='ocrx_word' id='word_1_484' title='bbox 356 4004 433 4061; x_wconf 86' lang='lat' dir='ltr'>iores</span> <span class='ocrx_word' id='word_1_485' title='bbox 443 4005 601 4077; x_wconf 88' lang='lat' dir='ltr'>thalamos,</span> <span class='ocrx_word' id='word_1_486' title='bbox 618 4016 779 4083; x_wconf 90' lang='lat' dir='ltr'>partusque</span> <span class='ocrx_word' id='word_1_487' title='bbox 793 4012 918 4081; x_wconf 86' lang='lat' dir='ltr'>labores,</span> <span class='ocrx_word' id='word_1_488' title='bbox 1015 4014 1064 4072; x_wconf 86' lang='lat' dir='ltr'>lla</span> <span class='ocrx_word' id='word_1_489' title='bbox 1079 4016 1186 4088; x_wconf 88' lang='lat' dir='ltr'>partim</span> <span class='ocrx_word' id='word_1_490' title='bbox 1203 4018 1338 4087; x_wconf 86' lang='lat' dir='ltr'>retegunt</span> <span class='ocrx_word' id='word_1_491' title='bbox 1352 4013 1452 4069; x_wconf 85' lang='lat' dir='ltr'>laxosa</span> <span class='ocrx_word' id='word_1_492' title='bbox 1465 4012 1559 4069; x_wconf 83' lang='lat' dir='ltr'>fronte</span> <span class='ocrx_word' id='word_1_493' title='bbox 1574 4010 1713 4084; x_wconf 86' lang='lat' dir='ltr'>capillos,</span> 
     </span>
     <span class='ocr_line' id='line_1_44' title="bbox 176 4090 1660 4176; baseline 0.008 -28"><span class='ocrx_word' id='word_1_494' title='bbox 176 4090 282 4150; x_wconf 88' lang='lat' dir='ltr'>Posses</span> <span class='ocrx_word' id='word_1_495' title='bbox 295 4108 361 4151; x_wconf 87' lang='lat' dir='ltr'>esee</span> <span class='ocrx_word' id='word_1_496' title='bbox 377 4111 442 4153; x_wconf 91' lang='lat' dir='ltr'>meo</span> <span class='ocrx_word' id='word_1_497' title='bbox 457 4096 580 4170; x_wconf 79' lang='lat' dir='ltr'>cynthia</span> <span class='ocrx_word' id='word_1_498' title='bbox 590 4100 712 4170; x_wconf 89' lang='lat' dir='ltr'>jndicio.</span> <span class='ocrx_word' id='word_1_499' title='bbox 1053 4105 1087 4160; x_wconf 73' lang='lat' dir='ltr'>ut</span> <span class='ocrx_word' id='word_1_500' title='bbox 1103 4103 1305 4160; x_wconf 87' lang='lat' dir='ltr'>calamistrato</span> <span class='ocrx_word' id='word_1_501' title='bbox 1320 4103 1400 4159; x_wconf 89' lang='lat' dir='ltr'>crine</span> <span class='ocrx_word' id='word_1_502' title='bbox 1416 4101 1530 4176; x_wconf 82' lang='lat' dir='ltr'>placere</span> <span class='ocrx_word' id='word_1_503' title='bbox 1543 4099 1660 4160; x_wconf 86' lang='lat' dir='ltr'>volunt.</span> 
     </span>
    </p>

    <p class='ocr_par' dir='ltr' id='par_1_10' title="bbox 139 4182 1738 4352">
     <span class='ocr_line' id='line_1_45' title="bbox 139 4182 1738 4266; baseline 0.007 -30"><span class='ocrx_word' id='word_1_504' title='bbox 139 4182 194 4238; x_wconf 84' lang='lat' dir='ltr'>Sed</span> <span class='ocrx_word' id='word_1_505' title='bbox 210 4183 278 4255; x_wconf 91' lang='lat' dir='ltr'>quia</span> <span class='ocrx_word' id='word_1_506' title='bbox 286 4184 392 4255; x_wconf 83' lang='lat' dir='ltr'>juncta</span> <span class='ocrx_word' id='word_1_507' title='bbox 408 4188 482 4243; x_wconf 88' lang='lat' dir='ltr'>mari</span> <span class='ocrx_word' id='word_1_508' title='bbox 493 4194 579 4245; x_wconf 84' lang='lat' dir='ltr'>castas</span> <span class='ocrx_word' id='word_1_509' title='bbox 594 4190 697 4264; x_wconf 89' lang='lat' dir='ltr'>nequit</span> <span class='ocrx_word' id='word_1_510' title='bbox 710 4192 896 4266; x_wconf 80' lang='lat' dir='ltr'>aequiparari,</span> <span class='ocrx_word' id='word_1_511' title='bbox 1015 4193 1069 4263; x_wconf 85' lang='lat' dir='ltr'>Tu,</span> <span class='ocrx_word' id='word_1_512' title='bbox 1086 4192 1197 4266; x_wconf 86' lang='lat' dir='ltr'>regina,</span> <span class='ocrx_word' id='word_1_513' title='bbox 1213 4193 1290 4266; x_wconf 92' lang='lat' dir='ltr'>quod</span> <span class='ocrx_word' id='word_1_514' title='bbox 1307 4207 1349 4261; x_wconf 88' lang='lat' dir='ltr'>ea,</span> <span class='ocrx_word' id='word_1_515' title='bbox 1365 4191 1473 4247; x_wconf 89' lang='lat' dir='ltr'>metuis</span> <span class='ocrx_word' id='word_1_516' title='bbox 1486 4190 1613 4247; x_wconf 81' lang='lat' dir='ltr'>formosa</span> <span class='ocrx_word' id='word_1_517' title='bbox 1625 4189 1738 4260; x_wconf 83' lang='lat' dir='ltr'>videri,</span> 
     </span>
     <span class='ocr_line' id='line_1_46' title="bbox 173 4270 1733 4352; baseline 0.003 -25"><span class='ocrx_word' id='word_1_518' title='bbox 173 4270 324 4331; x_wconf 76' lang='lat' dir='ltr'>listellam</span> <span class='ocrx_word' id='word_1_519' title='bbox 340 4275 438 4347; x_wconf 88' lang='lat' dir='ltr'>potior</span> <span class='ocrx_word' id='word_1_520' title='bbox 452 4277 627 4349; x_wconf 81' lang='lat' dir='ltr'>virginitatis</span> <span class='ocrx_word' id='word_1_521' title='bbox 644 4281 746 4338; x_wconf 88' lang='lat' dir='ltr'>honor.</span> <span class='ocrx_word' id='word_1_522' title='bbox 1051 4282 1119 4348; x_wconf 83' lang='lat' dir='ltr'>Duas</span> <span class='ocrx_word' id='word_1_523' title='bbox 1132 4280 1343 4339; x_wconf 81' lang='lat' dir='ltr'>coemuntaliae</span> <span class='ocrx_word' id='word_1_524' title='bbox 1358 4296 1481 4337; x_wconf 90' lang='lat' dir='ltr'>munera</span> <span class='ocrx_word' id='word_1_525' title='bbox 1493 4278 1585 4352; x_wconf 87' lang='lat' dir='ltr'>gratis</span> <span class='ocrx_word' id='word_1_526' title='bbox 1603 4278 1733 4335; x_wconf 83' lang='lat' dir='ltr'>naham.</span> 
     </span>
    </p>

    <p class='ocr_par' dir='ltr' id='par_1_11' title="bbox 138 4362 1738 4537">
     <span class='ocr_line' id='line_1_47' title="bbox 138 4362 1738 4445; baseline 0.006 -28"><span class='ocrx_word' id='word_1_527' title='bbox 138 4362 170 4417; x_wconf 93' lang='lat' dir='ltr'>ln</span> <span class='ocrx_word' id='word_1_528' title='bbox 185 4375 276 4437; x_wconf 85' lang='lat' dir='ltr'>grege</span> <span class='ocrx_word' id='word_1_529' title='bbox 290 4368 449 4434; x_wconf 89' lang='lat' dir='ltr'>nuptarum</span> <span class='ocrx_word' id='word_1_530' title='bbox 464 4367 541 4422; x_wconf 90' lang='lat' dir='ltr'>credi</span> <span class='ocrx_word' id='word_1_531' title='bbox 557 4373 640 4439; x_wconf 91' lang='lat' dir='ltr'>potes</span> <span class='ocrx_word' id='word_1_532' title='bbox 659 4386 718 4426; x_wconf 88' lang='lat' dir='ltr'>una</span> <span class='ocrx_word' id='word_1_533' title='bbox 732 4370 866 4440; x_wconf 90' lang='lat' dir='ltr'>dearum,</span> <span class='ocrx_word' id='word_1_534' title='bbox 1014 4372 1139 4430; x_wconf 78' lang='lat' dir='ltr'>Praestat</span> <span class='ocrx_word' id='word_1_535' title='bbox 1153 4371 1259 4429; x_wconf 86' lang='lat' dir='ltr'>habere</span> <span class='ocrx_word' id='word_1_536' title='bbox 1274 4371 1372 4445; x_wconf 88' lang='lat' dir='ltr'>palam</span> <span class='ocrx_word' id='word_1_537' title='bbox 1388 4385 1446 4443; x_wconf 88' lang='lat' dir='ltr'>qno</span> <span class='ocrx_word' id='word_1_538' title='bbox 1461 4373 1491 4425; x_wconf 87' lang='lat' dir='ltr'>te</span> <span class='ocrx_word' id='word_1_539' title='bbox 1505 4373 1610 4425; x_wconf 89' lang='lat' dir='ltr'>natura</span> <span class='ocrx_word' id='word_1_540' title='bbox 1625 4367 1738 4438; x_wconf 84' lang='lat' dir='ltr'>beavit,</span> 
     </span>
     <span class='ocr_line' id='line_1_48' title="bbox 175 4451 1605 4537; baseline 0.003 -30"><span class='ocrx_word' id='word_1_541' title='bbox 175 4451 272 4509; x_wconf 87' lang='lat' dir='ltr'>Prima</span> <span class='ocrx_word' id='word_1_542' title='bbox 289 4452 332 4509; x_wconf 86' lang='lat' dir='ltr'>vel</span> <span class='ocrx_word' id='word_1_543' title='bbox 347 4453 508 4526; x_wconf 89' lang='lat' dir='ltr'>inprimis,</span> <span class='ocrx_word' id='word_1_544' title='bbox 523 4473 539 4514; x_wconf 94' lang='lat' dir='ltr'>o</span> <span class='ocrx_word' id='word_1_545' title='bbox 555 4462 688 4530; x_wconf 85' lang='lat' dir='ltr'>speciosa</span> <span class='ocrx_word' id='word_1_546' title='bbox 703 4460 801 4518; x_wconf 77' lang='lat' dir='ltr'>nimis!</span> <span class='ocrx_word' id='word_1_547' title='bbox 977 4471 1001 4537; x_wconf 76' lang='grc' dir='ltr'>Ι)</span> <span class='ocrx_word' id='word_1_548' title='bbox 1051 4461 1097 4518; x_wconf 83' lang='lat' dir='ltr'>sis</span> <span class='ocrx_word' id='word_1_549' title='bbox 1114 4461 1227 4535; x_wconf 89' lang='lat' dir='ltr'>ingrata</span> <span class='ocrx_word' id='word_1_550' title='bbox 1243 4465 1298 4517; x_wconf 90' lang='lat' dir='ltr'>Deo</span> <span class='ocrx_word' id='word_1_551' title='bbox 1314 4460 1339 4517; x_wconf 91' lang='lat' dir='ltr'>sl</span> <span class='ocrx_word' id='word_1_552' title='bbox 1349 4476 1402 4517; x_wconf 86' lang='lat' dir='ltr'>sua</span> <span class='ocrx_word' id='word_1_553' title='bbox 1416 4460 1491 4517; x_wconf 89' lang='lat' dir='ltr'>dona</span> <span class='ocrx_word' id='word_1_554' title='bbox 1506 4474 1605 4533; x_wconf 88' lang='lat' dir='ltr'>negas,</span> 
     </span>
    </p>

    <p class='ocr_par' dir='ltr' id='par_1_12' title="bbox 138 4541 1682 4624">
     <span class='ocr_line' id='line_1_49' title="bbox 138 4541 1682 4624; baseline 0.006 -29"><span class='ocrx_word' id='word_1_555' title='bbox 138 4541 194 4596; x_wconf 82' lang='lat' dir='ltr'>Sed</span> <span class='ocrx_word' id='word_1_556' title='bbox 211 4547 283 4598; x_wconf 91' lang='lat' dir='ltr'>tuus</span> <span class='ocrx_word' id='word_1_557' title='bbox 296 4542 352 4600; x_wconf 84' lang='lat' dir='ltr'>iste</span> <span class='ocrx_word' id='word_1_558' title='bbox 367 4545 464 4612; x_wconf 88' lang='lat' dir='ltr'>decor,</span> <span class='ocrx_word' id='word_1_559' title='bbox 480 4550 544 4602; x_wconf 90' lang='lat' dir='ltr'>sata</span> <span class='ocrx_word' id='word_1_560' title='bbox 560 4547 703 4619; x_wconf 90' lang='lat' dir='ltr'>principa,</span> <span class='ocrx_word' id='word_1_561' title='bbox 727 4550 867 4624; x_wconf 87' lang='lat' dir='ltr'>principis</span> <span class='ocrx_word' id='word_1_562' title='bbox 879 4569 961 4622; x_wconf 84' lang='lat' dir='ltr'>uxor,</span> <span class='ocrx_word' id='word_1_563' title='bbox 1014 4553 1175 4610; x_wconf 71' lang='lat' dir='ltr'>Accensam</span> <span class='ocrx_word' id='word_1_564' title='bbox 1190 4551 1289 4608; x_wconf 91' lang='lat' dir='ltr'>modio</span> <span class='ocrx_word' id='word_1_565' title='bbox 1300 4550 1344 4607; x_wconf 81' lang='lat' dir='ltr'>via</span> <span class='ocrx_word' id='word_1_566' title='bbox 1354 4549 1502 4607; x_wconf 87' lang='lat' dir='ltr'>occultare</span> <span class='ocrx_word' id='word_1_567' title='bbox 1514 4548 1682 4617; x_wconf 87' lang='lat' dir='ltr'>lucernam,</span> 
     </span>
    </p>
   </div>
   <div class='ocr_carea' id='block_1_9' title="bbox 21 4633 1805 4805">
    <p class='ocr_par' dir='ltr' id='par_1_13' title="bbox 21 4633 1805 4805">
     <span class='ocr_line' id='line_1_50' title="bbox 31 4633 1767 4707; baseline 0.006 -22"><span class='ocrx_word' id='word_1_568' title='bbox 31 4648 35 4655; x_wconf 68' lang='lat'>¹</span> <span class='ocrx_word' id='word_1_569' title='bbox 71 4692 75 4697; x_wconf 13' lang='grc' dir='ltr'><strong>Δ</strong></span> <span class='ocrx_word' id='word_1_570' title='bbox 175 4633 308 4687; x_wconf 80' lang='lat' dir='ltr'>‘transiet</span> <span class='ocrx_word' id='word_1_571' title='bbox 324 4636 358 4688; x_wconf 91' lang='lat' dir='ltr'>ut</span> <span class='ocrx_word' id='word_1_572' title='bbox 370 4635 478 4703; x_wconf 88' lang='lat' dir='ltr'>tumus,</span> <span class='ocrx_word' id='word_1_573' title='bbox 494 4640 522 4694; x_wconf 88' lang='lat' dir='ltr'>at</span> <span class='ocrx_word' id='word_1_574' title='bbox 537 4636 594 4693; x_wconf 89' lang='lat' dir='ltr'>cito</span> <span class='ocrx_word' id='word_1_575' title='bbox 608 4637 657 4696; x_wconf 86' lang='lat' dir='ltr'>det</span> <span class='ocrx_word' id='word_1_576' title='bbox 671 4638 793 4698; x_wconf 87' lang='lat' dir='ltr'>humus.</span> <span class='ocrx_word' id='word_1_577' title='bbox 1052 4641 1115 4698; x_wconf 89' lang='lat' dir='ltr'>Nou</span> <span class='ocrx_word' id='word_1_578' title='bbox 1131 4645 1193 4707; x_wconf 90' lang='lat' dir='ltr'>tua,</span> <span class='ocrx_word' id='word_1_579' title='bbox 1209 4641 1259 4697; x_wconf 90' lang='lat' dir='ltr'>sed</span> <span class='ocrx_word' id='word_1_580' title='bbox 1274 4637 1388 4696; x_wconf 89' lang='lat' dir='ltr'>Domini</span> <span class='ocrx_word' id='word_1_581' title='bbox 1405 4652 1527 4694; x_wconf 89' lang='lat' dir='ltr'>munera</span> <span class='ocrx_word' id='word_1_582' title='bbox 1540 4636 1639 4692; x_wconf 88' lang='lat' dir='ltr'>dantia</span> <span class='ocrx_word' id='word_1_583' title='bbox 1654 4636 1767 4695; x_wconf 88' lang='lat' dir='ltr'>babes.</span> 
     </span>
     <span class='ocr_line' id='line_1_51' title="bbox 21 4718 1805 4805; baseline 0.008 -33"><span class='ocrx_word' id='word_1_584' title='bbox 21 4772 30 4803; x_wconf 27' lang='grc' dir='ltr'>Ι,</span> <span class='ocrx_word' id='word_1_585' title='bbox 140 4720 195 4774; x_wconf 78' lang='lat' dir='ltr'>dut</span> <span class='ocrx_word' id='word_1_586' title='bbox 207 4720 231 4773; x_wconf 88' lang='lat' dir='ltr'>si</span> <span class='ocrx_word' id='word_1_587' title='bbox 247 4718 335 4777; x_wconf 83' lang='lat' dir='ltr'>dilato</span> <span class='ocrx_word' id='word_1_588' title='bbox 346 4728 464 4779; x_wconf 88' lang='lat' dir='ltr'>current</span> <span class='ocrx_word' id='word_1_589' title='bbox 474 4729 524 4780; x_wconf 89' lang='lat' dir='ltr'>tua</span> <span class='ocrx_word' id='word_1_590' title='bbox 535 4729 669 4800; x_wconf 86' lang='lat' dir='ltr'>tempora</span> <span class='ocrx_word' id='word_1_591' title='bbox 684 4727 754 4801; x_wconf 83' lang='lat' dir='ltr'>fato,</span> <span class='ocrx_word' id='word_1_592' title='bbox 1016 4731 1114 4805; x_wconf 85' lang='lat' dir='ltr'>Virgo,</span> <span class='ocrx_word' id='word_1_593' title='bbox 1130 4730 1237 4803; x_wconf 88' lang='lat' dir='ltr'>pudica</span> <span class='ocrx_word' id='word_1_594' title='bbox 1251 4729 1328 4799; x_wconf 88' lang='lat' dir='ltr'>licet,</span> <span class='ocrx_word' id='word_1_595' title='bbox 1344 4733 1442 4785; x_wconf 73' lang='lat' dir='ltr'>mmcn</span> <span class='ocrx_word' id='word_1_596' title='bbox 1458 4730 1538 4801; x_wconf 87' lang='lat' dir='ltr'>aptat</span> <span class='ocrx_word' id='word_1_597' title='bbox 1552 4723 1679 4799; x_wconf 83' lang='lat' dir='ltr'>pulchra</span> <span class='ocrx_word' id='word_1_598' title='bbox 1695 4725 1805 4795; x_wconf 80' lang='lat' dir='ltr'>rideri.</span> 
     </span>
    </p>
   </div>
   <div class='ocr_carea' id='block_1_10' title="bbox 176 4806 1717 4876">
    <p class='ocr_par' dir='ltr' id='par_1_14' title="bbox 176 4806 1717 4876">
     <span class='ocr_line' id='line_1_52' title="bbox 176 4806 1717 4876; baseline 0.006 -15"><span class='ocrx_word' id='word_1_599' title='bbox 176 4806 235 4862; x_wconf 86' lang='lat' dir='ltr'>Heu</span> <span class='ocrx_word' id='word_1_600' title='bbox 253 4808 349 4866; x_wconf 92' lang='lat' dir='ltr'>dirum</span> <span class='ocrx_word' id='word_1_601' title='bbox 365 4812 495 4869; x_wconf 88' lang='lat' dir='ltr'>lacinusl</span> <span class='ocrx_word' id='word_1_602' title='bbox 512 4815 648 4872; x_wconf 86' lang='lat' dir='ltr'>eidoieris</span> <span class='ocrx_word' id='word_1_603' title='bbox 663 4833 748 4874; x_wconf 88' lang='lat' dir='ltr'>anus.</span> <span class='ocrx_word' id='word_1_604' title='bbox 1052 4824 1086 4876; x_wconf 79' lang='lat' dir='ltr'>ut</span> <span class='ocrx_word' id='word_1_605' title='bbox 1100 4824 1212 4876; x_wconf 65' lang='lat' dir='ltr'>casum</span> <span class='ocrx_word' id='word_1_606' title='bbox 1225 4822 1352 4875; x_wconf 87' lang='lat' dir='ltr'>mentam</span> <span class='ocrx_word' id='word_1_607' title='bbox 1367 4817 1493 4874; x_wconf 85' lang='lat' dir='ltr'>candida</span> <span class='ocrx_word' id='word_1_608' title='bbox 1508 4816 1601 4873; x_wconf 84' lang='lat' dir='ltr'>torma</span> <span class='ocrx_word' id='word_1_609' title='bbox 1615 4815 1717 4871; x_wconf 85' lang='lat' dir='ltr'>decet.</span> 
     </span>
    </p>
   </div>
   <div class='ocr_carea' id='block_1_11' title="bbox 40 4894 1803 5430">
    <p class='ocr_par' dir='ltr' id='par_1_15' title="bbox 40 4894 1669 4987">
     <span class='ocr_line' id='line_1_53' title="bbox 40 4894 1669 4987; baseline 0.006 -37"><span class='ocrx_word' id='word_1_610' title='bbox 40 4966 44 4987; x_wconf 46' lang='grc' dir='ltr'>Ι</span> <span class='ocrx_word' id='word_1_611' title='bbox 138 4894 246 4952; x_wconf 88' lang='lat' dir='ltr'>Vultus</span> <span class='ocrx_word' id='word_1_612' title='bbox 258 4897 404 4957; x_wconf 78' lang='lat' dir='ltr'>formosus</span> <span class='ocrx_word' id='word_1_613' title='bbox 418 4901 569 4971; x_wconf 88' lang='lat' dir='ltr'>laudatur,</span> <span class='ocrx_word' id='word_1_614' title='bbox 580 4908 609 4962; x_wconf 91' lang='lat' dir='ltr'>et</span> <span class='ocrx_word' id='word_1_615' title='bbox 622 4909 668 4962; x_wconf 87' lang='lat' dir='ltr'>eat</span> <span class='ocrx_word' id='word_1_616' title='bbox 681 4906 837 4979; x_wconf 85' lang='lat' dir='ltr'>pretiosus.</span> <span class='ocrx_word' id='word_1_617' title='bbox 1017 4909 1040 4968; x_wconf 90' lang='lat'>0</span> <span class='ocrx_word' id='word_1_618' title='bbox 1060 4908 1137 4982; x_wconf 83' lang='lat' dir='ltr'>ragis</span> <span class='ocrx_word' id='word_1_619' title='bbox 1152 4909 1258 4979; x_wconf 82' lang='lat' dir='ltr'>conjnx</span> <span class='ocrx_word' id='word_1_620' title='bbox 1275 4907 1387 4977; x_wconf 85' lang='lat' dir='ltr'>proavis</span> <span class='ocrx_word' id='word_1_621' title='bbox 1402 4922 1436 4963; x_wconf 81' lang='lat' dir='ltr'>ar</span> <span class='ocrx_word' id='word_1_622' title='bbox 1452 4905 1572 4978; x_wconf 83' lang='lat' dir='ltr'>regibus</span> <span class='ocrx_word' id='word_1_623' title='bbox 1586 4903 1669 4961; x_wconf 86' lang='lat' dir='ltr'>artai</span> 
     </span>
    </p>

    <p class='ocr_par' dir='ltr' id='par_1_16' title="bbox 177 4985 1738 5072">
     <span class='ocr_line' id='line_1_54' title="bbox 177 4985 1738 5072; baseline 0.008 -32"><span class='ocrx_word' id='word_1_624' title='bbox 177 4985 233 5041; x_wconf 87' lang='lat' dir='ltr'>Sed</span> <span class='ocrx_word' id='word_1_625' title='bbox 249 5002 328 5043; x_wconf 87' lang='lat' dir='ltr'>mors</span> <span class='ocrx_word' id='word_1_626' title='bbox 343 4988 385 5044; x_wconf 87' lang='lat' dir='ltr'>vel</span> <span class='ocrx_word' id='word_1_627' title='bbox 399 4991 515 5047; x_wconf 89' lang='lat' dir='ltr'>senium</span> <span class='ocrx_word' id='word_1_628' title='bbox 532 4994 664 5052; x_wconf 90' lang='lat' dir='ltr'>destruet</span> <span class='ocrx_word' id='word_1_629' title='bbox 677 4996 730 5054; x_wconf 86' lang='lat' dir='ltr'>hoa</span> <span class='ocrx_word' id='word_1_630' title='bbox 746 4999 884 5069; x_wconf 88' lang='lat' dir='ltr'>pretium.</span> <span class='ocrx_word' id='word_1_631' title='bbox 1053 4999 1158 5072; x_wconf 88' lang='lat' dir='ltr'>ldagna</span> <span class='ocrx_word' id='word_1_632' title='bbox 1173 4997 1231 5071; x_wconf 85' lang='lat' dir='ltr'>tegi</span> <span class='ocrx_word' id='word_1_633' title='bbox 1244 5000 1403 5071; x_wconf 89' lang='lat' dir='ltr'>nequeunt,</span> <span class='ocrx_word' id='word_1_634' title='bbox 1420 5011 1509 5068; x_wconf 82' lang='lat' dir='ltr'>parva</span> <span class='ocrx_word' id='word_1_635' title='bbox 1521 4993 1610 5051; x_wconf 90' lang='lat' dir='ltr'>latere</span> <span class='ocrx_word' id='word_1_636' title='bbox 1625 4993 1738 5053; x_wconf 87' lang='lat' dir='ltr'>solent.</span> 
     </span>
    </p>

    <p class='ocr_par' dir='ltr' id='par_1_17' title="bbox 48 5074 1762 5248">
     <span class='ocr_line' id='line_1_55' title="bbox 48 5074 1762 5161; baseline 0.008 -31"><span class='ocrx_word' id='word_1_637' title='bbox 48 5116 51 5121; x_wconf 84' lang='lat'>.</span> <span class='ocrx_word' id='word_1_638' title='bbox 137 5074 214 5130; x_wconf 89' lang='lat' dir='ltr'>Luce</span> <span class='ocrx_word' id='word_1_639' title='bbox 230 5074 343 5132; x_wconf 90' lang='lat' dir='ltr'>micans</span> <span class='ocrx_word' id='word_1_640' title='bbox 357 5077 445 5149; x_wconf 80' lang='lat' dir='ltr'>acies,</span> <span class='ocrx_word' id='word_1_641' title='bbox 462 5096 526 5152; x_wconf 81' lang='lat' dir='ltr'>qua</span> <span class='ocrx_word' id='word_1_642' title='bbox 541 5082 675 5141; x_wconf 84' lang='lat' dir='ltr'>vulnerat</span> <span class='ocrx_word' id='word_1_643' title='bbox 690 5085 876 5159; x_wconf 84' lang='lat' dir='ltr'>aspicientes,</span> <span class='ocrx_word' id='word_1_644' title='bbox 1017 5089 1099 5147; x_wconf 85' lang='lat' dir='ltr'>Vivet</span> <span class='ocrx_word' id='word_1_645' title='bbox 1109 5090 1187 5145; x_wconf 88' lang='lat' dir='ltr'>lama</span> <span class='ocrx_word' id='word_1_646' title='bbox 1202 5088 1244 5145; x_wconf 93' lang='lat' dir='ltr'>tui</span> <span class='ocrx_word' id='word_1_647' title='bbox 1259 5092 1404 5161; x_wconf 89' lang='lat' dir='ltr'>quantum</span> <span class='ocrx_word' id='word_1_648' title='bbox 1419 5101 1485 5143; x_wconf 83' lang='lat' dir='ltr'>mea</span> <span class='ocrx_word' id='word_1_649' title='bbox 1498 5084 1630 5142; x_wconf 83' lang='lat' dir='ltr'>carmina</span> <span class='ocrx_word' id='word_1_650' title='bbox 1643 5083 1762 5159; x_wconf 81' lang='lat' dir='ltr'>vivant,</span> 
     </span>
     <span class='ocr_line' id='line_1_56' title="bbox 172 5162 1651 5248; baseline 0.007 -28"><span class='ocrx_word' id='word_1_651' title='bbox 172 5167 208 5220; x_wconf 80' lang='lat' dir='ltr'>itt</span> <span class='ocrx_word' id='word_1_652' title='bbox 229 5162 323 5220; x_wconf 84' lang='lat' dir='ltr'>Davus</span> <span class='ocrx_word' id='word_1_653' title='bbox 339 5165 439 5235; x_wconf 91' lang='lat' dir='ltr'>crinis,</span> <span class='ocrx_word' id='word_1_654' title='bbox 456 5169 507 5224; x_wconf 87' lang='lat' dir='ltr'>liet</span> <span class='ocrx_word' id='word_1_655' title='bbox 521 5175 678 5246; x_wconf 88' lang='lat' dir='ltr'>utrumque</span> <span class='ocrx_word' id='word_1_656' title='bbox 693 5174 778 5231; x_wconf 88' lang='lat' dir='ltr'>cinis.</span> <span class='ocrx_word' id='word_1_657' title='bbox 1053 5180 1089 5236; x_wconf 80' lang='lat' dir='ltr'>llt</span> <span class='ocrx_word' id='word_1_658' title='bbox 1103 5183 1132 5235; x_wconf 87' lang='lat' dir='ltr'>ta</span> <span class='ocrx_word' id='word_1_659' title='bbox 1145 5178 1286 5243; x_wconf 89' lang='lat' dir='ltr'>cantabit,</span> <span class='ocrx_word' id='word_1_660' title='bbox 1302 5177 1351 5248; x_wconf 92' lang='lat' dir='ltr'>qui</span> <span class='ocrx_word' id='word_1_661' title='bbox 1363 5191 1427 5232; x_wconf 88' lang='lat' dir='ltr'>mea</span> <span class='ocrx_word' id='word_1_662' title='bbox 1442 5175 1550 5246; x_wconf 83' lang='lat' dir='ltr'>scripta</span> <span class='ocrx_word' id='word_1_663' title='bbox 1564 5173 1651 5245; x_wconf 85' lang='lat' dir='ltr'>leget.</span> 
     </span>
    </p>

    <p class='ocr_par' dir='ltr' id='par_1_18' title="bbox 138 5251 1803 5430">
     <span class='ocr_line' id='line_1_57' title="bbox 138 5251 1677 5338; baseline 0.01 -31"><span class='ocrx_word' id='word_1_664' title='bbox 138 5251 226 5308; x_wconf 83' lang='lat' dir='ltr'>Fama</span> <span class='ocrx_word' id='word_1_665' title='bbox 242 5252 330 5310; x_wconf 78' lang='lat' dir='ltr'>refert</span> <span class='ocrx_word' id='word_1_666' title='bbox 345 5255 380 5311; x_wconf 91' lang='lat' dir='ltr'>de</span> <span class='ocrx_word' id='word_1_667' title='bbox 395 5259 423 5312; x_wconf 90' lang='lat' dir='ltr'>te</span> <span class='ocrx_word' id='word_1_668' title='bbox 438 5258 516 5330; x_wconf 91' lang='lat' dir='ltr'>quod</span> <span class='ocrx_word' id='word_1_669' title='bbox 529 5276 587 5316; x_wconf 87' lang='lat' dir='ltr'>non</span> <span class='ocrx_word' id='word_1_670' title='bbox 603 5261 642 5316; x_wconf 91' lang='lat' dir='ltr'>sit</span> <span class='ocrx_word' id='word_1_671' title='bbox 657 5262 763 5319; x_wconf 81' lang='lat' dir='ltr'>lamina</span> <span class='ocrx_word' id='word_1_672' title='bbox 777 5282 835 5338; x_wconf 82' lang='lat' dir='ltr'>pres</span> <span class='ocrx_word' id='word_1_673' title='bbox 851 5270 879 5324; x_wconf 91' lang='lat' dir='ltr'>te</span> <span class='ocrx_word' id='word_1_674' title='bbox 1178 5267 1258 5325; x_wconf 78' lang='lat' dir='ltr'><strong>XXV·</strong></span> <span class='ocrx_word' id='word_1_675' title='bbox 1273 5267 1309 5324; x_wconf 84' lang='lat' dir='ltr'>De</span> <span class='ocrx_word' id='word_1_676' title='bbox 1321 5266 1538 5323; x_wconf 76' lang='lat' dir='ltr'>denuntiatione</span> <span class='ocrx_word' id='word_1_677' title='bbox 1553 5264 1677 5322; x_wconf 67' lang='lat' dir='ltr'>Matini.</span> 
     </span>
     <span class='ocr_line' id='line_1_58' title="bbox 174 5340 1803 5430; baseline -0.002 -13"><span class='ocrx_word' id='word_1_678' title='bbox 174 5340 289 5399; x_wconf 72' lang='lat' dir='ltr'><strong>P⁰¹¹⁰¹¹⁹</strong></span> <span class='ocrx_word' id='word_1_679' title='bbox 304 5343 431 5417; x_wconf 79' lang='lat' dir='ltr'>eloquio,</span> <span class='ocrx_word' id='word_1_680' title='bbox 446 5346 695 5408; x_wconf 81' lang='lat' dir='ltr'>callidaconsilio.</span> <span class='ocrx_word' id='word_1_681' title='bbox 1018 5360 1128 5417; x_wconf 86' lang='lat' dir='ltr'>Missus</span> <span class='ocrx_word' id='word_1_682' title='bbox 1143 5357 1179 5414; x_wconf 88' lang='lat' dir='ltr'>ad</span> <span class='ocrx_word' id='word_1_683' title='bbox 1195 5355 1341 5430; x_wconf 86' lang='lat' dir='ltr'>egregiam</span> <span class='ocrx_word' id='word_1_684' title='bbox 1356 5353 1472 5412; x_wconf 85' lang='lat' dir='ltr'>Gabriel</span> <span class='ocrx_word' id='word_1_685' title='bbox 1487 5351 1558 5411; x_wconf 87' lang='lat' dir='ltr'>tulit</span> <span class='ocrx_word' id='word_1_686' title='bbox 1570 5351 1632 5410; x_wconf 86' lang='lat' dir='ltr'>ista</span> <span class='ocrx_word' id='word_1_687' title='bbox 1646 5352 1803 5414; x_wconf 74' lang='lat' dir='ltr'>Mariam:</span> 
     </span>
    </p>
   </div>
   <div class='ocr_carea' id='block_1_12' title="bbox 173 5484 1367 5577">
    <p class='ocr_par' dir='ltr' id='par_1_19' title="bbox 173 5484 1367 5577">
     <span class='ocr_line' id='line_1_59' title="bbox 173 5484 1367 5577; baseline 0.013 -36"><span class='ocrx_word' id='word_1_688' title='bbox 173 5484 212 5557; x_wconf 84' lang='grc'>(8)</span> <span class='ocrx_word' id='word_1_689' title='bbox 228 5487 443 5564; x_wconf 84' lang='lat' dir='ltr'>llrmeuegardi,</span> <span class='ocrx_word' id='word_1_690' title='bbox 469 5490 535 5548; x_wconf 81' lang='lat' dir='ltr'>illic</span> <span class='ocrx_word' id='word_1_691' title='bbox 560 5492 698 5551; x_wconf 82' lang='lat' dir='ltr'>Falconis</span> <span class='ocrx_word' id='word_1_692' title='bbox 724 5497 854 5568; x_wconf 83' lang='lat' dir='ltr'>Ricbini,</span> <span class='ocrx_word' id='word_1_693' title='bbox 881 5499 963 5559; x_wconf 84' lang='lat' dir='ltr'>uxori</span> <span class='ocrx_word' id='word_1_694' title='bbox 1053 5501 1093 5577; x_wconf 76' lang='grc'>(0)</span> <span class='ocrx_word' id='word_1_695' title='bbox 1109 5501 1195 5560; x_wconf 78' lang='lat' dir='ltr'>Forte</span> <span class='ocrx_word' id='word_1_696' title='bbox 1208 5496 1367 5558; x_wconf 83' lang='lat' dir='ltr'>llatildam.</span> 
     </span>
    </p>
   </div>
   <div class='ocr_carea' id='block_1_13' title="bbox 36 5552 717 5634">
    <p class='ocr_par' dir='ltr' id='par_1_20' title="bbox 36 5552 717 5634">
     <span class='ocr_line' id='line_1_60' title="bbox 36 5552 717 5634; baseline 0.025 -28"><span class='ocrx_word' id='word_1_697' title='bbox 36 5574 40 5581; x_wconf 96' lang='lat'>·</span> <span class='ocrx_word' id='word_1_698' title='bbox 138 5552 216 5611; x_wconf 71' lang='lat' dir='ltr'>madi</span> <span class='ocrx_word' id='word_1_699' title='bbox 230 5558 298 5617; x_wconf 91' lang='lat' dir='ltr'>dicti</span> <span class='ocrx_word' id='word_1_700' title='bbox 311 5562 436 5634; x_wconf 69' lang='lat' dir='ltr'>torpeas,</span> <span class='ocrx_word' id='word_1_701' title='bbox 454 5561 606 5622; x_wconf 84' lang='lat' dir='ltr'>Britannia</span> <span class='ocrx_word' id='word_1_702' title='bbox 622 5566 717 5622; x_wconf 81' lang='lat' dir='ltr'>duola</span> 
     </span>
    </p>
   </div>
   <div class='ocr_carea' id='block_1_14' title="bbox 0 0 1906 6030">
    <p class='ocr_par' dir='ltr' id='par_1_21' title="bbox 0 0 1906 6030">
     <span class='ocr_line' id='line_1_61' title="bbox 0 0 1906 6030; baseline 0 0"><span class='ocrx_word' id='word_1_703' title='bbox 0 0 1906 6030; x_wconf 95' lang='lat' dir='ltr'> </span> 
     </span>
    </p>
   </div>
  </div>
 </body>
</html>
