3802 6030
72 272 78 327 t
700 264 884 331 castulus
905 265 1043 332 lellii,
1630 262 1711 342 1650

72 400 195 473 ,spiritu
212 399 365 471 Paraclito,
383 415 436 458 nec
453 405 532 473 nato,
548 418 602 460 nec
616 401 757 477 ingenito.
840 401 917 471 ΑΕι
931 414 998 456 cum
1015 395 1143 456 sanitate
1160 395 1268 454 mentis
1284 394 1516 454 incolumitatem
1532 396 1640 454 carnis.

111 491 213 551 1651
232 491 266 548 11.
283 495 409 564 Hymnus
423 492 558 550 secundos
573 494 605 551 dc
617 491 725 550 eodem.
885 488 930 545 'l'u
945 486 1107 562 plasmator
1119 486 1325 561 utriusque,da
1339 485 1417 559 quod
1428 484 1568 556 competit
1582 486 1707 560 utrique.

72 598 113 638 iss
124 584 270 642 immundi
282 587 402 656 currite,
415 587 481 643 iens
496 590 576 657 patet
592 584 790 661 indulgentias.
885 577 930 634 Ad
945 578 1127 650 peccandum
1142 577 1224 650 preni
1243 579 1398 646 sumus,et
1412 575 1448 633 ad
1465 575 1591 631 humum
1600 574 1676 632 redit

77 690 111 729 us
127 674 260 747 desperet
275 675 389 733 veniam
401 676 452 749 qui
469 680 567 732 servat
582 675 795 747 paenitentiam.
1509 665 1641 739 [humum

72 765 179 835 mptum
192 764 243 820 liei
260 765 351 820 Filius
367 763 496 821 ostendit
511 762 714 837 peccatoribus
884 757 925 813 Tu
941 756 1057 813 ruinam
1073 762 1206 815 nestram
1218 755 1287 813 sulci
1299 756 1406 828 pietate
1421 762 1472 813 tua
1486 754 1577 812 dulci.

72 853 125 909 isim
142 870 191 908 vos
205 854 354 926 spurcitie
368 858 487 927 septeno
499 852 617 927 plenam
632 852 797 917 dedecore:
887 845 990 906 1568
1006 846 1080 913 Quid
1095 854 1140 903 est
1150 847 1238 904 home
1254 845 1351 919 proles
1366 845 1433 903 ade
1441 861 1559 919 germen
1571 845 1650 902 necis
1665 845 1711 902 di-

84 943 230 1015 quendam
244 943 326 1000 nulla
341 945 465 1017 turpior,
481 960 541 1015 qua
557 942 692 1000 nuucuix
703 942 833 999 ullasae·
1451 937 1555 1009 [gnum
1571 934 1674 993 clude?

699 1032 794 1108 [otios
884 1024 958 1092 Quid
973 1027 1018 1083 est
1032 1024 1120 1082 homo
1136 1023 1193 1081 nisi
1216 1025 1335 1093 vermis,
1350 1041 1398 1082 res
1425 1025 1555 1098 infirma,
1568 1042 1615 1083 res
1630 1024 1709 1081 iner-

87 1121 194 1178 Christi
211 1123 301 1195 pedes
319 1121 479 1193 abluit,sed
494 1119 829 1194 moxctcaputinnnxit.
1595 1111 1684 1188 [misi

72 1217 151 1270 erret
165 1212 298 1270 Christus
310 1213 470 1284 neminem,
481 1212 558 1270 Deus
574 1229 631 1269 non
650 1213 761 1285 spernit
775 1211 829 1269 he·
919 1202 960 1262 Ne
975 1203 1105 1279 digneris
1122 1202 1190 1261 huic
1200 1202 1287 1262 irasci
1303 1203 1354 1277 qui
1369 1220 1426 1260 nen
1443 1207 1538 1278 petest
1553 1203 1683 1275 mundus

636 1301 771 1376 [minem
1523 1293 1617 1368 [nasci
1631 1310 1637 1350 :

72 1408 132 1448 nus
148 1390 190 1448 illi
205 1392 316 1464 gratias
332 1391 395 1464 pias
408 1391 558 1449 tundendo
573 1391 737 1465 lacrymas;
883 1380 958 1455 Noli,
974 1387 1063 1451 Dent»
1079 1382 1159 1440 ΜΗΘ
1175 1383 1326 1452 damme,
1342 1382 1393 1457 (iul
1410 1385 1654 1455 Ι10119οῒΘῦιιιοιι

72 1496 94 1535 is
109 1480 186 1552 quod
203 1481 295 1537 nudat
315 1480 456 1538 Dominus
480 1484 629 1554 tergamus
645 1480 754 1538 uostris
773 1479 829 1537 cri·
1488 1475 1635 1550 [peccare,

669 1568 787 1643 [nibus;
881 1564 1020 1625 iudicare
1035 1569 1265 1639 nonestequum
1276 1570 1512 1635 creaturam,nen
1527 1568 1705 1634 estmacum,

72 1658 161 1716 irssuis
175 1676 210 1715 ex
224 1660 331 1733 opibus
346 1658 547 1715 ministremus
564 1659 752 1732 pauperibus.
881 1653 944 1711 Non
959 1659 1002 1712 est
1016 1655 1106 1712 miser
1117 1655 1285 1712 demetenti
1301 1657 1332 1710 ut
1344 1655 1519 1728 respondeat
1532 1654 1668 1714 Tonanti.

72 1750 126 1808 sbit
137 1750 221 1807 uehis
230 1750 355 1823 gratiam
366 1749 416 1823 qui
429 1755 548 1821 prestat
562 1747 788 1822 indulgentiam.
840 1771 865 1837 Β
882 1741 964 1798 Sicut
974 1743 1090 1811 umbra,
1106 1743 1183 1800 sicut
1198 1742 1387 1810 sumus,sicut
1403 1742 1503 1800 lenum
1516 1742 1705 1813 isclisuruus,

72 1845 150 1897 ostra
165 1854 200 1894 ex
215 1837 376 1911 fragrantia
390 1835 520 1894 redoleat
534 1837 673 1907 Ecclesia,
880 1830 1029 1900 Miserere,
1046 1835 1121 1888 Deus
1136 1831 1225 1901 trine,
1242 1831 1390 1897 miserere,
1407 1836 1557 1889 miserere.

72 1929 146 1985 strix
170 1927 231 1983 hec
256 1926 444 1984 sanctissima
472 1931 574 1984 nestra
598 1926 749 2000 propulset
768 1925 825 1983 cri·
1129 1931 1162 1985 V.
1175 1931 1275 1987 Oratio
1290 1927 1455 1986 udl'ils'um.

679 2015 780 2087 [minn,
877 2021 948 2075 lesu
962 2016 1076 2075 christe
1092 2022 1168 2075 Deus
1183 2021 1293 2086 nester,
1310 2018 1386 2074 bone
1397 2021 1536 2091 pastoral
1553 2020 1703 2094 magister,

80 2107 164 2165 nobis
180 2107 272 2164 oratio
285 2107 326 2163 sit
338 2106 480 2163 virtutum
497 2106 625 2180 largitio.
878 2107 932 2172 Oui
947 2124 1015 2165 cum
1031 2123 1112 2165 esses
1129 2108 1222 2165 forma
1236 2107 1299 2178 Dei,
1315 2107 1469 2181 coequalis
1485 2108 1578 2167 Patris
1594 2108 1647 2177 tui,

72 2196 134 2254 'stri
149 2196 215 2254 leus
230 2196 370 2270 ingenite,
384 2200 439 2254 etc.
877 2196 999 2270 Propter
1013 2196 1167 2254 hominum
1183 2197 1312 2254 salutem
1330 2196 1452 2254 induisti
1468 2199 1565 2255 carnis
1581 2201 1701 2268 vestem,

177 2287 226 2344 lll.
243 2288 366 2359 Hymnus
382 2286 524 2343 tertiusde
539 2286 645 2342 sudem.
878 2285 912 2342 ut
926 2285 1212 2360 devenirevirginali
1225 2290 1366 2360 tanquam
1380 2304 1509 2360 sponsus
1519 2287 1699 2360 processisti.

72 2378 148 2434 strix
158 2377 292 2450 quedam
308 2376 417 2433 lemine
432 2375 565 2434 Ecclesia
577 2375 738 2435 novissima
878 2374 926 2431 Sic
942 2375 973 2431 iu
988 2376 1085 2432 carnis
1096 2380 1241 2433 vetustate
1256 2381 1446 2435 conversatus
1461 2377 1524 2434 sine
1538 2377 1616 2447 labe,

73 2483 92 2522 a
105 2466 201 2522 carnis
215 2481 300 2522 onere
316 2465 405 2524 cmlos
420 2464 553 2524 ascendit
568 2464 676 2533 hodie,
878 2463 915 2522 Ut
929 2469 958 2524 at
973 2483 1047 2540 epus
1060 2466 1245 2541 adimpleres,
1257 2473 1286 2525 et
1299 2468 1665 2543 exemplumnobisdares.

73 2572 87 2611 ε
102 2553 153 2628 qui
168 2552 269 2610 colunt
283 2555 393 2610 exitum
408 2560 580 2610 recenseant
591 2552 754 2624 introitum,
877 2555 970 2628 Opus,
986 2556 1117 2629 inquam,
1134 2557 1264 2631 pietatis,
1276 2574 1421 2630 superans
1436 2561 1573 2617 allectum
1590 2562 1679 2619 menti

72 2644 174 2700 andem
190 2644 299 2699 summi
315 2642 432 2700 Domini
446 2643 497 2715 qui
513 2646 628 2698 tantum
645 2648 763 2716 praestat
774 2644 823 2700 he·
877 2643 1071 2703 Contumelils
1086 2651 1217 2716 uexatus,
1232 2655 1260 2703 et
1270 2646 1301 2702 in
1316 2662 1432 2704 crucem
1447 2647 1618 2706 sublevatus

710 2732 804 2807 [mini.
877 2735 1027 2794 Generalis
1044 2737 1148 2793 mertis
1158 2736 1229 2808 jura
1243 2736 1415 2793 destruxisti
1425 2741 1518 2794 morte
1532 2742 1600 2809 tua;

72 2824 119 2880 bnt
133 2823 212 2896 apud
227 2821 377 2879 Simonem
390 2823 465 2878 Deus
481 2821 603 2880 indutus
613 2821 776 2891 hominem,
876 2828 1057 2896 Dormiristi,
1073 2827 1237 2896 surrexisti,
1253 2845 1342 2903 super
1356 2828 1443 2887 cmles
1453 2830 1623 2904 ascendisti,

72 2914 123 2971 ssit
139 2929 276 2981 moerens,
293 2912 442 2984 languida,
458 2912 494 2966 ad
511 2912 616 2970 medici
632 2912 766 2986 uestigia.
876 2916 946 2973 Inde
961 2917 1057 2974 venies
1074 2917 1103 2974 in
1119 2917 1177 2974 fine
1192 2917 1362 2991 quaelecisti
1373 2917 1508 2990 judicare

72 3021 157 3079 isgno
172 3003 319 3060 desiderio
336 3005 478 3075 precessit
493 3004 555 3061 hec
571 3002 774 3077 presumptio,
876 3004 1056 3061 Reddituros
1070 3005 1159 3078 digna
1176 3006 1259 3062 laetis
1270 3022 1337 3062 cum
1354 3007 1515 3066 redditione
1529 3010 1637 3068 earnis.

74 3098 209 3151 tractaret
226 3092 362 3149 meretrix
386 3108 474 3164 quem
492 3091 559 3148 tulit
576 3093 663 3166 Virgo
679 3089 818 3165 genitrix,
878 3093 952 3149 Deus
967 3091 1136 3150 hemoJesu
1152 3093 1276 3162 Christe,
1293 3095 1467 3152 miserenum
1481 3097 1628 3167 miserere,

83 3184 169 3242 vellet
179 3200 248 3241 voce
262 3183 365 3254 tacuit,
385 3183 436 3238 sed
447 3181 585 3255 lacrymis
601 3181 746 3254 exposuit,
877 3183 953 3239 Deus
968 3182 1066 3252 hemo,
1083 3199 1134 3238 rex
1149 3182 1299 3253 celerum,
1316 3184 1455 3243 miserere
1471 3186 1656 3246 miserorum.

72 3273 155 3331 iculis
167 3277 196 3329 et
210 3272 341 3329 crinibus
351 3271 443 3329 oravit
459 3287 511 3343 pre
527 3270 711 3326 criminibus.
874 3271 970 3344 Hujus
990 3271 1056 3328 ildei
1072 3272 1224 3328 confessor
1238 3270 1306 3328 licet
1320 3289 1389 3330 reus
1402 3280 1431 3331 et
1446 3279 1647 3350 transgressor

72 3362 192 3436 pellavit
209 3361 339 3435 unguine
350 3377 418 3418 cum
435 3377 493 3418 nen
509 3363 555 3416 est
568 3375 641 3415 ause
656 3357 776 3425 lamine,
876 3359 987 3435 Duplex
999 3377 1062 3431 ere,
1075 3359 1145 3418 Jesu
1160 3360 1283 3429 Christe,
1297 3378 1405 3420 nomen
1420 3381 1627 3437 supernomen

72 3452 232 3509 iPharisae
247 3451 430 3520 scandalum,
445 3451 496 3508 sed
511 3449 568 3507 Dee
584 3448 774 3507 sacrificium.
1479 3455 1589 3528 [omne

72 3557 114 3598 iec
127 3542 245 3599 recessit
256 3541 389 3599 emnium
404 3541 502 3601 seluta
517 3557 592 3598 nexu
607 3539 778 3605 criminum,
877 3540 914 3597 Ut
928 3545 1047 3613 peccota
1063 3540 1223 3607 conticenti,
1238 3545 1269 3599 et
1282 3543 1405 3601 virtutes
1416 3544 1567 3602 anhelanti

83 3633 192 3689 serente
205 3631 331 3700 veniam,
345 3633 396 3704 qui
410 3630 533 3704 pretulit
547 3630 734 3687 sententiam.
877 3630 943 3688 llaec
958 3631 1184 3700 condones,illas
1199 3632 1381 3700 denes,sicut
1397 3636 1459 3708 ipse
1473 3636 1702 3708 decensmenes,

72 3720 138 3777 iatri
152 3719 228 3786 laus,
244 3723 299 3776 etc.
878 3719 915 3778 Ut
927 3726 955 3776 et
970 3720 1086 3778 lumbes
1099 3722 1324 3795 precingsmns,
1339 3727 1368 3780 et
1386 3723 1522 3783 lucernas
1538 3731 1704 3786 teneamus.

239 3808 288 3865 IV.
301 3807 396 3866 Oresio
411 3808 447 3864 nd
461 3809 583 3864 Putrem.
878 3813 950 3866 cnm
965 3811 1089 3867 virtutes
1105 3813 1228 3869 mundns
1247 3811 1426 3886 queri,ques
1438 3815 1569 3889 appellas
1580 3833 1704 3892 regnum

72 3914 148 3956 *erse
163 3901 302 3955 creatura
319 3897 487 3953 nominator
506 3895 646 3968 increato,
1575 3907 1649 3981 [neg

71 4005 111 4046 im
121 3993 219 4044 metus
235 3986 416 4059 principalis,
432 3985 547 4055 beatus,
559 3991 587 4042 et
602 3984 790 4052 immortalis,
880 3988 922 4045 lla
936 3987 1013 4061 quod
1028 3987 1115 4061 jubes
1131 3993 1164 4046 ut
1177 4006 1354 4063 queramus,
1370 3996 1398 4049 et
1412 3992 1454 4050 sic
1464 3995 1536 4067 lube
1547 3997 1624 4068 quod
1639 4013 1707 4072 aga·

72 4096 101 4136 is
118 4095 186 4144 uns,
202 4076 343 4150 splendor
359 4093 445 4142 unus,
457 4075 486 4132 in
504 4091 562 4148 que
580 4091 637 4132 nen
659 4081 705 4133 est
718 4074 785 4149 plus
800 4081 829 4133 et
1592 4085 1681 4158 [mag

679 4164 801 4239 [minus,
881 4168 961 4226 Inter
975 4171 1082 4224 cuncte
1096 4183 1160 4240 que
1177 4169 1303 4241 requiro,
1327 4185 1418 4226 unum
1435 4174 1481 4228 est
1503 4172 1539 4228 ad
1555 4175 1633 4245 quod
1649 4191 1706 4231 su·

71 4276 85 4316 s
100 4262 190 4326 Deus,
205 4260 266 4314 tres
282 4271 425 4330 persono,
441 4253 551 4311 trinum
565 4269 683 4325 nomen,
702 4269 793 4311 unum
1569 4264 1671 4335 papiro,

662 4342 750 4417 [essa
881 4346 964 4412 Quod
979 4348 1083 4419 expete
1098 4345 1253 4418 speciatim
1269 4345 1325 4403 heo
1339 4354 1367 4404 et
1381 4365 1469 4421 posco
1479 4351 1673 4420 nominatim

72 4438 107 4494 de
121 4437 192 4494 lime
204 4437 334 4510 primum
347 4438 471 4508 patrem,
488 4438 517 4491 ει
528 4434 564 4490 de
576 4437 658 4507 patre
668 4432 795 4506 primam
882 4432 989 4490 Contra
1005 4433 1103 4490 carnis
1117 4432 1312 4506 corruptelam
1329 4440 1386 4492 ate
1400 4437 1500 4512 flagito
1510 4439 1663 4510 medelam,

646 4523 793 4596 [matrem
844 4519 869 4585 D
884 4529 1007 4597 Propter
1021 4530 1101 4581 tuam
1113 4524 1248 4597 pietatem
1262 4526 1339 4582 dona
1353 4526 1426 4583 mihi
1442 4527 1618 4601 castitetem,

72 4621 220 4689 sequenter
230 4633 265 4672 ex
276 4616 392 4672 duobus
403 4614 572 4688 propagasti
584 4617 677 4669 tetum
688 4628 794 4687 genus,
886 4613 921 4670 lit
935 4613 1082 4688 meipsum
1097 4618 1127 4670 ει
1140 4619 1168 4670 ιε
1183 4629 1268 4671 nosse
1283 4617 1360 4672 sicet
1376 4621 1421 4674 est
1437 4616 1599 4676 humanum
1610 4636 1707 4694 posse.

72 4722 116 4764 ius
131 4712 159 4763 et
174 4705 209 4762 de
224 4705 297 4762 caele
313 4707 427 4760 mentes
441 4703 593 4775 inspirasti
604 4702 829 4768 descendentes,
887 4702 936 4759 llis
951 4717 986 4759 ex
1000 4702 1109 4774 quibus
1121 4702 1294 4760 voluistime
1305 4706 1469 4763 secuudum
1485 4723 1602 4765 carnem
1615 4710 1708 4781 nesci,

72 4796 207 4869 equends
223 4808 309 4851 nosse
323 4797 453 4866 possent,
467 4796 660 4865 sequerentur
675 4796 703 4847 et
712 4807 777 4862 quas
887 4799 920 4851 Et
935 4792 1099 4866 majeribus
1114 4794 1247 4867 ipsorum
1263 4796 1440 4869 computetis
1455 4800 1649 4857 retroversum

626 4880 780 4953 [nesseut:
886 4883 1006 4943 Cunctis
1022 4887 1139 4956 presta,
1150 4883 1228 4941 Deus
1247 4884 1338 4955 dives,
1354 4885 1444 4943 vitam
1458 4887 1610 4946 intertuos
1621 4890 1708 4964 cives,

72 4982 116 5031 sta
131 4972 215 5044 mihi,
232 4977 308 5029 Deus
332 4986 428 5038 meus,
445 4970 537 5026 lactor
552 4972 581 5026 et
600 4970 724 5026 refector
735 4982 831 5039 meus,
888 4975 1003 5030 Fratres
1018 4988 1098 5029 meos
1113 4976 1142 5030 et
1157 4989 1272 5030 sereres
1286 4973 1333 5030 his
1350 4974 1379 5030 in
1396 4974 1482 5033 denis
1496 4975 1539 5035 iac
1550 4985 1710 5038 consortes.

72 5082 139 5122 nens
164 5068 246 5120 ortos
261 5061 308 5117 sni
334 5076 446 5117 memor
460 5063 489 5115 te
506 5063 657 5131 sequatur,
683 5059 759 5115 boue
773 5058 830 5114 du·
886 5061 1039 5119 parentets
1054 5061 1126 5117 mihi
1137 5062 1268 5133 junctos,
1290 5061 1418 5122 clemens
1441 5064 1529 5137 Deus,
1545 5067 1624 5128 salve
1639 5086 1710 5127 cun·

712 5147 795 5220 [θῑῦΐε
1583 5167 1665 5228 ειοε;

73 5246 98 5302 io
115 5245 214 5301 currat
228 5240 321 5298 libens
337 5242 456 5312 postte,
474 5242 507 5294 ut
521 5242 550 5295 et
563 5252 673 5311 cerpus
684 5236 782 5293 trahet
888 5241 995 5299 Omnes
1010 5242 1060 5315 qui
1075 5242 1177 5300 fideles
1191 5241 1301 5312 visunt,
1317 5241 1361 5299 uel
1377 5243 1477 5302 fideles
1492 5159 1640 5316 obier[unt,

612 5330 690 5400 [post
705 5342 755 5396 se;
887 5333 1072 5407 sempiterna
1091 5334 1134 5389 lac
1149 5332 1247 5405 quiete
1258 5331 1314 5389 frui
1329 5333 1392 5391 sine
1407 5339 1487 5391 metu
1504 5342 1599 5394 msto.

72 5422 201 5482 caudatis
213 5421 273 5476 tuis
287 5419 383 5481 vadat,
401 5418 444 5474 sic
460 5421 492 5472 ut
507 5432 658 5488 nunquam
678 5431 798 5487 prorsus
888 5422 933 5478 Sit
948 5421 1013 5478 laus
1028 5422 1106 5479 Patri
1121 5421 1312 5495 sempiterne,
1331 5422 1460 5497 Filioque
1475 5431 1632 5492 coetern03

648 5505 755 5579 [cadat
887 5511 1084 5582 Tibi‚lilamen
1100 5511 1332 5584 utriusque,laus
1343 5513 1383 5570 sit
1397 5531 1479 5586 aqua
1494 5529 1559 5570 oum
1575 5516 1710 5586 utreque.

72 5626 163 5684 >ergo
179 5610 306 5665 mentem
322 5602 833 5679 sanamptsmsntemnisoiptinom,
1539 5602 1654 5672 [Amen.
