3802 6030
154 219 212 282 aar
642 216 730 279 ven,
753 214 987 277 almannum
1009 213 1214 278 canonia.
1236 214 1359 280 uerso.
1621 174 1624 179 ’
1801 220 1867 283 osa

157 371 214 413 non
229 371 281 429 pro
291 356 385 420 etate,
401 352 452 410 sed
468 355 586 426 proptor
599 351 739 408 honorem
752 354 781 408 et
791 349 977 424 dignitatem,
991 351 1020 420 Α
1035 353 1144 424 quanto
1161 347 1255 423 magis
1271 348 1299 406 hi
1315 349 1481 408 sacerdotes
1494 349 1625 409 attevile
1637 350 1811 425 pudicitiam
1827 370 1864 414 cx

157 444 355 502 etdictrinam
372 440 534 513 sapientis,
548 456 638 513 quum
652 440 702 512 qui
728 440 886 513 accipiunt,
917 455 982 511 pre·
1037 438 1133 495 debito
1159 438 1353 496 ordinationis
1368 456 1427 496 suae
1452 456 1567 497 servaro
1592 441 1725 499 debenti
1747 447 1825 501 Num
1840 444 1866 502 si

158 535 264 607 sbyteri
289 531 487 589 nominantur.
515 533 688 588 Sacerdotes
710 535 807 588 cutem
831 532 981 598 vocantur,
1040 527 1150 584 Paulus
1166 529 1200 585 ad
1217 528 1384 586 Corinthios
1399 528 1511 599 scribit,
1531 531 1653 588 dicens:
1678 554 1693 583 a
1709 532 1865 593 abstinete

157 623 227 695 quia
241 638 356 678 sucrum
373 622 444 676 dant
459 620 488 676 in
500 621 680 678 coniectione
697 621 788 677 divini
804 619 945 692 corporis,
955 622 984 674 ct
1036 634 1088 675 voe
1102 620 1137 674 ad
1154 624 1282 693 tempus,
1296 625 1328 676 ut
1342 621 1451 678 vacetis
1463 621 1586 678 orationi
1600 624 1624 695 (l
1639 624 1702 681 Cor.
1719 641 1770 694 ιιι,
1786 625 1814 698 5)
1827 645 1836 696 ς
1848 648 1863 678 a

155 712 185 769 in
202 711 388 783 baptismate,
404 715 433 767 et
447 710 477 766 in
493 712 590 768 cilicio
607 710 795 784 predicandi.
826 710 982 793 Summum
1036 712 1065 765 et
1079 708 1134 764 hoc
1149 709 1185 765 ad
1201 708 1301 779 laicos,
1323 710 1415 766 multo
1441 711 1534 783 magis
1558 713 1736 784 sacerdotes,
1751 715 1862 786 quihus

154 799 249 857 locum
260 800 415 857 sacordotii
432 800 526 858 tenuit
543 804 637 858 Aaron
650 801 682 858 in
704 802 793 857 veteri
806 798 905 873 [lege]
918 796 981 854 Filil
1037 798 1138 856 orandi
1154 803 1183 855 et
1194 799 1376 856 sucrillcundi
1387 801 1460 873 juge
1479 801 1609 858 officium
1625 806 1680 862 est.
1698 804 1766 861 ldeo
1780 808 1863 863 tanta

154 895 251 947 aulem
267 890 403 961 ipsiusin
419 890 550 947 infcriori
578 891 704 963 gradum
730 888 872 946 sacerdoti
900 893 983 944 tene·
1036 887 1229 961 diligentiaet
1246 890 1482 947 tantamunditia
1508 890 1575 948 huic
1601 892 1766 950 ministerio
1792 911 1862 953 con-

154 979 347 1037 hantdlodem
360 980 445 1036 ruodo
462 980 631 1052 superiores
646 984 714 1037 sunt
738 978 865 1052 episcopi
890 991 983 1034 sacer·
1036 978 1124 1050 gruit.
1143 977 1279 1051 Praecepit
1303 979 1445 1036 Dominus
1460 981 1581 1038 dicens:
1612 1003 1627 1031 «ι
1643 982 1702 1039 Hbc
1730 983 1818 1040 tacite
1832 985 1861 1042 in

153 1069 283 1138 dotibus,
312 1069 490 1141 utquumvis
518 1071 665 1126 omncsin
695 1068 857 1125 sacerdotio
876 1081 980 1123 conve·
1037 1069 1455 1126 mearucommomorutionem
1485 1072 1749 1145 (tuc.xxit‚19).»
1772 1078 1860 1132 Datur

153 1158 246 1230 nient,
263 1163 362 1216 tumen
385 1159 498 1229 majora
513 1163 696 1215 sucromcnla
723 1157 853 1231 episcopi
869 1149 985 1213 habent
1036 1175 1104 1232 crgo
1126 1159 1269 1215 sacerdoti
1294 1176 1400 1232 corpus
1423 1161 1517 1218 iacere
1546 1160 1666 1218 Christi.
1693 1162 1860 1236 Baptismus

153 1265 242 1322 quum
259 1248 430 1321 presbytcri.
448 1248 583 1321 Episcopi
609 1249 733 1305 frontem
763 1248 923 1305 chrismata
940 1245 980 1302 si·
1036 1247 1118 1321 prius
1133 1250 1374 1321 purusqua3sed
1386 1265 1438 1322 pur
1449 1250 1683 1308 benedictionem
1694 1253 1860 1310 vertiturin

152 1341 255 1411 gaunt,
271 1337 419 1404 dedicunt,
436 1337 585 1406 ordinant,
601 1355 671 1395 vasu
686 1337 887 1395 ecclesiastiea
901 1334 979 1392 ctul·
1034 1342 1269 1409 sacramentum
1287 1344 1397 1395 etcum
1413 1340 1496 1411 prius
1520 1357 1597 1414 aqua
1612 1345 1727 1399 tantum
1755 1359 1861 1416 corpus

154 1429 228 1485 turia
243 1428 487 1486 censueruntdlii
503 1433 617 1485 tantum
634 1446 739 1502 corpus
755 1437 781 1485 et
803 1427 977 1501 sanguinem
1034 1431 1129 1502 potest
1140 1429 1294 1497 mundare,
1310 1430 1396 1486 modo
1412 1447 1463 1502 per
1478 1430 1712 1488 benedictionem
1728 1434 1861 1492 sacerdo·

152 1518 278 1590 [christi]
307 1523 488 1586 consecrant,
519 1519 677 1592 baptizant,
699 1524 728 1575 et
757 1517 925 1588 absolvunt,
951 1520 979 1572 et
1034 1517 1489 1590 lispotestetunimamlavure.
1512 1520 1679 1578 Benedictio
1702 1521 1856 1582 etiamse-

152 1608 323 1681 cunjugium
337 1609 581 1666 benedicuntscd
594 1626 671 1665 nunc
687 1609 721 1665 de
732 1609 872 1681 dignitate
888 1606 977 1665 vostri
1032 1607 1157 1665 cerdotis
1167 1607 1269 1664 unitio
1284 1609 1422 1680 conjugio
1434 1610 1508 1665 duos
1517 1627 1657 1682 personas
1669 1612 1856 1671 nubentium.

152 1697 265 1755 ordinis
277 1698 388 1771 aliquid
402 1698 545 1769 dicemus,
562 1702 595 1755 ut
609 1697 709 1755 sciatis
737 1698 807 1770 quid
822 1696 975 1771 potestatis
990 1733 1014 1799 B
1032 1697 1122 1754 Datur
1132 1703 1161 1754 et
1173 1702 1274 1769 postea
1285 1698 1432 1755 aDomino
1444 1699 1805 1772 sacerdotibusquoddum
1815 1703 1857 1759 di·

151 1790 309 1862 recipiatis,
327 1789 512 1860 ecquomodo
529 1789 638 1845 intrare
653 1789 793 1845 debeatis.
811 1788 849 1859 (8)
869 1786 974 1842 Sanci-
1032 1785 1130 1843 vinum
1153 1786 1422 1860 dominium,quod
1453 1789 1507 1845 soli
1528 1789 1586 1846 Deo
1615 1794 1678 1846 erut
1694 1791 1856 1865 proprium.

151 1882 273 1935 tumeat
298 1878 328 1934 in
343 1878 454 1935 sanctis
476 1878 651 1947 canonibus,
681 1883 713 1933 ut
727 1876 879 1949 presbyter
907 1879 974 1933 unte
1029 1875 1195 1933 Dixitenim
1208 1894 1215 1932 :
1227 1876 1382 1950 «Accipite
1393 1877 1538 1950 Spiritum
1555 1882 1710 1938 sunctum:
1727 1883 1856 1948 Quorum

151 1969 332 2026 tricesimum
348 1969 441 2026 elutis
453 1986 513 2026 suc
533 1985 642 2025 aunum
658 1985 716 2024 non
732 1967 892 2033 ordinetur,
906 1967 976 2022 licut
1030 1965 1203 2023 remiseritis
1216 1968 1535 2038 peccatu,remillenlur
1549 1969 1591 2026 eis
1602 1971 1690 2039 (loco.
1701 1988 1750 2040 xx,
1767 1972 1824 2044 23).
1842 1994 1855 2023 ι.

151 2058 234 2117 calda
255 2058 295 2114 sit
309 2060 426 2131 dignus.
443 2058 515 2115 Nam
532 2058 676 2115 Dominus
699 2061 798 2113 noster
825 2056 974 2112 tricesimo
1029 2056 1176 2122 Quantum
1195 2055 1351 2112 meritum!
1375 2057 1522 2121 Quantum
1545 2059 1675 2116 donum!
1694 2061 1785 2118 llomo
1801 2060 1856 2116 ho·

150 2147 319 2205 astutissuae
336 2147 670 2219 baptizatuscst‚etsic
699 2146 784 2219 coepit
807 2145 973 2219 praedicare.
1030 2144 1410 2218 minuspotcatubsolvere.
1430 2150 1523 2203 Homo
1552 2147 1705 2206 hominum
1733 2155 1857 2222 peccata

150 2237 256 2296 Nullus
270 2255 305 2295 ex
318 2238 413 2308 luicis,
431 2238 531 2294 nullus
547 2239 696 2311 bigamus,
712 2237 811 2294 nullus
826 2235 876 2308 qui
887 2234 975 2291 sitvi-
1029 2238 1125 2306 potest
1140 2235 1304 2304 remittere,
1320 2239 1349 2292 ut
1363 2237 1433 2309 quis
1448 2239 1607 2308 quamdam
1632 2240 1852 2312 praerogativam

150 2330 213 2386 duos
230 2329 354 2386 maritus
365 2329 528 2397 ordinetur,
545 2325 882 2401 sodirrcprchcnsibilis,
899 2325 975 2380 siout
1029 2328 1205 2397 potestatem
1223 2342 1311 2398 super
1326 2326 1400 2383 alios
1415 2326 1529 2400 recipit,
1547 2328 1573 2386 is
1600 2329 1853 2387 consecrationum

149 2419 379 2492 uithpostolus:
397 2422 541 2491 «Oportet
566 2418 738 2491 episcopum
767 2413 976 2488 irreprehensi·
1029 2415 1580 2488 dignioremprmuliishubet.Unctio
1600 2420 1678 2477 enim
1708 2423 1855 2478 sanctain

42 2502 45 2507 ’
149 2506 323 2578 bilcmessc,
339 2507 428 2565 unius
443 2507 541 2564 uxoris
557 2507 664 2577 virum,
680 2505 825 2573 sobrium,
847 2502 974 2577 pruden·
1030 2505 1168 2561 manibus
1182 2506 1470 2576 cornminlunditur,
1483 2513 1515 2563 ut
1527 2509 1854 2584 sunctusSpiritus,qui

148 2598 529 2669 tsm,ornatum‚pudicum,
542 2595 730 2668 hospitalem,
742 2596 902 2665 doctorem,
915 2608 973 2649 non
1030 2609 1082 2666 per
1096 2594 1192 2651 oleum
1208 2595 1390 2668 designatur,
1407 2596 1436 2652 in
1458 2598 1596 2669 operibus
1626 2601 1854 2658 consecrationis

149 2688 340 2758 vinolentum,
356 2704 413 2744 non
431 2702 644 2759 percussorem,
661 2686 710 2742 sed
728 2686 974 2754 modestum,non
1028 2699 1129 2740 sorum
1146 2685 1308 2741 descendit.
1339 2686 1410 2743 utba
1434 2703 1547 2756 eorum,
1570 2705 1628 2759 qua
1651 2688 1751 2746 induti
1776 2695 1856 2762 sunt,

137 2761 322 2851 litigiosum,
335 2794 395 2834 non
410 2777 561 2849 cupidum,
580 2793 640 2832 sus
655 2775 756 2832 domui
771 2775 845 2832 beno
860 2789 973 2846 prepo·
1028 2789 1093 2845 que
1108 2773 1213 2830 dellno
1224 2778 1278 2842 est,
1295 2775 1471 2832 munditiam
1489 2778 1678 2835 continentis
1707 2779 1854 2852 designat,

148 2866 250 2923 situm.
268 2866 387 2939 Oportet
401 2872 499 2923 autem
513 2866 596 2922 illum
612 2870 641 2922 et
653 2864 856 2922 testimonium
868 2863 975 2919 habere
1029 2880 1093 2936 quus
1108 2863 1204 2920 cinctu
1214 2864 1300 2921 debet
1316 2881 1391 2937 csse,
1407 2866 1477 2938 quia
1492 2867 1675 2940 propositum
1700 2886 1791 2927 suom
1806 2870 1853 2927 lir-

151 2956 259 3012 bonum
287 2957 323 3012 ab
351 2956 387 3013 lis
416 2957 465 3029 qui
495 2957 567 3013 ioris
596 2961 666 3012 sunt
690 2958 714 3027 (l
738 2956 804 3011 Tim.
832 2970 876 3020 ιιι,
902 2952 973 3024 2).»
1029 2970 1112 3010 ιιιιιιι
1128 2954 1359 3012 debelretinere.
1376 2955 1458 3012 Unde
1478 2956 1640 3015 Dominus:
1661 2958 1851 3017 «Sintlumbi

148 3047 333 3104 consuetudo
347 3050 390 3102 est
405 3046 536 3119 Apostoli
554 3062 655 3102 vocure
678 3045 880 3118 presbyterum
909 3042 972 3116 epi·
1029 3042 1117 3100 vestri
1132 3043 1281 3115 precincti
1306 3047 1516 3119 (Luc.x11,35l.
1532 3067 1546 3101 a
1564 3047 1734 3121 Mappulsm
1751 3049 1852 3116 deisrt,

149 3152 282 3209 scopum,
303 3136 381 3192 sicut
409 3137 438 3191 in
454 3136 583 3208 Epistola
604 3134 838 3208 Philippensium
865 3132 973 3189 Paulus
1030 3133 1100 3205 quin
1112 3151 1188 3190 unus
1203 3136 1239 3191 de
1254 3135 1394 3192 conviviis
1410 3136 1576 3204 dominicis,
1593 3141 1625 3193 ut
1652 3141 1793 3211 superius
1807 3139 1853 3196 di·

146 3225 248 3282 scribit
277 3226 498 3298 episcopis,qui
529 3231 598 3281 sunt
621 3224 775 3298 Philippis,
791 3231 818 3279 ct
843 3222 973 3279 diaconi·
1028 3223 1851 3296 ctumest,etprincipalisconviveostenditur.Orsrium

146 3316 214 3373 bus.
230 3321 284 3371 Per
307 3317 458 3389 episcopos
474 3315 564 3372 voluit
585 3314 747 3386 intelligere
776 3313 972 3386 presbyteros,
1026 3312 1129 3378 dcl'erl,
1146 3312 1175 3367 id
1191 3317 1236 3368 est
1250 3312 1368 3376 stolam.
1384 3315 1454 3386 quia
1465 3317 1571 3389 jugum
1587 3316 1691 3373 orandi
1703 3323 1730 3374 ct
1748 3317 1851 3389 praedi·

37 3450 42 3455 .
146 3406 220 3465 sat
239 3422 306 3461 cum
322 3405 351 3460 in
369 3422 429 3461 una
444 3405 560 3461 civitate
576 3422 633 3460 non
650 3408 770 3474 possent
797 3401 895 3474 plures
909 3403 972 3475 cpi·
1026 3401 1111 3457 candi
1125 3402 1236 3474 recipit.
1246 3402 1380 3459 Orarium
1398 3404 1506 3461 collum
1529 3410 1558 3463 et
1576 3407 1655 3464 858
1668 3411 1774 3479 pectus
1788 3412 1853 3466 tan·

67 3558 71 3565 ,
147 3497 226 3567 scopi
247 3513 321 3553 esse.
350 3497 487 3567 Digamus
517 3493 667 3565 prohibuit
696 3509 768 3554 esse,
794 3509 861 3547 cum
891 3491 971 3563 dicit,
1025 3490 1852 3567 git,quisjugumorationisetpredicationisexratione

146 3610 161 3638 a
180 3587 268 3643 unius
283 3584 382 3641 uxoris
393 3584 488 3640 virum
499 3584 520 3653 (l
530 3585 603 3638 Tim.
616 3583 705 3652 111,2).
720 3580 865 3637 »Maritus
879 3581 972 3638 vidum
1026 3581 1058 3653 [s.
1076 3597 1109 3636 ea
1126 3580 1240 3653 intimo]
1255 3583 1381 3653 pectoris
1398 3586 1526 3640 exerceri
1540 3585 1637 3652 dehet,
1652 3590 1685 3641 ut
1710 3587 1790 3658 quod
1806 3602 1852 3644 ore

147 3676 182 3733 ab
198 3676 254 3732 hoo
269 3675 372 3730 ordine
388 3676 565 3741 removetur,
582 3672 652 3743 quia
666 3676 842 3743 preceptum
866 3677 928 3727 crat
941 3671 971 3727 in
1024 3674 1145 3742 prolert,
1162 3677 1259 3727 mente
1274 3671 1414 3740 obtineat,
1433 3678 1466 3729 ut
1481 3673 1521 3729 ait
1534 3674 1711 3747 Apostolus:
1729 3704 1742 3729 a
1759 3676 1852 3733 Orcho

144 3764 209 3836 lego
224 3786 238 3813 a
255 3763 333 3835 quod
348 3762 492 3832 virginem
508 3761 633 3832 accipiat
648 3759 785 3816 sacerdos
800 3760 896 3833 (teuit.
912 3777 970 3826 aar,
1025 3761 1140 3833 spiritu,
1157 3762 1245 3816 orabo
1261 3766 1288 3818 et
1304 3767 1410 3832 mente;
1424 3763 1550 3835 peullam
1563 3765 1680 3837 spiritu,
1691 3765 1816 3838 psallam
1827 3769 1854 3821 ct

146 3854 190 3917 13)
208 3849 972 3921 »uxoremiiursusprospiciendumest,utlitterau
1025 3851 1235 3923 menlc(lCor.
1260 3853 1388 3923 xrv,15).
1406 3874 1420 3902 o
1450 3854 1555 3910 Casula
1584 3871 1650 3911 vero
1679 3855 1850 3913 charitatem

146 3946 260 4010 noscat,
276 3945 398 3995 autnon
415 3944 511 3996 cureat
540 3939 638 4012 aliqua
665 3944 756 4011 portu,
772 3939 816 3995 vel
833 3940 921 3996 etiam
937 3955 970 3995 cx
1024 3942 1169 4014 designat,
1185 3942 1253 4014 quia
1268 3942 1347 3999 sicut
1362 3944 1463 4001 cusulo
1478 3945 1543 4001 uliis
1557 3946 1742 4003 vestimentis
1752 3963 1852 4021 super·

147 4029 658 4105 poenitentibuspubliceprovilitute
670 4029 906 4101 ministeriumls.
919 4047 970 4102 pro
1023 4032 1141 4098 eminet,
1158 4039 1186 4088 ot
1207 4032 1279 4104 [illul
1296 4034 1436 4103 continet,
1448 4037 1549 4091 eodem
1566 4036 1651 4091 modo
1668 4053 1772 4094 omnes
1794 4037 1851 4093 vir·

147 4122 290 4192 dignitute
307 4120 566 4193 ministrantium];
582 4125 609 4176 ct
620 4118 692 4175 nihil
703 4122 838 4176 vitiosum
849 4136 970 4192 prorsus
1023 4127 1102 4178 tutes
1113 4122 1142 4177 in
1159 4121 1300 4179 charitate
1315 4125 1650 4191 continenturbiapnum
1666 4132 1720 4192 cst,
1733 4128 1848 4194 iratres,

145 4210 248 4267 offerre
263 4212 320 4269 Duo
337 4210 595 4282 legaliupraecepta
611 4213 781 4266 sanxerunt.
803 4212 835 4266 ln
851 4208 968 4276 antiquo
1023 4212 1218 4268 ministerium
1244 4218 1386 4276 vestrum.
1412 4230 1552 4286 magnum
1587 4218 1710 4283 dunum,
1745 4233 1849 4288 magna

145 4318 211 4359 vero
226 4301 389 4359 sacerdotio
406 4299 520 4356 licitum
536 4307 597 4355 erut
612 4300 755 4355 sacerdoti
771 4299 876 4355 habere
897 4315 969 4355 uxo·
1022 4302 1125 4374 gralia.
1143 4302 1258 4374 Oportet
1272 4320 1340 4376 orgo
1359 4314 1388 4360 ut
1403 4321 1472 4361 ausa
1487 4307 1548 4362 sint
1570 4307 1691 4373 nicode,
1715 4307 1766 4362 uhi
1782 4306 1849 4363 talia

145 4410 206 4450 rem
219 4393 370 4464 virginem,
387 4395 416 4447 et
430 4406 519 4447 unam
537 4395 653 4462 propter
671 4388 780 4445 sobolis
806 4389 968 4445 successio·
1022 4402 1215 4464 reponuntur.
1232 4393 1352 4464 Oportet
1366 4412 1435 4465 erpo
1462 4402 1494 4451 ut
1516 4398 1600 4469 quael
1616 4396 1851 4454 candelabralu·

31 4520 34 4525 -
146 4499 224 4548 nem,
238 4482 308 4553 quis
322 4498 380 4538 non
394 4480 430 4536 dc
441 4480 498 4535 alia
512 4479 590 4535 trihu
602 4479 965 4535 assumebatursucerdos.
982 4480 1006 4546 l)
1021 4484 1112 4539 centis
1127 4483 1155 4538 in
1172 4484 1259 4539 domo
1277 4485 1401 4540 Domini.
1413 4486 1504 4541 Vobis
1520 4485 1597 4541 eninr
1615 4486 1722 4542 dieitur
1739 4504 1747 4543 ι
1763 4506 1777 4532 «
1791 4491 1848 4544 Vos

46 4616 49 4621 .
147 4568 965 4642 lnnovosccerdotiononaio‚sedgenuslspuruml...
1021 4573 1093 4630 estis
1110 4574 1278 4630 luxmundi
1308 4575 1419 4646 (unilt.
1436 4593 1462 4644 v,
1480 4577 1534 4649 lt).
1552 4600 1567 4628 ιι
1597 4577 1706 4634 Lucere
1733 4578 1848 4651 ergoin

146 4659 316 4717 sedmuodo
326 4657 428 4714 electio
440 4657 609 4731 requiritur,
621 4663 649 4713 et
659 4658 829 4730 conjugium
842 4658 968 4729 abnega·
1021 4663 1132 4718 mundo
1143 4662 1266 4733 debetis,
1282 4670 1310 4718 et
1325 4679 1436 4720 errores
1454 4665 1564 4738 lugere.
1582 4667 1688 4721 lterum
1705 4666 1787 4723 vobis
1801 4666 1849 4722 di·

146 4748 320 4805 tur.Etenim
335 4747 447 4819 antiqui
460 4748 624 4804 sacerdotes
640 4748 792 4804 cessabant
808 4765 826 4804 a
843 4749 967 4822 conjuge
1022 4752 1117 4808 citur:
1135 4774 1149 4803 κ
1165 4752 1224 4809 Vos
1245 4753 1317 4809 estis
1340 4753 1384 4810 sal
1408 4758 1491 4810 terrie
1516 4755 1594 4827 (ibid.
1617 4755 1670 4827 13).
1688 4778 1702 4807 »
1725 4755 1850 4812 Condire

145 4855 222 4896 anno
237 4838 308 4893 vicis
324 4854 393 4906 snm,
405 4842 434 4893 et
449 4853 465 4892 a
480 4837 587 4909 templo
604 4854 661 4893 non
677 4837 876 4908 discedebant,
891 4839 967 4896 sicut
1022 4841 1359 4899 debetissaledoctrins.
1370 4843 1496 4900 Etvobis
1508 4844 1579 4900 dicit
1591 4845 1732 4901 Dominus
1746 4861 1753 4900 ε
1768 4868 1783 4898 ι
1794 4850 1850 4904 Ne·

145 4928 180 4984 de
190 4927 330 4986 Zacharia
345 4925 468 5000 legimus
483 4927 561 4999 (luc.
577 4928 606 4999 ι).
621 4928 649 4982 Si
665 4943 733 4999 ergo
744 4933 853 4985 veteres
864 4945 966 4987 cessu-
1022 4932 1173 5003 gotiamini
1190 4933 1260 4989 dum
1276 4933 1359 4989 venio
1374 4934 1448 5005 (tec.
1465 4949 1523 5003 xla,
1540 4935 1593 5007 13).
1609 4957 1624 4985 o

144 5016 216 5074 bant
230 5016 265 5073 ab
282 5015 423 5072 uxoribus
438 5014 499 5072 suis
510 5015 627 5084 quando
640 5017 801 5073 sacerdotio
813 5018 965 5075 vacabant.

180 5182 218 5252 (8)
233 5181 304 5236 Hinc
318 5179 457 5250 probatur
481 5180 558 5250 quod
576 5179 734 5237 Murtenius
763 5189 861 5238 noster
887 5198 966 5240 asse·
1022 5183 1227 5242 euldisnensis
1243 5184 1477 5257 subepiscopus,
1494 5187 1603 5259 quique
1632 5186 1780 5245 leviticam
1798 5189 1851 5248 be·

144 5253 293 5309 ruillib.1
321 5253 361 5307 Du
391 5251 521 5324 antiquis
543 5251 676 5309 Ecclesiae
702 5253 888 5327 ritibuscsp.
906 5272 965 5322 vrit,
1023 5257 1230 5322 nedictionom,
1248 5257 1377 5313 nonnisi
1408 5261 1593 5315 unnomtatis
1621 5277 1680 5316 sua
1708 5259 1853 5320 vicesimo

144 5330 200 5382 art.
217 5325 244 5394 3,
260 5324 521 5391 num.l,nimirum
537 5326 653 5380 decreta
681 5325 886 5394 conciliorum,
902 5328 966 5398 qui·
1023 5330 1136 5401 quinto,
1154 5327 1379 5397 presbyteralem
1397 5345 1472 5400 aero,
1489 5330 1606 5386 nonnisi
1621 5331 1770 5389 tricesimo
1786 5349 1855 5391 aus·

32 5438 35 5443 -
144 5398 201 5455 bus
216 5396 362 5452 sancitum
378 5400 488 5464 erat,ne
505 5397 664 5468 presbyter,
680 5397 806 5462 etiamsi,
821 5403 854 5454 ut
869 5397 910 5453 ait
921 5398 967 5455 hic
1022 5401 1133 5469 cepisse
1145 5400 1280 5466 truditur,
1297 5400 1326 5455 in
1338 5400 1469 5473 ujusvits
1484 5403 1560 5472 opud
1572 5405 1701 5472 Surium,
1712 5404 1854 5463 lctunii.

141 5468 340 5536 Hildebertus,
356 5468 840 5538 dispensantetricesimumoetctis
856 5486 967 5525 annum
1022 5472 1114 5527 Multa
1139 5476 1235 5527 cutem
1252 5472 1287 5527 ud
1315 5472 1344 5526 id
1367 5472 1482 5529 decreta
1506 5474 1571 5530 luae
1596 5476 1684 5532 relect
1710 5478 1856 5548 prelatus

142 5539 554 5609 ordinaretur,adhucsueculo
570 5557 598 5595 ar
613 5539 757 5612 viguisse,·
772 5540 857 5611 cujus
869 5540 910 5595 rei
921 5542 966 5596 in·
1022 5541 1185 5600 Murtenius
1201 5543 1263 5600 loco
1280 5544 1481 5616 supracitato.

143 5614 227 5687 signo
241 5612 329 5670 relert
344 5611 510 5685 exemplum
523 5611 554 5667 in
565 5609 876 5685 sunctoBonnone,qui
890 5615 968 5685 post·
