<?xml version="1.0" encoding="UTF-8"?>
<!DOCTYPE html PUBLIC "-//W3C//DTD XHTML 1.0 Transitional//EN"
    "http://www.w3.org/TR/xhtml1/DTD/xhtml1-transitional.dtd">
<html xmlns="http://www.w3.org/1999/xhtml" xml:lang="en" lang="en">
 <head>
  <title>
</title>
<meta http-equiv="Content-Type" content="text/html;charset=utf-8" />
  <meta name='ocr-system' content='tesseract 3.04.00' />
  <meta name='ocr-capabilities' content='ocr_page ocr_carea ocr_par ocr_line ocrx_word'/>
</head>
<body>
  <div class='ocr_page' id='page_1' title='image "./patrologiaecurs35unkngoog_0817.png"; bbox 0 0 3802 6030; ppageno 0'>
   <div class='ocr_carea' id='block_1_1' title="bbox 79 168 1807 259">
    <p class='ocr_par' dir='ltr' id='par_1_1' title="bbox 79 168 1807 259">
     <span class='ocr_line' id='line_1_1' title="bbox 79 168 1807 259; baseline -0.024 -1"><span class='ocrx_word' id='word_1_1' title='bbox 79 179 171 259; x_wconf 77' lang='lat' dir='ltr'><strong>tout</strong></span> <span class='ocrx_word' id='word_1_2' title='bbox 611 174 791 241; x_wconf 77' lang='lat' dir='ltr'><strong>suasum</strong></span> <span class='ocrx_word' id='word_1_3' title='bbox 811 168 1057 237; x_wconf 66' lang='lat' dir='ltr'><strong>mutuate</strong></span> <span class='ocrx_word' id='word_1_4' title='bbox 1078 171 1255 240; x_wconf 72' lang='lat' dir='ltr'><strong>salmom</strong></span> <span class='ocrx_word' id='word_1_5' title='bbox 1423 207 1424 210; x_wconf 14' lang='grc' dir='ltr'><strong><em>κ</em></strong></span> <span class='ocrx_word' id='word_1_6' title='bbox 1743 176 1807 243; x_wconf 60' lang='lat' dir='ltr'><strong>a„</strong></span> 
     </span>
    </p>
   </div>
   <div class='ocr_carea' id='block_1_2' title="bbox 94 302 1809 2357">
    <p class='ocr_par' dir='ltr' id='par_1_2' title="bbox 95 302 1809 1014">
     <span class='ocr_line' id='line_1_2' title="bbox 96 302 1665 392; baseline 0.004 -15"><span class='ocrx_word' id='word_1_7' title='bbox 96 315 133 379; x_wconf 87' lang='lat' dir='ltr'><strong>at</strong></span> <span class='ocrx_word' id='word_1_8' title='bbox 147 317 221 392; x_wconf 90' lang='lat' dir='ltr'><strong>petit</strong></span> <span class='ocrx_word' id='word_1_9' title='bbox 231 316 356 374; x_wconf 84' lang='lat' dir='ltr'><strong>intende</strong></span> <span class='ocrx_word' id='word_1_10' title='bbox 370 312 561 372; x_wconf 87' lang='lat' dir='ltr'><strong>celeberrima</strong></span> <span class='ocrx_word' id='word_1_11' title='bbox 574 316 663 369; x_wconf 86' lang='lat' dir='ltr'><strong>tecta</strong></span> <span class='ocrx_word' id='word_1_12' title='bbox 691 307 807 384; x_wconf 82' lang='lat' dir='ltr'><strong>puetis.</strong></span> <span class='ocrx_word' id='word_1_13' title='bbox 935 302 1061 378; x_wconf 66' lang='grc' dir='ltr'><strong>ΑΠῑῐῑθ,</strong></span> <span class='ocrx_word' id='word_1_14' title='bbox 1077 306 1103 364; x_wconf 66' lang='lat'><strong>⁸¹</strong></span> <span class='ocrx_word' id='word_1_15' title='bbox 1117 305 1264 380; x_wconf 65' lang='lat' dir='ltr'><strong>ddfiwdl»</strong></span> <span class='ocrx_word' id='word_1_16' title='bbox 1279 309 1424 371; x_wconf 61' lang='lat' dir='ltr'><strong>”ldmlsst</strong></span> <span class='ocrx_word' id='word_1_17' title='bbox 1439 310 1514 372; x_wconf 67' lang='grc' dir='ltr'><strong>Ῑθῐῑθ</strong></span> <span class='ocrx_word' id='word_1_18' title='bbox 1529 313 1665 383; x_wconf 56' lang='lat' dir='ltr'><strong>”kmi</strong></span> 
     </span>
     <span class='ocr_line' id='line_1_3' title="bbox 97 395 1759 476; baseline 0.005 -11"><span class='ocrx_word' id='word_1_19' title='bbox 97 406 135 468; x_wconf 86' lang='lat' dir='ltr'><strong>ttt</strong></span> <span class='ocrx_word' id='word_1_20' title='bbox 148 409 203 464; x_wconf 83' lang='lat' dir='ltr'><strong>tuit</strong></span> <span class='ocrx_word' id='word_1_21' title='bbox 216 404 356 473; x_wconf 71' lang='lat' dir='ltr'><strong>intranei,</strong></span> <span class='ocrx_word' id='word_1_22' title='bbox 372 405 427 461; x_wconf 81' lang='lat' dir='ltr'><strong>tuit</strong></span> <span class='ocrx_word' id='word_1_23' title='bbox 440 410 467 461; x_wconf 82' lang='lat' dir='ltr'><strong>at</strong></span> <span class='ocrx_word' id='word_1_24' title='bbox 483 403 552 459; x_wconf 80' lang='lat' dir='ltr'><strong>nate</strong></span> <span class='ocrx_word' id='word_1_25' title='bbox 565 400 649 472; x_wconf 80' lang='lat' dir='ltr'><strong>copta</strong></span> <span class='ocrx_word' id='word_1_26' title='bbox 664 399 764 469; x_wconf 77' lang='lat' dir='ltr'><strong>tnnnt3</strong></span> <span class='ocrx_word' id='word_1_27' title='bbox 975 395 1006 452; x_wconf 87' lang='lat' dir='ltr'><strong>Iu</strong></span> <span class='ocrx_word' id='word_1_28' title='bbox 1022 396 1124 454; x_wconf 80' lang='lat' dir='ltr'><strong>celtum</strong></span> <span class='ocrx_word' id='word_1_29' title='bbox 1142 399 1287 456; x_wconf 82' lang='lat' dir='ltr'><strong>modicum</strong></span> <span class='ocrx_word' id='word_1_30' title='bbox 1299 401 1478 476; x_wconf 75' lang='lat' dir='ltr'><strong>gaudentem</strong></span> <span class='ocrx_word' id='word_1_31' title='bbox 1493 405 1590 462; x_wconf 77' lang='lat' dir='ltr'><strong>truste</strong></span> <span class='ocrx_word' id='word_1_32' title='bbox 1607 402 1759 474; x_wconf 80' lang='lat' dir='ltr'><strong>amicam.</strong></span> 
     </span>
     <span class='ocr_line' id='line_1_4' title="bbox 95 484 1772 570; baseline 0.004 -23"><span class='ocrx_word' id='word_1_33' title='bbox 95 502 256 570; x_wconf 73' lang='lat' dir='ltr'><strong>lta-gentum</strong></span> <span class='ocrx_word' id='word_1_34' title='bbox 274 497 390 567; x_wconf 81' lang='lat' dir='ltr'><strong>proteri,</strong></span> <span class='ocrx_word' id='word_1_35' title='bbox 408 494 593 568; x_wconf 76' lang='lat' dir='ltr'><strong>pretiumque</strong></span> <span class='ocrx_word' id='word_1_36' title='bbox 608 490 740 546; x_wconf 89' lang='lat' dir='ltr'><strong>libidinis</strong></span> <span class='ocrx_word' id='word_1_37' title='bbox 755 486 848 545; x_wconf 79' lang='lat' dir='ltr'><strong>offert.</strong></span> <span class='ocrx_word' id='word_1_38' title='bbox 973 484 1182 561; x_wconf 79' lang='lat' dir='ltr'><strong>obstruxitque</strong></span> <span class='ocrx_word' id='word_1_39' title='bbox 1198 489 1278 554; x_wconf 85' lang='lat' dir='ltr'><strong>loris,</strong></span> <span class='ocrx_word' id='word_1_40' title='bbox 1295 497 1463 550; x_wconf 87' lang='lat' dir='ltr'><strong>monstrans</strong></span> <span class='ocrx_word' id='word_1_41' title='bbox 1477 493 1623 567; x_wconf 79' lang='lat' dir='ltr'><strong>exempla</strong></span> <span class='ocrx_word' id='word_1_42' title='bbox 1639 495 1772 569; x_wconf 77' lang='lat' dir='ltr'><strong>rigoris3</strong></span> 
     </span>
     <span class='ocr_line' id='line_1_5' title="bbox 95 573 1741 655; baseline 0.002 -16"><span class='ocrx_word' id='word_1_43' title='bbox 95 588 149 645; x_wconf 88' lang='lat' dir='ltr'><strong>ltla</strong></span> <span class='ocrx_word' id='word_1_44' title='bbox 162 585 224 641; x_wconf 91' lang='lat' dir='ltr'><strong>viro</strong></span> <span class='ocrx_word' id='word_1_45' title='bbox 245 589 347 655; x_wconf 88' lang='lat' dir='ltr'><strong>rapto:</strong></span> <span class='ocrx_word' id='word_1_46' title='bbox 366 589 566 654; x_wconf 71' lang='lat' dir='ltr'><strong>properemus,</strong></span> <span class='ocrx_word' id='word_1_47' title='bbox 583 581 705 645; x_wconf 82' lang='lat' dir='ltr'><strong>dixerat,</strong></span> <span class='ocrx_word' id='word_1_48' title='bbox 721 579 809 646; x_wconf 87' lang='lat' dir='ltr'><strong>intro,</strong></span> <span class='ocrx_word' id='word_1_49' title='bbox 974 573 1038 632; x_wconf 90' lang='lat' dir='ltr'><strong>Una</strong></span> <span class='ocrx_word' id='word_1_50' title='bbox 1053 586 1134 648; x_wconf 89' lang='lat' dir='ltr'><strong>parte</strong></span> <span class='ocrx_word' id='word_1_51' title='bbox 1150 584 1247 636; x_wconf 89' lang='lat' dir='ltr'><strong>tamen</strong></span> <span class='ocrx_word' id='word_1_52' title='bbox 1264 580 1350 638; x_wconf 89' lang='lat' dir='ltr'><strong>breve</strong></span> <span class='ocrx_word' id='word_1_53' title='bbox 1363 583 1455 654; x_wconf 85' lang='lat' dir='ltr'><strong>jussit</strong></span> <span class='ocrx_word' id='word_1_54' title='bbox 1466 583 1567 642; x_wconf 86' lang='lat' dir='ltr'><strong>inesse</strong></span> <span class='ocrx_word' id='word_1_55' title='bbox 1580 584 1741 653; x_wconf 77' lang='lat' dir='ltr'><strong>foramen,</strong></span> 
     </span>
     <span class='ocr_line' id='line_1_6' title="bbox 98 666 1725 744; baseline 0.001 -14"><span class='ocrx_word' id='word_1_56' title='bbox 98 675 134 734; x_wconf 74' lang='lat' dir='ltr'><strong>ut</strong></span> <span class='ocrx_word' id='word_1_57' title='bbox 149 673 239 742; x_wconf 84' lang='lat' dir='ltr'><strong>trabi,</strong></span> <span class='ocrx_word' id='word_1_58' title='bbox 254 676 289 728; x_wconf 85' lang='lat' dir='ltr'><strong>ad</strong></span> <span class='ocrx_word' id='word_1_59' title='bbox 306 672 412 729; x_wconf 88' lang='lat' dir='ltr'><strong>lectum</strong></span> <span class='ocrx_word' id='word_1_60' title='bbox 430 689 486 727; x_wconf 91' lang='lat' dir='ltr'><strong>non</strong></span> <span class='ocrx_word' id='word_1_61' title='bbox 504 671 564 726; x_wconf 79' lang='lat' dir='ltr'><strong>brec</strong></span> <span class='ocrx_word' id='word_1_62' title='bbox 580 666 920 742; x_wconf 80' lang='lat' dir='ltr'><strong>adngsndaprolectum‚</strong></span> <span class='ocrx_word' id='word_1_63' title='bbox 974 666 1029 722; x_wconf 87' lang='lat' dir='ltr'><strong>Per</strong></span> <span class='ocrx_word' id='word_1_64' title='bbox 1045 669 1123 738; x_wconf 92' lang='lat' dir='ltr'><strong>quod</strong></span> <span class='ocrx_word' id='word_1_65' title='bbox 1136 668 1289 724; x_wconf 86' lang='lat' dir='ltr'><strong>districtus</strong></span> <span class='ocrx_word' id='word_1_66' title='bbox 1305 677 1403 741; x_wconf 87' lang='lat' dir='ltr'><strong>posset</strong></span> <span class='ocrx_word' id='word_1_67' title='bbox 1418 672 1593 740; x_wconf 74' lang='lat' dir='ltr'><strong>onutinpsre</strong></span> <span class='ocrx_word' id='word_1_68' title='bbox 1609 675 1725 744; x_wconf 88' lang='lat' dir='ltr'><strong>victus,</strong></span> 
     </span>
     <span class='ocr_line' id='line_1_7' title="bbox 97 757 1809 840; baseline 0.002 -20"><span class='ocrx_word' id='word_1_69' title='bbox 97 768 129 820; x_wconf 90' lang='lat' dir='ltr'><strong>ln</strong></span> <span class='ocrx_word' id='word_1_70' title='bbox 146 780 205 835; x_wconf 92' lang='lat' dir='ltr'><strong>qno</strong></span> <span class='ocrx_word' id='word_1_71' title='bbox 220 768 313 818; x_wconf 90' lang='lat' dir='ltr'><strong>strata</strong></span> <span class='ocrx_word' id='word_1_72' title='bbox 328 762 384 816; x_wconf 92' lang='lat' dir='ltr'><strong>cito</strong></span> <span class='ocrx_word' id='word_1_73' title='bbox 400 762 493 815; x_wconf 80' lang='lat' dir='ltr'><strong>dixit:</strong></span> <span class='ocrx_word' id='word_1_74' title='bbox 511 760 546 815; x_wconf 65' lang='lat' dir='ltr'><strong>leli</strong></span> <span class='ocrx_word' id='word_1_75' title='bbox 561 759 661 823; x_wconf 87' lang='lat' dir='ltr'><strong>ebera,</strong></span> <span class='ocrx_word' id='word_1_76' title='bbox 674 758 782 813; x_wconf 82' lang='lat' dir='ltr'><strong>venito.</strong></span> <span class='ocrx_word' id='word_1_77' title='bbox 974 759 1096 812; x_wconf 84' lang='lat' dir='ltr'><strong>Parvum</strong></span> <span class='ocrx_word' id='word_1_78' title='bbox 1114 757 1230 827; x_wconf 86' lang='lat' dir='ltr'><strong>pondua</strong></span> <span class='ocrx_word' id='word_1_79' title='bbox 1245 775 1340 831; x_wconf 77' lang='lat' dir='ltr'><strong>aqum,</strong></span> <span class='ocrx_word' id='word_1_80' title='bbox 1353 762 1498 835; x_wconf 89' lang='lat' dir='ltr'><strong>panisque</strong></span> <span class='ocrx_word' id='word_1_81' title='bbox 1527 764 1577 819; x_wconf 89' lang='lat' dir='ltr'><strong>dis</strong></span> <span class='ocrx_word' id='word_1_82' title='bbox 1593 763 1660 819; x_wconf 91' lang='lat' dir='ltr'><strong>sibi</strong></span> <span class='ocrx_word' id='word_1_83' title='bbox 1678 781 1809 840; x_wconf 84' lang='lat' dir='ltr'><strong>quaqae;</strong></span> 
     </span>
     <span class='ocr_line' id='line_1_8' title="bbox 97 843 1660 921; baseline -0.001 -11"><span class='ocrx_word' id='word_1_84' title='bbox 97 851 160 910; x_wconf 86' lang='lat' dir='ltr'><strong>Nun</strong></span> <span class='ocrx_word' id='word_1_85' title='bbox 177 852 318 907; x_wconf 86' lang='lat' dir='ltr'><strong>iaciamus</strong></span> <span class='ocrx_word' id='word_1_86' title='bbox 332 851 386 920; x_wconf 91' lang='lat' dir='ltr'><strong>ita,</strong></span> <span class='ocrx_word' id='word_1_87' title='bbox 401 848 592 921; x_wconf 74' lang='lat' dir='ltr'><strong>responderat</strong></span> <span class='ocrx_word' id='word_1_88' title='bbox 606 847 676 903; x_wconf 89' lang='lat' dir='ltr'><strong>huie</strong></span> <span class='ocrx_word' id='word_1_89' title='bbox 689 845 823 912; x_wconf 81' lang='lat' dir='ltr'><strong>eremita,</strong></span> <span class='ocrx_word' id='word_1_90' title='bbox 973 843 1046 902; x_wconf 87' lang='lat' dir='ltr'><strong>Nam</strong></span> <span class='ocrx_word' id='word_1_91' title='bbox 1064 848 1246 918; x_wconf 49' lang='lat' dir='ltr'><strong>poturgelido</strong></span> <span class='ocrx_word' id='word_1_92' title='bbox 1258 849 1450 920; x_wconf 74' lang='lat' dir='ltr'><strong>restinguitur</strong></span> <span class='ocrx_word' id='word_1_93' title='bbox 1464 857 1528 908; x_wconf 87' lang='lat' dir='ltr'><strong>atra</strong></span> <span class='ocrx_word' id='word_1_94' title='bbox 1544 851 1660 919; x_wconf 84' lang='lat' dir='ltr'><strong>libido.</strong></span> 
     </span>
     <span class='ocr_line' id='line_1_9' title="bbox 98 932 1705 1014; baseline 0.002 -17"><span class='ocrx_word' id='word_1_95' title='bbox 98 940 233 1014; x_wconf 81' lang='lat' dir='ltr'><strong>Namque</strong></span> <span class='ocrx_word' id='word_1_96' title='bbox 248 944 351 1014; x_wconf 88' lang='lat' dir='ltr'><strong>patene</strong></span> <span class='ocrx_word' id='word_1_97' title='bbox 362 941 445 997; x_wconf 88' lang='lat' dir='ltr'><strong>lucus</strong></span> <span class='ocrx_word' id='word_1_98' title='bbox 460 944 514 1006; x_wconf 84' lang='lat' dir='ltr'><strong>eet,</strong></span> <span class='ocrx_word' id='word_1_99' title='bbox 530 937 657 994; x_wconf 86' lang='lat' dir='ltr'><strong>latebrae</strong></span> <span class='ocrx_word' id='word_1_100' title='bbox 669 951 719 992; x_wconf 90' lang='lat' dir='ltr'><strong>nos</strong></span> <span class='ocrx_word' id='word_1_101' title='bbox 730 949 860 1009; x_wconf 81' lang='lat' dir='ltr'><strong>quaerere</strong></span> <span class='ocrx_word' id='word_1_102' title='bbox 870 932 922 1005; x_wconf 88' lang='lat' dir='ltr'><strong>jtts</strong></span> <span class='ocrx_word' id='word_1_103' title='bbox 974 937 1011 989; x_wconf 78' lang='lat' dir='ltr'><strong>tat</strong></span> <span class='ocrx_word' id='word_1_104' title='bbox 1026 935 1152 990; x_wconf 89' lang='lat' dir='ltr'><strong>moritur</strong></span> <span class='ocrx_word' id='word_1_105' title='bbox 1168 937 1278 994; x_wconf 89' lang='lat' dir='ltr'><strong>mundo</strong></span> <span class='ocrx_word' id='word_1_106' title='bbox 1293 936 1392 995; x_wconf 80' lang='lat' dir='ltr'><strong>vivens</strong></span> <span class='ocrx_word' id='word_1_107' title='bbox 1406 940 1442 994; x_wconf 81' lang='lat' dir='ltr'><strong>tte</strong></span> <span class='ocrx_word' id='word_1_108' title='bbox 1458 955 1534 1011; x_wconf 88' lang='lat' dir='ltr'><strong>pane</strong></span> <span class='ocrx_word' id='word_1_109' title='bbox 1547 942 1705 1001; x_wconf 87' lang='lat' dir='ltr'><strong>secundo.</strong></span> 
     </span>
    </p>

    <p class='ocr_par' dir='ltr' id='par_1_3' title="bbox 817 1021 1674 1100">
     <span class='ocr_line' id='line_1_10' title="bbox 817 1021 1674 1100; baseline 0.013 -22"><span class='ocrx_word' id='word_1_110' title='bbox 817 1021 884 1099; x_wconf 85' lang='lat' dir='ltr'><strong>[est.</strong></span> <span class='ocrx_word' id='word_1_111' title='bbox 976 1023 1100 1080; x_wconf 80' lang='lat' dir='ltr'><strong>Delicias</strong></span> <span class='ocrx_word' id='word_1_112' title='bbox 1114 1027 1188 1082; x_wconf 81' lang='lat' dir='ltr'><strong>tatas</strong></span> <span class='ocrx_word' id='word_1_113' title='bbox 1198 1026 1285 1097; x_wconf 76' lang='lat' dir='ltr'><strong>lubet</strong></span> <span class='ocrx_word' id='word_1_114' title='bbox 1301 1035 1332 1083; x_wconf 91' lang='lat' dir='ltr'><strong>ut</strong></span> <span class='ocrx_word' id='word_1_115' title='bbox 1347 1027 1403 1085; x_wconf 89' lang='lat' dir='ltr'><strong>sibi</strong></span> <span class='ocrx_word' id='word_1_116' title='bbox 1419 1028 1490 1086; x_wconf 90' lang='lat' dir='ltr'><strong>dent</strong></span> <span class='ocrx_word' id='word_1_117' title='bbox 1504 1030 1674 1100; x_wconf 75' lang='lat' dir='ltr'><strong>moniales.</strong></span> 
     </span>
    </p>

    <p class='ocr_par' dir='ltr' id='par_1_4' title="bbox 94 1112 1790 2357">
     <span class='ocr_line' id='line_1_11' title="bbox 95 1112 1712 1188; baseline 0.001 -12"><span class='ocrx_word' id='word_1_118' title='bbox 95 1119 214 1179; x_wconf 78' lang='lat' dir='ltr'><strong>Thateis</strong></span> <span class='ocrx_word' id='word_1_119' title='bbox 228 1117 268 1175; x_wconf 90' lang='lat' dir='ltr'><strong>all</strong></span> <span class='ocrx_word' id='word_1_120' title='bbox 288 1123 389 1175; x_wconf 84' lang='lat' dir='ltr'><strong>contre</strong></span> <span class='ocrx_word' id='word_1_121' title='bbox 403 1135 410 1176; x_wconf 80' lang='lat' dir='ltr'><strong>r</strong></span> <span class='ocrx_word' id='word_1_122' title='bbox 427 1115 505 1173; x_wconf 86' lang='lat' dir='ltr'><strong>Deus</strong></span> <span class='ocrx_word' id='word_1_123' title='bbox 519 1114 627 1187; x_wconf 85' lang='lat' dir='ltr'><strong>aspicit</strong></span> <span class='ocrx_word' id='word_1_124' title='bbox 640 1112 722 1169; x_wconf 91' lang='lat' dir='ltr'><strong>intus</strong></span> <span class='ocrx_word' id='word_1_125' title='bbox 737 1119 765 1168; x_wconf 90' lang='lat' dir='ltr'><strong>et</strong></span> <span class='ocrx_word' id='word_1_126' title='bbox 779 1120 872 1179; x_wconf 76' lang='lat' dir='ltr'><strong>extra,</strong></span> <span class='ocrx_word' id='word_1_127' title='bbox 974 1115 1051 1169; x_wconf 81' lang='lat' dir='ltr'><strong>Neve</strong></span> <span class='ocrx_word' id='word_1_128' title='bbox 1065 1113 1136 1188; x_wconf 90' lang='lat' dir='ltr'><strong>quid</strong></span> <span class='ocrx_word' id='word_1_129' title='bbox 1151 1117 1277 1171; x_wconf 76' lang='lat' dir='ltr'><strong>addatur</strong></span> <span class='ocrx_word' id='word_1_130' title='bbox 1292 1117 1450 1176; x_wconf 87' lang='lat' dir='ltr'><strong>metuende</strong></span> <span class='ocrx_word' id='word_1_131' title='bbox 1463 1135 1534 1176; x_wconf 87' lang='lat' dir='ltr'><strong>voce</strong></span> <span class='ocrx_word' id='word_1_132' title='bbox 1554 1122 1712 1180; x_wconf 87' lang='lat' dir='ltr'><strong>minetur.</strong></span> 
     </span>
     <span class='ocr_line' id='line_1_12' title="bbox 97 1200 1750 1284; baseline -0.002 -15"><span class='ocrx_word' id='word_1_133' title='bbox 97 1209 244 1284; x_wconf 83' lang='lat' dir='ltr'><strong>Tectaque</strong></span> <span class='ocrx_word' id='word_1_134' title='bbox 260 1209 352 1264; x_wconf 88' lang='lat' dir='ltr'><strong>noctis</strong></span> <span class='ocrx_word' id='word_1_135' title='bbox 370 1210 394 1263; x_wconf 87' lang='lat' dir='ltr'><strong>ei</strong></span> <span class='ocrx_word' id='word_1_136' title='bbox 412 1208 454 1264; x_wconf 90' lang='lat' dir='ltr'><strong>sic</strong></span> <span class='ocrx_word' id='word_1_137' title='bbox 470 1215 540 1261; x_wconf 87' lang='lat' dir='ltr'><strong>sunt</strong></span> <span class='ocrx_word' id='word_1_138' title='bbox 554 1204 639 1280; x_wconf 78' lang='lat' dir='ltr'><strong>quiesi</strong></span> <span class='ocrx_word' id='word_1_139' title='bbox 656 1203 735 1258; x_wconf 89' lang='lat' dir='ltr'><strong>nuda</strong></span> <span class='ocrx_word' id='word_1_140' title='bbox 749 1201 818 1272; x_wconf 86' lang='lat' dir='ltr'><strong>diei,</strong></span> <span class='ocrx_word' id='word_1_141' title='bbox 974 1200 1049 1274; x_wconf 76' lang='lat' dir='ltr'><strong>Ergo</strong></span> <span class='ocrx_word' id='word_1_142' title='bbox 1064 1205 1159 1261; x_wconf 79' lang='lat' dir='ltr'><strong>redire</strong></span> <span class='ocrx_word' id='word_1_143' title='bbox 1173 1213 1255 1276; x_wconf 79' lang='lat' dir='ltr'><strong>peret</strong></span> <span class='ocrx_word' id='word_1_144' title='bbox 1271 1215 1426 1281; x_wconf 82' lang='lat' dir='ltr'><strong>postquam</strong></span> <span class='ocrx_word' id='word_1_145' title='bbox 1443 1224 1498 1265; x_wconf 88' lang='lat' dir='ltr'><strong>sua</strong></span> <span class='ocrx_word' id='word_1_146' title='bbox 1513 1214 1750 1283; x_wconf 63' lang='lat' dir='ltr'><strong>anteponeret,</strong></span> 
     </span>
     <span class='ocr_line' id='line_1_13' title="bbox 98 1291 1699 1373; baseline 0.002 -18"><span class='ocrx_word' id='word_1_147' title='bbox 98 1301 188 1367; x_wconf 84' lang='lat' dir='ltr'><strong>Quem</strong></span> <span class='ocrx_word' id='word_1_148' title='bbox 206 1299 231 1355; x_wconf 92' lang='lat' dir='ltr'><strong>si</strong></span> <span class='ocrx_word' id='word_1_149' title='bbox 248 1297 401 1365; x_wconf 71' lang='lat' dir='ltr'><strong>tormidine,</strong></span> <span class='ocrx_word' id='word_1_150' title='bbox 415 1295 496 1351; x_wconf 89' lang='lat' dir='ltr'><strong>nullo</strong></span> <span class='ocrx_word' id='word_1_151' title='bbox 517 1293 541 1331; x_wconf 74' lang='lat'><strong>¹⁸</strong></span> <span class='ocrx_word' id='word_1_152' title='bbox 555 1292 700 1349; x_wconf 85' lang='lat' dir='ltr'><strong>velamine</strong></span> <span class='ocrx_word' id='word_1_153' title='bbox 717 1291 813 1360; x_wconf 76' lang='lat' dir='ltr'><strong>ssdas3</strong></span> <span class='ocrx_word' id='word_1_154' title='bbox 974 1291 1046 1349; x_wconf 87' lang='lat' dir='ltr'><strong>Cum</strong></span> <span class='ocrx_word' id='word_1_155' title='bbox 1063 1294 1106 1349; x_wconf 92' lang='lat' dir='ltr'><strong>sic</strong></span> <span class='ocrx_word' id='word_1_156' title='bbox 1121 1295 1157 1350; x_wconf 88' lang='lat' dir='ltr'><strong>de</strong></span> <span class='ocrx_word' id='word_1_157' title='bbox 1171 1294 1244 1350; x_wconf 81' lang='lat' dir='ltr'><strong>calla</strong></span> <span class='ocrx_word' id='word_1_158' title='bbox 1258 1295 1368 1353; x_wconf 88' lang='lat' dir='ltr'><strong>clamat</strong></span> <span class='ocrx_word' id='word_1_159' title='bbox 1383 1297 1553 1356; x_wconf 88' lang='lat' dir='ltr'><strong>miseranda</strong></span> <span class='ocrx_word' id='word_1_160' title='bbox 1568 1304 1675 1373; x_wconf 83' lang='lat' dir='ltr'><strong>puetis</strong></span> <span class='ocrx_word' id='word_1_161' title='bbox 1690 1319 1699 1359; x_wconf 79' lang='lat' dir='ltr'><strong>r</strong></span> 
     </span>
     <span class='ocr_line' id='line_1_14' title="bbox 95 1378 1778 1459; baseline 0.001 -13"><span class='ocrx_word' id='word_1_162' title='bbox 95 1386 125 1446; x_wconf 83' lang='lat' dir='ltr'><strong>st</strong></span> <span class='ocrx_word' id='word_1_163' title='bbox 143 1394 277 1442; x_wconf 87' lang='lat' dir='ltr'><strong>metuens</strong></span> <span class='ocrx_word' id='word_1_164' title='bbox 292 1384 427 1440; x_wconf 89' lang='lat' dir='ltr'><strong>homines</strong></span> <span class='ocrx_word' id='word_1_165' title='bbox 442 1382 570 1439; x_wconf 88' lang='lat' dir='ltr'><strong>latebrae</strong></span> <span class='ocrx_word' id='word_1_166' title='bbox 586 1381 694 1455; x_wconf 75' lang='lat' dir='ltr'><strong>quarte</strong></span> <span class='ocrx_word' id='word_1_167' title='bbox 707 1378 871 1446; x_wconf 83' lang='lat' dir='ltr'><strong>interiores,</strong></span> <span class='ocrx_word' id='word_1_168' title='bbox 974 1380 1013 1439; x_wconf 81' lang='lat' dir='ltr'><strong>tat</strong></span> <span class='ocrx_word' id='word_1_169' title='bbox 1029 1386 1122 1455; x_wconf 86' lang='lat' dir='ltr'><strong>peter,</strong></span> <span class='ocrx_word' id='word_1_170' title='bbox 1138 1384 1284 1453; x_wconf 87' lang='lat' dir='ltr'><strong>ausculta,</strong></span> <span class='ocrx_word' id='word_1_171' title='bbox 1300 1390 1446 1444; x_wconf 82' lang='lat' dir='ltr'><strong>necerim</strong></span> <span class='ocrx_word' id='word_1_172' title='bbox 1464 1406 1534 1459; x_wconf 89' lang='lat' dir='ltr'><strong>paro</strong></span> <span class='ocrx_word' id='word_1_173' title='bbox 1550 1391 1658 1448; x_wconf 88' lang='lat' dir='ltr'><strong>dicere</strong></span> <span class='ocrx_word' id='word_1_174' title='bbox 1673 1391 1778 1459; x_wconf 81' lang='lat' dir='ltr'><strong>mults.</strong></span> 
     </span>
     <span class='ocr_line' id='line_1_15' title="bbox 94 1467 1762 1552; baseline 0.005 -21"><span class='ocrx_word' id='word_1_175' title='bbox 94 1475 198 1536; x_wconf 83' lang='lat' dir='ltr'><strong>Nescia</strong></span> <span class='ocrx_word' id='word_1_176' title='bbox 212 1475 289 1549; x_wconf 87' lang='lat' dir='ltr'><strong>quud</strong></span> <span class='ocrx_word' id='word_1_177' title='bbox 306 1473 425 1549; x_wconf 79' lang='lat' dir='ltr'><strong>queris,</strong></span> <span class='ocrx_word' id='word_1_178' title='bbox 444 1471 495 1546; x_wconf 91' lang='lat' dir='ltr'><strong>qui</strong></span> <span class='ocrx_word' id='word_1_179' title='bbox 513 1488 568 1527; x_wconf 92' lang='lat' dir='ltr'><strong>non</strong></span> <span class='ocrx_word' id='word_1_180' title='bbox 585 1471 741 1526; x_wconf 88' lang='lat' dir='ltr'><strong>metuende</strong></span> <span class='ocrx_word' id='word_1_181' title='bbox 755 1467 874 1534; x_wconf 83' lang='lat' dir='ltr'><strong>vereris,</strong></span> <span class='ocrx_word' id='word_1_182' title='bbox 974 1470 1017 1529; x_wconf 85' lang='lat' dir='ltr'><strong>Ne</strong></span> <span class='ocrx_word' id='word_1_183' title='bbox 1032 1488 1102 1543; x_wconf 72' lang='lat' dir='ltr'><strong>rotro</strong></span> <span class='ocrx_word' id='word_1_184' title='bbox 1116 1473 1250 1530; x_wconf 78' lang='lat' dir='ltr'><strong>discedas</strong></span> <span class='ocrx_word' id='word_1_185' title='bbox 1264 1476 1357 1532; x_wconf 90' lang='lat' dir='ltr'><strong>donee</strong></span> <span class='ocrx_word' id='word_1_186' title='bbox 1368 1477 1441 1532; x_wconf 90' lang='lat' dir='ltr'><strong>mibi</strong></span> <span class='ocrx_word' id='word_1_187' title='bbox 1456 1480 1535 1552; x_wconf 91' lang='lat' dir='ltr'><strong>quod</strong></span> <span class='ocrx_word' id='word_1_188' title='bbox 1550 1496 1662 1552; x_wconf 86' lang='lat' dir='ltr'><strong>precer</strong></span> <span class='ocrx_word' id='word_1_189' title='bbox 1677 1482 1762 1540; x_wconf 86' lang='lat' dir='ltr'><strong>sdes.</strong></span> 
     </span>
     <span class='ocr_line' id='line_1_16' title="bbox 94 1558 1701 1641; baseline 0.007 -22"><span class='ocrx_word' id='word_1_190' title='bbox 94 1569 246 1626; x_wconf 76' lang='lat' dir='ltr'><strong>Humanas</strong></span> <span class='ocrx_word' id='word_1_191' title='bbox 260 1562 342 1618; x_wconf 92' lang='lat' dir='ltr'><strong>visua</strong></span> <span class='ocrx_word' id='word_1_192' title='bbox 355 1560 537 1617; x_wconf 80' lang='lat' dir='ltr'><strong>contemnito</strong></span> <span class='ocrx_word' id='word_1_193' title='bbox 554 1559 664 1632; x_wconf 88' lang='lat' dir='ltr'><strong>pariete</strong></span> <span class='ocrx_word' id='word_1_194' title='bbox 678 1558 759 1615; x_wconf 82' lang='lat' dir='ltr'><strong>fisus.</strong></span> <span class='ocrx_word' id='word_1_195' title='bbox 975 1560 1078 1618; x_wconf 86' lang='lat' dir='ltr'><strong>Mundi</strong></span> <span class='ocrx_word' id='word_1_196' title='bbox 1095 1564 1233 1621; x_wconf 84' lang='lat' dir='ltr'><strong>lectorem</strong></span> <span class='ocrx_word' id='word_1_197' title='bbox 1248 1565 1374 1622; x_wconf 86' lang='lat' dir='ltr'><strong>breviter</strong></span> <span class='ocrx_word' id='word_1_198' title='bbox 1386 1567 1434 1626; x_wconf 91' lang='lat' dir='ltr'><strong>dic</strong></span> <span class='ocrx_word' id='word_1_199' title='bbox 1449 1568 1578 1641; x_wconf 89' lang='lat' dir='ltr'><strong>qualiter</strong></span> <span class='ocrx_word' id='word_1_200' title='bbox 1593 1586 1701 1629; x_wconf 81' lang='lat' dir='ltr'><strong>orem:</strong></span> 
     </span>
     <span class='ocr_line' id='line_1_17' title="bbox 95 1649 1740 1749; baseline 0.004 -36"><span class='ocrx_word' id='word_1_201' title='bbox 95 1653 199 1713; x_wconf 86' lang='lat' dir='ltr'><strong>intulit</strong></span> <span class='ocrx_word' id='word_1_202' title='bbox 214 1655 260 1709; x_wconf 90' lang='lat' dir='ltr'><strong>bio</strong></span> <span class='ocrx_word' id='word_1_203' title='bbox 274 1651 438 1710; x_wconf 88' lang='lat' dir='ltr'><strong>monachus</strong></span> <span class='ocrx_word' id='word_1_204' title='bbox 453 1649 583 1708; x_wconf 87' lang='lat' dir='ltr'><strong>mulieris</strong></span> <span class='ocrx_word' id='word_1_205' title='bbox 599 1649 686 1707; x_wconf 90' lang='lat' dir='ltr'><strong>verba</strong></span> <span class='ocrx_word' id='word_1_206' title='bbox 702 1652 842 1705; x_wconf 86' lang='lat' dir='ltr'><strong>secutus:</strong></span> <span class='ocrx_word' id='word_1_207' title='bbox 935 1649 1088 1749; x_wconf 72' lang='lat' dir='ltr'><strong>BNomen</strong></span> <span class='ocrx_word' id='word_1_208' title='bbox 1104 1651 1146 1707; x_wconf 83' lang='lat' dir='ltr'><strong>ait</strong></span> <span class='ocrx_word' id='word_1_209' title='bbox 1158 1652 1279 1722; x_wconf 84' lang='lat' dir='ltr'><strong>christi,</strong></span> <span class='ocrx_word' id='word_1_210' title='bbox 1296 1670 1355 1727; x_wconf 93' lang='lat' dir='ltr'><strong>quo</strong></span> <span class='ocrx_word' id='word_1_211' title='bbox 1370 1671 1523 1729; x_wconf 88' lang='lat' dir='ltr'><strong>nunquam</strong></span> <span class='ocrx_word' id='word_1_212' title='bbox 1539 1658 1638 1730; x_wconf 78' lang='lat' dir='ltr'><strong>digne</strong></span> <span class='ocrx_word' id='word_1_213' title='bbox 1653 1660 1740 1719; x_wconf 86' lang='lat' dir='ltr'><strong>luisti</strong></span> 
     </span>
     <span class='ocr_line' id='line_1_18' title="bbox 95 1737 1688 1820; baseline 0.003 -18"><span class='ocrx_word' id='word_1_214' title='bbox 95 1743 126 1802; x_wconf 85' lang='lat' dir='ltr'><strong>st</strong></span> <span class='ocrx_word' id='word_1_215' title='bbox 141 1743 225 1800; x_wconf 90' lang='lat' dir='ltr'><strong>testis</strong></span> <span class='ocrx_word' id='word_1_216' title='bbox 240 1741 358 1801; x_wconf 89' lang='lat' dir='ltr'><strong>sceleris</strong></span> <span class='ocrx_word' id='word_1_217' title='bbox 372 1744 511 1807; x_wconf 79' lang='lat' dir='ltr'><strong>beasset,</strong></span> <span class='ocrx_word' id='word_1_218' title='bbox 523 1744 556 1796; x_wconf 89' lang='lat' dir='ltr'><strong>ut</strong></span> <span class='ocrx_word' id='word_1_219' title='bbox 570 1743 600 1795; x_wconf 88' lang='lat' dir='ltr'><strong>et</strong></span> <span class='ocrx_word' id='word_1_220' title='bbox 614 1754 679 1812; x_wconf 81' lang='lat' dir='ltr'><strong>ipsa</strong></span> <span class='ocrx_word' id='word_1_221' title='bbox 693 1737 803 1807; x_wconf 82' lang='lat' dir='ltr'><strong>lateris,</strong></span> <span class='ocrx_word' id='word_1_222' title='bbox 974 1743 1013 1797; x_wconf 88' lang='lat' dir='ltr'><strong>Os</strong></span> <span class='ocrx_word' id='word_1_223' title='bbox 1026 1757 1078 1813; x_wconf 87' lang='lat' dir='ltr'><strong>per</strong></span> <span class='ocrx_word' id='word_1_224' title='bbox 1091 1741 1235 1812; x_wconf 92' lang='lat' dir='ltr'><strong>pollutum</strong></span> <span class='ocrx_word' id='word_1_225' title='bbox 1251 1759 1309 1800; x_wconf 90' lang='lat' dir='ltr'><strong>oon</strong></span> <span class='ocrx_word' id='word_1_226' title='bbox 1324 1749 1370 1801; x_wconf 91' lang='lat' dir='ltr'><strong>est</strong></span> <span class='ocrx_word' id='word_1_227' title='bbox 1383 1746 1545 1819; x_wconf 89' lang='lat' dir='ltr'><strong>producere</strong></span> <span class='ocrx_word' id='word_1_228' title='bbox 1561 1752 1688 1820; x_wconf 70' lang='lat' dir='ltr'><strong>turena</strong></span> 
     </span>
     <span class='ocr_line' id='line_1_19' title="bbox 94 1825 1691 1911; baseline 0.006 -23"><span class='ocrx_word' id='word_1_229' title='bbox 94 1832 153 1894; x_wconf 75' lang='lat' dir='ltr'><strong>Nea</strong></span> <span class='ocrx_word' id='word_1_230' title='bbox 168 1831 251 1889; x_wconf 89' lang='lat' dir='ltr'><strong>lucus</strong></span> <span class='ocrx_word' id='word_1_231' title='bbox 265 1831 400 1889; x_wconf 89' lang='lat' dir='ltr'><strong>occultus</strong></span> <span class='ocrx_word' id='word_1_232' title='bbox 414 1829 491 1887; x_wconf 83' lang='lat' dir='ltr'><strong>valet</strong></span> <span class='ocrx_word' id='word_1_233' title='bbox 503 1829 568 1901; x_wconf 89' lang='lat' dir='ltr'><strong>ejus</strong></span> <span class='ocrx_word' id='word_1_234' title='bbox 583 1828 717 1885; x_wconf 89' lang='lat' dir='ltr'><strong>claudere</strong></span> <span class='ocrx_word' id='word_1_235' title='bbox 730 1825 838 1895; x_wconf 88' lang='lat' dir='ltr'><strong>vultus,</strong></span> <span class='ocrx_word' id='word_1_236' title='bbox 974 1829 1083 1887; x_wconf 87' lang='lat' dir='ltr'><strong>Nomen</strong></span> <span class='ocrx_word' id='word_1_237' title='bbox 1100 1830 1233 1888; x_wconf 89' lang='lat' dir='ltr'><strong>divinum</strong></span> <span class='ocrx_word' id='word_1_238' title='bbox 1248 1833 1289 1889; x_wconf 86' lang='lat' dir='ltr'><strong>sit</strong></span> <span class='ocrx_word' id='word_1_239' title='bbox 1303 1833 1339 1890; x_wconf 87' lang='lat' dir='ltr'><strong>eh</strong></span> <span class='ocrx_word' id='word_1_240' title='bbox 1352 1850 1401 1892; x_wconf 92' lang='lat' dir='ltr'><strong>ore</strong></span> <span class='ocrx_word' id='word_1_241' title='bbox 1415 1839 1466 1892; x_wconf 91' lang='lat' dir='ltr'><strong>tuo</strong></span> <span class='ocrx_word' id='word_1_242' title='bbox 1482 1837 1691 1911; x_wconf 70' lang='lat' dir='ltr'><strong>peragrinum,</strong></span> 
     </span>
     <span class='ocr_line' id='line_1_20' title="bbox 95 1917 1767 2001; baseline 0.007 -24"><span class='ocrx_word' id='word_1_243' title='bbox 95 1922 172 1993; x_wconf 81' lang='lat' dir='ltr'><strong>Ergo</strong></span> <span class='ocrx_word' id='word_1_244' title='bbox 187 1937 366 1994; x_wconf 88' lang='lat' dir='ltr'><strong>supervacue</strong></span> <span class='ocrx_word' id='word_1_245' title='bbox 382 1919 478 1991; x_wconf 89' lang='lat' dir='ltr'><strong>paries</strong></span> <span class='ocrx_word' id='word_1_246' title='bbox 493 1917 652 1991; x_wconf 87' lang='lat' dir='ltr'><strong>opponitur</strong></span> <span class='ocrx_word' id='word_1_247' title='bbox 667 1919 742 1986; x_wconf 82' lang='lat' dir='ltr'><strong>iste;</strong></span> <span class='ocrx_word' id='word_1_248' title='bbox 974 1918 1031 1978; x_wconf 81' lang='lat' dir='ltr'><strong>Sed</strong></span> <span class='ocrx_word' id='word_1_249' title='bbox 1046 1936 1142 1992; x_wconf 86' lang='lat' dir='ltr'><strong>neque</strong></span> <span class='ocrx_word' id='word_1_250' title='bbox 1157 1937 1316 1991; x_wconf 77' lang='lat' dir='ltr'><strong>praesumes</strong></span> <span class='ocrx_word' id='word_1_251' title='bbox 1330 1922 1361 1980; x_wconf 89' lang='lat' dir='ltr'><strong>in</strong></span> <span class='ocrx_word' id='word_1_252' title='bbox 1376 1923 1481 1981; x_wconf 82' lang='lat' dir='ltr'><strong>caelum</strong></span> <span class='ocrx_word' id='word_1_253' title='bbox 1498 1928 1622 1984; x_wconf 88' lang='lat' dir='ltr'><strong>tendere</strong></span> <span class='ocrx_word' id='word_1_254' title='bbox 1639 1929 1767 2001; x_wconf 81' lang='lat' dir='ltr'><strong>palmes.</strong></span> 
     </span>
     <span class='ocr_line' id='line_1_21' title="bbox 95 2003 1700 2090; baseline 0.007 -24"><span class='ocrx_word' id='word_1_255' title='bbox 95 2011 216 2067; x_wconf 75' lang='lat' dir='ltr'><strong>visibus</strong></span> <span class='ocrx_word' id='word_1_256' title='bbox 232 2011 369 2067; x_wconf 89' lang='lat' dir='ltr'><strong>humenis</strong></span> <span class='ocrx_word' id='word_1_257' title='bbox 385 2009 422 2066; x_wconf 84' lang='lat' dir='ltr'><strong>sit</strong></span> <span class='ocrx_word' id='word_1_258' title='bbox 436 2008 514 2065; x_wconf 91' lang='lat' dir='ltr'><strong>enim</strong></span> <span class='ocrx_word' id='word_1_259' title='bbox 532 2006 631 2081; x_wconf 87' lang='lat' dir='ltr'><strong>procul</strong></span> <span class='ocrx_word' id='word_1_260' title='bbox 648 2006 758 2063; x_wconf 86' lang='lat' dir='ltr'><strong>arbiter</strong></span> <span class='ocrx_word' id='word_1_261' title='bbox 775 2003 884 2074; x_wconf 89' lang='lat' dir='ltr'><strong>omnis,</strong></span> <span class='ocrx_word' id='word_1_262' title='bbox 974 2008 1088 2067; x_wconf 75' lang='lat' dir='ltr'><strong>Fraude</strong></span> <span class='ocrx_word' id='word_1_263' title='bbox 1102 2011 1153 2068; x_wconf 90' lang='lat' dir='ltr'><strong>diu</strong></span> <span class='ocrx_word' id='word_1_264' title='bbox 1169 2011 1277 2068; x_wconf 88' lang='lat' dir='ltr'><strong>blenda</strong></span> <span class='ocrx_word' id='word_1_265' title='bbox 1289 2028 1354 2086; x_wconf 82' lang='lat' dir='ltr'><strong>qua</strong></span> <span class='ocrx_word' id='word_1_266' title='bbox 1369 2019 1530 2073; x_wconf 84' lang='lat' dir='ltr'><strong>tractavere</strong></span> <span class='ocrx_word' id='word_1_267' title='bbox 1545 2017 1700 2090; x_wconf 66' lang='lat' dir='ltr'><strong>nefanda:</strong></span> 
     </span>
     <span class='ocr_line' id='line_1_22' title="bbox 96 2095 1790 2170; baseline 0.007 -11"><span class='ocrx_word' id='word_1_268' title='bbox 96 2100 160 2160; x_wconf 88' lang='lat' dir='ltr'><strong>Non</strong></span> <span class='ocrx_word' id='word_1_269' title='bbox 174 2107 273 2156; x_wconf 86' lang='lat' dir='ltr'><strong>tamen</strong></span> <span class='ocrx_word' id='word_1_270' title='bbox 289 2101 394 2156; x_wconf 86' lang='lat' dir='ltr'><strong>evades</strong></span> <span class='ocrx_word' id='word_1_271' title='bbox 410 2098 602 2156; x_wconf 88' lang='lat' dir='ltr'><strong>cumvenerit</strong></span> <span class='ocrx_word' id='word_1_272' title='bbox 616 2096 722 2153; x_wconf 81' lang='lat' dir='ltr'><strong>ultima</strong></span> <span class='ocrx_word' id='word_1_273' title='bbox 736 2095 853 2164; x_wconf 85' lang='lat' dir='ltr'><strong>clades;</strong></span> <span class='ocrx_word' id='word_1_274' title='bbox 975 2101 1102 2158; x_wconf 83' lang='lat' dir='ltr'><strong>Tantum</strong></span> <span class='ocrx_word' id='word_1_275' title='bbox 1120 2111 1227 2161; x_wconf 79' lang='lat' dir='ltr'><strong>mteeta</strong></span> <span class='ocrx_word' id='word_1_276' title='bbox 1242 2104 1321 2169; x_wconf 85' lang='lat' dir='ltr'><strong>sede,</strong></span> <span class='ocrx_word' id='word_1_277' title='bbox 1337 2119 1391 2161; x_wconf 88' lang='lat' dir='ltr'><strong>nec</strong></span> <span class='ocrx_word' id='word_1_278' title='bbox 1406 2104 1443 2162; x_wconf 90' lang='lat' dir='ltr'><strong>ab</strong></span> <span class='ocrx_word' id='word_1_279' title='bbox 1458 2105 1510 2162; x_wconf 91' lang='lat' dir='ltr'><strong>boo</strong></span> <span class='ocrx_word' id='word_1_280' title='bbox 1523 2122 1671 2168; x_wconf 89' lang='lat' dir='ltr'><strong>sermone</strong></span> <span class='ocrx_word' id='word_1_281' title='bbox 1692 2110 1790 2170; x_wconf 71' lang='lat' dir='ltr'><strong>meede</strong></span> 
     </span>
     <span class='ocr_line' id='line_1_23' title="bbox 94 2183 1693 2271; baseline 0.006 -26"><span class='ocrx_word' id='word_1_282' title='bbox 94 2189 168 2250; x_wconf 87' lang='lat' dir='ltr'><strong>Nam</strong></span> <span class='ocrx_word' id='word_1_283' title='bbox 186 2192 330 2246; x_wconf 83' lang='lat' dir='ltr'><strong>austerum</strong></span> <span class='ocrx_word' id='word_1_284' title='bbox 345 2188 453 2245; x_wconf 82' lang='lat' dir='ltr'><strong>vindex</strong></span> <span class='ocrx_word' id='word_1_285' title='bbox 467 2186 611 2244; x_wconf 90' lang='lat' dir='ltr'><strong>scelerum</strong></span> <span class='ocrx_word' id='word_1_286' title='bbox 626 2183 660 2243; x_wconf 86' lang='lat' dir='ltr'><strong>ttt</strong></span> <span class='ocrx_word' id='word_1_287' title='bbox 675 2185 757 2242; x_wconf 87' lang='lat' dir='ltr'><strong>testis</strong></span> <span class='ocrx_word' id='word_1_288' title='bbox 782 2192 811 2241; x_wconf 89' lang='lat' dir='ltr'><strong>et</strong></span> <span class='ocrx_word' id='word_1_289' title='bbox 823 2183 921 2242; x_wconf 84' lang='lat' dir='ltr'><strong>index.</strong></span> <span class='ocrx_word' id='word_1_290' title='bbox 975 2189 1029 2255; x_wconf 85' lang='lat' dir='ltr'><strong>Qui</strong></span> <span class='ocrx_word' id='word_1_291' title='bbox 1046 2207 1093 2246; x_wconf 89' lang='lat' dir='ltr'><strong>me</strong></span> <span class='ocrx_word' id='word_1_292' title='bbox 1108 2189 1255 2263; x_wconf 86' lang='lat' dir='ltr'><strong>plasmati,</strong></span> <span class='ocrx_word' id='word_1_293' title='bbox 1272 2209 1383 2264; x_wconf 80' lang='lat' dir='ltr'><strong>quaeso,</strong></span> <span class='ocrx_word' id='word_1_294' title='bbox 1399 2196 1504 2252; x_wconf 89' lang='lat' dir='ltr'><strong>misere</strong></span> <span class='ocrx_word' id='word_1_295' title='bbox 1519 2196 1542 2236; x_wconf 83' lang='lat'><strong>¹⁸</strong></span> <span class='ocrx_word' id='word_1_296' title='bbox 1555 2200 1693 2271; x_wconf 77' lang='lat' dir='ltr'><strong>roganti,</strong></span> 
     </span>
     <span class='ocr_line' id='line_1_24' title="bbox 95 2271 1736 2357; baseline 0.005 -19"><span class='ocrx_word' id='word_1_297' title='bbox 95 2278 201 2338; x_wconf 68' lang='grc' dir='ltr'><strong>15Δὶ</strong></span> <span class='ocrx_word' id='word_1_298' title='bbox 217 2281 240 2336; x_wconf 92' lang='grc'>0</span> <span class='ocrx_word' id='word_1_299' title='bbox 255 2278 361 2335; x_wconf 89' lang='lat' dir='ltr'><strong>dilecta</strong></span> <span class='ocrx_word' id='word_1_300' title='bbox 372 2278 441 2346; x_wconf 85' lang='lat' dir='ltr'><strong>Deo,</strong></span> <span class='ocrx_word' id='word_1_301' title='bbox 458 2276 534 2350; x_wconf 80' lang='lat' dir='ltr'><strong>regis</strong></span> <span class='ocrx_word' id='word_1_302' title='bbox 544 2274 672 2334; x_wconf 78' lang='lat' dir='ltr'><strong>caelestis</strong></span> <span class='ocrx_word' id='word_1_303' title='bbox 688 2271 805 2347; x_wconf 79' lang='lat' dir='ltr'><strong>imagot</strong></span> <span class='ocrx_word' id='word_1_304' title='bbox 976 2278 1011 2336; x_wconf 79' lang='lat' dir='ltr'><strong>tte</strong></span> <span class='ocrx_word' id='word_1_305' title='bbox 1026 2285 1158 2353; x_wconf 87' lang='lat' dir='ltr'><strong>caputet</strong></span> <span class='ocrx_word' id='word_1_306' title='bbox 1175 2291 1302 2347; x_wconf 81' lang='lat' dir='ltr'><strong>mentem</strong></span> <span class='ocrx_word' id='word_1_307' title='bbox 1318 2299 1458 2340; x_wconf 87' lang='lat' dir='ltr'><strong>conversa</strong></span> <span class='ocrx_word' id='word_1_308' title='bbox 1472 2293 1559 2343; x_wconf 90' lang='lat' dir='ltr'><strong>tuens</strong></span> <span class='ocrx_word' id='word_1_309' title='bbox 1571 2286 1736 2357; x_wconf 84' lang='lat' dir='ltr'><strong>orientem,</strong></span> 
     </span>
    </p>
   </div>
   <div class='ocr_carea' id='block_1_3' title="bbox 89 2367 1804 5311">
    <p class='ocr_par' dir='ltr' id='par_1_5' title="bbox 95 2367 1710 2447">
     <span class='ocr_line' id='line_1_25' title="bbox 95 2367 1710 2447; baseline 0.001 -13"><span class='ocrx_word' id='word_1_310' title='bbox 95 2379 123 2434; x_wconf 85' lang='lat' dir='ltr'><strong>Si</strong></span> <span class='ocrx_word' id='word_1_311' title='bbox 141 2377 300 2435; x_wconf 90' lang='lat' dir='ltr'><strong>Dominum</strong></span> <span class='ocrx_word' id='word_1_312' title='bbox 316 2376 406 2442; x_wconf 86' lang='lat' dir='ltr'><strong>noeti,</strong></span> <span class='ocrx_word' id='word_1_313' title='bbox 422 2392 474 2432; x_wconf 90' lang='lat' dir='ltr'><strong>our</strong></span> <span class='ocrx_word' id='word_1_314' title='bbox 488 2374 579 2433; x_wconf 87' lang='lat' dir='ltr'><strong>servia</strong></span> <span class='ocrx_word' id='word_1_315' title='bbox 593 2373 675 2430; x_wconf 89' lang='lat' dir='ltr'><strong>illius</strong></span> <span class='ocrx_word' id='word_1_316' title='bbox 688 2371 789 2431; x_wconf 77' lang='lat' dir='ltr'><strong>boeti?</strong></span> <span class='ocrx_word' id='word_1_317' title='bbox 974 2367 1071 2426; x_wconf 77' lang='lat' dir='ltr'><strong>Mente</strong></span> <span class='ocrx_word' id='word_1_318' title='bbox 1083 2367 1153 2427; x_wconf 91' lang='lat' dir='ltr'><strong>licet</strong></span> <span class='ocrx_word' id='word_1_319' title='bbox 1168 2369 1255 2439; x_wconf 82' lang='lat' dir='ltr'><strong>lassa,</strong></span> <span class='ocrx_word' id='word_1_320' title='bbox 1267 2389 1418 2447; x_wconf 88' lang='lat' dir='ltr'><strong>nunquam</strong></span> <span class='ocrx_word' id='word_1_321' title='bbox 1434 2372 1477 2431; x_wconf 88' lang='lat' dir='ltr'><strong>sie</strong></span> <span class='ocrx_word' id='word_1_322' title='bbox 1491 2375 1589 2432; x_wconf 87' lang='lat' dir='ltr'><strong>dicere</strong></span> <span class='ocrx_word' id='word_1_323' title='bbox 1603 2393 1710 2435; x_wconf 81' lang='lat' dir='ltr'><strong>cessa.</strong></span> 
     </span>
    </p>

    <p class='ocr_par' dir='ltr' id='par_1_6' title="bbox 94 2459 1756 2630">
     <span class='ocr_line' id='line_1_26' title="bbox 94 2459 1756 2541; baseline 0 -15"><span class='ocrx_word' id='word_1_324' title='bbox 94 2469 151 2526; x_wconf 79' lang='lat' dir='ltr'><strong>Cur</strong></span> <span class='ocrx_word' id='word_1_325' title='bbox 167 2485 219 2541; x_wconf 92' lang='lat' dir='ltr'><strong>pro</strong></span> <span class='ocrx_word' id='word_1_326' title='bbox 236 2473 298 2524; x_wconf 89' lang='lat' dir='ltr'><strong>tam</strong></span> <span class='ocrx_word' id='word_1_327' title='bbox 315 2466 418 2524; x_wconf 83' lang='lat' dir='ltr'><strong>multis</strong></span> <span class='ocrx_word' id='word_1_328' title='bbox 433 2473 528 2521; x_wconf 82' lang='lat' dir='ltr'><strong>tecum</strong></span> <span class='ocrx_word' id='word_1_329' title='bbox 545 2465 712 2538; x_wconf 86' lang='lat' dir='ltr'><strong>pariterque</strong></span> <span class='ocrx_word' id='word_1_330' title='bbox 726 2459 852 2533; x_wconf 83' lang='lat' dir='ltr'><strong>sepultis</strong></span> <span class='ocrx_word' id='word_1_331' title='bbox 975 2459 1041 2518; x_wconf 77' lang='lat' dir='ltr'><strong>ttae</strong></span> <span class='ocrx_word' id='word_1_332' title='bbox 1056 2460 1105 2515; x_wconf 92' lang='lat' dir='ltr'><strong>uhi</strong></span> <span class='ocrx_word' id='word_1_333' title='bbox 1122 2459 1200 2517; x_wconf 91' lang='lat' dir='ltr'><strong>diota</strong></span> <span class='ocrx_word' id='word_1_334' title='bbox 1214 2460 1295 2517; x_wconf 88' lang='lat' dir='ltr'><strong>dedit</strong></span> <span class='ocrx_word' id='word_1_335' title='bbox 1307 2461 1425 2533; x_wconf 89' lang='lat' dir='ltr'><strong>plorans</strong></span> <span class='ocrx_word' id='word_1_336' title='bbox 1440 2464 1612 2537; x_wconf 89' lang='lat' dir='ltr'><strong>patriarcba</strong></span> <span class='ocrx_word' id='word_1_337' title='bbox 1629 2468 1756 2526; x_wconf 79' lang='lat' dir='ltr'><strong>resedit.</strong></span> 
     </span>
     <span class='ocr_line' id='line_1_27' title="bbox 97 2548 1631 2630; baseline -0.004 -11"><span class='ocrx_word' id='word_1_338' title='bbox 97 2565 215 2619; x_wconf 63' lang='lat' dir='ltr'><strong>aterno</strong></span> <span class='ocrx_word' id='word_1_339' title='bbox 231 2558 318 2630; x_wconf 73' lang='lat' dir='ltr'><strong>digna</strong></span> <span class='ocrx_word' id='word_1_340' title='bbox 334 2555 492 2613; x_wconf 86' lang='lat' dir='ltr'><strong>crucianda</strong></span> <span class='ocrx_word' id='word_1_341' title='bbox 507 2557 684 2612; x_wconf 75' lang='lat' dir='ltr'><strong>cremaberis</strong></span> <span class='ocrx_word' id='word_1_342' title='bbox 699 2551 794 2626; x_wconf 75' lang='lat' dir='ltr'><strong>ignei</strong></span> <span class='ocrx_word' id='word_1_343' title='bbox 975 2548 1092 2607; x_wconf 78' lang='lat' dir='ltr'><strong>&#39;l’baisis</strong></span> <span class='ocrx_word' id='word_1_344' title='bbox 1107 2549 1137 2604; x_wconf 90' lang='lat' dir='ltr'><strong>in</strong></span> <span class='ocrx_word' id='word_1_345' title='bbox 1153 2549 1288 2608; x_wconf 85' lang='lat' dir='ltr'><strong>obscuris</strong></span> <span class='ocrx_word' id='word_1_346' title='bbox 1304 2551 1377 2608; x_wconf 87' lang='lat' dir='ltr'><strong>solie</strong></span> <span class='ocrx_word' id='word_1_347' title='bbox 1392 2551 1504 2609; x_wconf 89' lang='lat' dir='ltr'><strong>intanta</strong></span> <span class='ocrx_word' id='word_1_348' title='bbox 1516 2555 1631 2614; x_wconf 82' lang='lat' dir='ltr'><strong>tuturis</strong></span> 
     </span>
    </p>

    <p class='ocr_par' dir='ltr' id='par_1_7' title="bbox 94 2639 1800 3344">
     <span class='ocr_line' id='line_1_28' title="bbox 96 2639 1681 2716; baseline -0.001 -12"><span class='ocrx_word' id='word_1_349' title='bbox 96 2647 160 2704; x_wconf 90' lang='lat' dir='ltr'><strong>Non</strong></span> <span class='ocrx_word' id='word_1_350' title='bbox 176 2649 264 2702; x_wconf 89' lang='lat' dir='ltr'><strong>debes</strong></span> <span class='ocrx_word' id='word_1_351' title='bbox 280 2646 355 2711; x_wconf 79' lang='lat' dir='ltr'><strong>vitea,</strong></span> <span class='ocrx_word' id='word_1_352' title='bbox 373 2662 429 2700; x_wconf 88' lang='lat' dir='ltr'><strong>non</strong></span> <span class='ocrx_word' id='word_1_353' title='bbox 445 2644 535 2701; x_wconf 89' lang='lat' dir='ltr'><strong>debes</strong></span> <span class='ocrx_word' id='word_1_354' title='bbox 551 2645 639 2698; x_wconf 77' lang='lat' dir='ltr'><strong>[idere</strong></span> <span class='ocrx_word' id='word_1_355' title='bbox 655 2645 766 2712; x_wconf 81' lang='lat' dir='ltr'><strong>torma,</strong></span> <span class='ocrx_word' id='word_1_356' title='bbox 976 2639 1054 2697; x_wconf 82' lang='lat' dir='ltr'><strong>Luce</strong></span> <span class='ocrx_word' id='word_1_357' title='bbox 1068 2639 1170 2697; x_wconf 83' lang='lat' dir='ltr'><strong>truens</strong></span> <span class='ocrx_word' id='word_1_358' title='bbox 1185 2640 1264 2697; x_wconf 90' lang='lat' dir='ltr'><strong>clero</strong></span> <span class='ocrx_word' id='word_1_359' title='bbox 1279 2640 1378 2698; x_wconf 85' lang='lat' dir='ltr'><strong>cordis</strong></span> <span class='ocrx_word' id='word_1_360' title='bbox 1394 2659 1425 2699; x_wconf 84' lang='lat' dir='ltr'><strong>ss</strong></span> <span class='ocrx_word' id='word_1_361' title='bbox 1441 2649 1550 2700; x_wconf 87' lang='lat' dir='ltr'><strong>mactat</strong></span> <span class='ocrx_word' id='word_1_362' title='bbox 1565 2645 1596 2701; x_wconf 90' lang='lat' dir='ltr'><strong>iu</strong></span> <span class='ocrx_word' id='word_1_363' title='bbox 1612 2662 1681 2716; x_wconf 82' lang='lat' dir='ltr'><strong>ara,</strong></span> 
     </span>
     <span class='ocr_line' id='line_1_29' title="bbox 96 2725 1771 2811; baseline 0.001 -19"><span class='ocrx_word' id='word_1_364' title='bbox 96 2735 206 2793; x_wconf 83' lang='lat' dir='ltr'><strong>Omnes</strong></span> <span class='ocrx_word' id='word_1_365' title='bbox 221 2742 299 2791; x_wconf 88' lang='lat' dir='ltr'><strong>terra</strong></span> <span class='ocrx_word' id='word_1_366' title='bbox 315 2736 495 2811; x_wconf 84' lang='lat' dir='ltr'><strong>sumus,cito</strong></span> <span class='ocrx_word' id='word_1_367' title='bbox 510 2731 569 2787; x_wconf 92' lang='lat' dir='ltr'><strong>vita</strong></span> <span class='ocrx_word' id='word_1_368' title='bbox 585 2732 670 2803; x_wconf 77' lang='lat' dir='ltr'><strong>sugit.</strong></span> <span class='ocrx_word' id='word_1_369' title='bbox 687 2731 744 2786; x_wconf 91' lang='lat' dir='ltr'><strong>cito</strong></span> <span class='ocrx_word' id='word_1_370' title='bbox 760 2731 869 2788; x_wconf 88' lang='lat' dir='ltr'><strong>tumus.</strong></span> <span class='ocrx_word' id='word_1_371' title='bbox 975 2725 1100 2800; x_wconf 80' lang='lat' dir='ltr'><strong>Jamque</strong></span> <span class='ocrx_word' id='word_1_372' title='bbox 1115 2730 1202 2787; x_wconf 90' lang='lat' dir='ltr'><strong>malis</strong></span> <span class='ocrx_word' id='word_1_373' title='bbox 1218 2731 1334 2803; x_wconf 76' lang='lat' dir='ltr'><strong>magnis</strong></span> <span class='ocrx_word' id='word_1_374' title='bbox 1345 2732 1492 2790; x_wconf 87' lang='lat' dir='ltr'><strong>cruciarat</strong></span> <span class='ocrx_word' id='word_1_375' title='bbox 1504 2751 1535 2791; x_wconf 89' lang='lat' dir='ltr'><strong>ee</strong></span> <span class='ocrx_word' id='word_1_376' title='bbox 1555 2734 1659 2795; x_wconf 87' lang='lat' dir='ltr'><strong>trihus</strong></span> <span class='ocrx_word' id='word_1_377' title='bbox 1675 2737 1771 2805; x_wconf 80' lang='lat' dir='ltr'><strong>annis,</strong></span> 
     </span>
     <span class='ocr_line' id='line_1_30' title="bbox 94 2818 1800 2895; baseline 0.002 -13"><span class='ocrx_word' id='word_1_378' title='bbox 94 2823 166 2882; x_wconf 83' lang='lat' dir='ltr'><strong>Turn</strong></span> <span class='ocrx_word' id='word_1_379' title='bbox 182 2825 258 2879; x_wconf 87' lang='lat' dir='ltr'><strong>veris</strong></span> <span class='ocrx_word' id='word_1_380' title='bbox 273 2824 369 2880; x_wconf 87' lang='lat' dir='ltr'><strong>vorbis</strong></span> <span class='ocrx_word' id='word_1_381' title='bbox 382 2823 478 2878; x_wconf 89' lang='lat' dir='ltr'><strong>subito</strong></span> <span class='ocrx_word' id='word_1_382' title='bbox 494 2820 650 2893; x_wconf 85' lang='lat' dir='ltr'><strong>perterrita</strong></span> <span class='ocrx_word' id='word_1_383' title='bbox 664 2819 782 2876; x_wconf 84' lang='lat' dir='ltr'><strong>Thalete</strong></span> <span class='ocrx_word' id='word_1_384' title='bbox 976 2818 1080 2878; x_wconf 70' lang='lat' dir='ltr'><strong>lm</strong></span> <span class='ocrx_word' id='word_1_385' title='bbox 1096 2819 1169 2877; x_wconf 88' lang='lat' dir='ltr'><strong>Cum</strong></span> <span class='ocrx_word' id='word_1_386' title='bbox 1184 2824 1270 2878; x_wconf 87' lang='lat' dir='ltr'><strong>Pater</strong></span> <span class='ocrx_word' id='word_1_387' title='bbox 1299 2819 1348 2877; x_wconf 90' lang='lat' dir='ltr'><strong>illo</strong></span> <span class='ocrx_word' id='word_1_388' title='bbox 1375 2821 1442 2895; x_wconf 91' lang='lat' dir='ltr'><strong>pius</strong></span> <span class='ocrx_word' id='word_1_389' title='bbox 1462 2824 1633 2882; x_wconf 83' lang='lat' dir='ltr'><strong>miserando</strong></span> <span class='ocrx_word' id='word_1_390' title='bbox 1655 2825 1800 2884; x_wconf 80' lang='lat' dir='ltr'><strong>laboribus</strong></span> 
     </span>
     <span class='ocr_line' id='line_1_31' title="bbox 96 2907 1772 2991; baseline 0.002 -24"><span class='ocrx_word' id='word_1_391' title='bbox 96 2911 144 2969; x_wconf 76' lang='lat' dir='ltr'><strong>Va</strong></span> <span class='ocrx_word' id='word_1_392' title='bbox 161 2911 245 2978; x_wconf 81' lang='lat' dir='ltr'><strong>mibi,</strong></span> <span class='ocrx_word' id='word_1_393' title='bbox 260 2928 314 2976; x_wconf 82' lang='lat' dir='ltr'><strong>vta,</strong></span> <span class='ocrx_word' id='word_1_394' title='bbox 329 2912 421 2980; x_wconf 70' lang='lat' dir='ltr'><strong>dieitp</strong></span> <span class='ocrx_word' id='word_1_395' title='bbox 441 2911 564 2984; x_wconf 87' lang='lat' dir='ltr'><strong>pedibus</strong></span> <span class='ocrx_word' id='word_1_396' title='bbox 575 2910 655 2966; x_wconf 89' lang='lat' dir='ltr'><strong>senis</strong></span> <span class='ocrx_word' id='word_1_397' title='bbox 670 2911 771 2966; x_wconf 88' lang='lat' dir='ltr'><strong>oscula</strong></span> <span class='ocrx_word' id='word_1_398' title='bbox 786 2907 862 2980; x_wconf 73' lang='lat' dir='ltr'><strong>batt,</strong></span> <span class='ocrx_word' id='word_1_399' title='bbox 1671 2914 1772 2991; x_wconf 78' lang='lat' dir='ltr'><strong>[hane</strong></span> 
     </span>
     <span class='ocr_line' id='line_1_32' title="bbox 95 2993 1799 3113; baseline 0 -52"><span class='ocrx_word' id='word_1_400' title='bbox 95 3002 130 3061; x_wconf 78' lang='lat' dir='ltr'><strong>lit</strong></span> <span class='ocrx_word' id='word_1_401' title='bbox 140 3001 284 3076; x_wconf 73' lang='lat' dir='ltr'><strong>lacrymas</strong></span> <span class='ocrx_word' id='word_1_402' title='bbox 301 3002 437 3069; x_wconf 85' lang='lat' dir='ltr'><strong>lundene,</strong></span> <span class='ocrx_word' id='word_1_403' title='bbox 451 3007 481 3057; x_wconf 90' lang='lat' dir='ltr'><strong>et</strong></span> <span class='ocrx_word' id='word_1_404' title='bbox 496 3000 604 3073; x_wconf 68' lang='lat' dir='ltr'><strong>pugnis</strong></span> <span class='ocrx_word' id='word_1_405' title='bbox 620 3006 737 3072; x_wconf 87' lang='lat' dir='ltr'><strong>pectora</strong></span> <span class='ocrx_word' id='word_1_406' title='bbox 747 2999 876 3056; x_wconf 86' lang='lat' dir='ltr'><strong>tundens</strong></span> <span class='ocrx_word' id='word_1_407' title='bbox 934 3043 961 3113; x_wconf 72' lang='lat' dir='ltr'><strong>c</strong></span> <span class='ocrx_word' id='word_1_408' title='bbox 976 2993 1112 3053; x_wconf 86' lang='lat' dir='ltr'><strong>Christus</strong></span> <span class='ocrx_word' id='word_1_409' title='bbox 1124 3001 1223 3054; x_wconf 88' lang='lat' dir='ltr'><strong>utrum</strong></span> <span class='ocrx_word' id='word_1_410' title='bbox 1239 2998 1353 3056; x_wconf 89' lang='lat' dir='ltr'><strong>dederit</strong></span> <span class='ocrx_word' id='word_1_411' title='bbox 1366 2999 1479 3057; x_wconf 84' lang='lat' dir='ltr'><strong>ueniam</strong></span> <span class='ocrx_word' id='word_1_412' title='bbox 1489 2999 1544 3056; x_wconf 90' lang='lat' dir='ltr'><strong>sibi</strong></span> <span class='ocrx_word' id='word_1_413' title='bbox 1554 3004 1799 3078; x_wconf 82' lang='lat' dir='ltr'><strong>uoscarequarit</strong></span> 
     </span>
     <span class='ocr_line' id='line_1_33' title="bbox 95 3084 1799 3170; baseline -0.001 -19"><span class='ocrx_word' id='word_1_414' title='bbox 95 3090 151 3151; x_wconf 79' lang='lat' dir='ltr'><strong>Oro</strong></span> <span class='ocrx_word' id='word_1_415' title='bbox 167 3092 260 3146; x_wconf 73' lang='lat' dir='ltr'><strong>ulrum</strong></span> <span class='ocrx_word' id='word_1_416' title='bbox 277 3089 382 3146; x_wconf 81' lang='lat' dir='ltr'><strong>blando</strong></span> <span class='ocrx_word' id='word_1_417' title='bbox 398 3095 491 3164; x_wconf 76' lang='lat' dir='ltr'><strong>rogat.</strong></span> <span class='ocrx_word' id='word_1_418' title='bbox 507 3088 675 3160; x_wconf 89' lang='lat' dir='ltr'><strong>etsuspirie</strong></span> <span class='ocrx_word' id='word_1_419' title='bbox 689 3087 787 3144; x_wconf 89' lang='lat' dir='ltr'><strong>dando</strong></span> <span class='ocrx_word' id='word_1_420' title='bbox 976 3084 1017 3141; x_wconf 80' lang='lat' dir='ltr'><strong>&#39;le</strong></span> <span class='ocrx_word' id='word_1_421' title='bbox 1032 3085 1115 3158; x_wconf 90' lang='lat' dir='ltr'><strong>petit,</strong></span> <span class='ocrx_word' id='word_1_422' title='bbox 1129 3087 1233 3144; x_wconf 80' lang='lat' dir='ltr'><strong>Antoni</strong></span> <span class='ocrx_word' id='word_1_423' title='bbox 1246 3085 1279 3162; x_wconf 78' lang='lat' dir='ltr'><strong>[s.</strong></span> <span class='ocrx_word' id='word_1_424' title='bbox 1288 3088 1373 3146; x_wconf 84' lang='lat' dir='ltr'><strong>Tunc</strong></span> <span class='ocrx_word' id='word_1_425' title='bbox 1383 3093 1454 3162; x_wconf 90' lang='lat' dir='ltr'><strong>petit</strong></span> <span class='ocrx_word' id='word_1_426' title='bbox 1462 3090 1652 3170; x_wconf 79' lang='lat' dir='ltr'><strong>Antonium1.</strong></span> <span class='ocrx_word' id='word_1_427' title='bbox 1663 3095 1799 3167; x_wconf 75' lang='lat' dir='ltr'><strong>paruulus</strong></span> 
     </span>
     <span class='ocr_line' id='line_1_34' title="bbox 96 3175 1771 3256; baseline 0 -18"><span class='ocrx_word' id='word_1_428' title='bbox 96 3179 138 3240; x_wconf 87' lang='lat' dir='ltr'><strong>ttt·</strong></span> <span class='ocrx_word' id='word_1_429' title='bbox 149 3186 232 3237; x_wconf 88' lang='lat' dir='ltr'><strong>stans</strong></span> <span class='ocrx_word' id='word_1_430' title='bbox 252 3180 324 3236; x_wconf 89' lang='lat' dir='ltr'><strong>urbe</strong></span> <span class='ocrx_word' id='word_1_431' title='bbox 339 3179 410 3235; x_wconf 85' lang='lat' dir='ltr'><strong>loris</strong></span> <span class='ocrx_word' id='word_1_432' title='bbox 425 3181 574 3249; x_wconf 85' lang='lat' dir='ltr'><strong>exspectat</strong></span> <span class='ocrx_word' id='word_1_433' title='bbox 589 3193 653 3235; x_wconf 85' lang='lat' dir='ltr'><strong>aem</strong></span> <span class='ocrx_word' id='word_1_434' title='bbox 671 3177 764 3233; x_wconf 89' lang='lat' dir='ltr'><strong>tribue</strong></span> <span class='ocrx_word' id='word_1_435' title='bbox 779 3175 860 3234; x_wconf 89' lang='lat' dir='ltr'><strong>horis</strong></span> <span class='ocrx_word' id='word_1_436' title='bbox 1607 3177 1771 3256; x_wconf 77' lang='lat' dir='ltr'><strong>[relligioni</strong></span> 
     </span>
     <span class='ocr_line' id='line_1_35' title="bbox 100 3259 1681 3344; baseline -0.001 -16"><span class='ocrx_word' id='word_1_437' title='bbox 100 3271 321 3344; x_wconf 73' lang='lat' dir='ltr'><strong>[designansque</strong></span> <span class='ocrx_word' id='word_1_438' title='bbox 336 3269 432 3326; x_wconf 90' lang='lat' dir='ltr'><strong>locum</strong></span> <span class='ocrx_word' id='word_1_439' title='bbox 451 3270 562 3341; x_wconf 89' lang='lat' dir='ltr'><strong>rumpit</strong></span> <span class='ocrx_word' id='word_1_440' title='bbox 576 3267 751 3325; x_wconf 88' lang='lat' dir='ltr'><strong>commercia</strong></span> <span class='ocrx_word' id='word_1_441' title='bbox 769 3282 885 3326; x_wconf 90' lang='lat' dir='ltr'><strong>vocum.</strong></span> <span class='ocrx_word' id='word_1_442' title='bbox 976 3259 1061 3321; x_wconf 82' lang='lat' dir='ltr'><strong>Orbis</strong></span> <span class='ocrx_word' id='word_1_443' title='bbox 1074 3263 1111 3320; x_wconf 88' lang='lat' dir='ltr'><strong>ab</strong></span> <span class='ocrx_word' id='word_1_444' title='bbox 1126 3264 1264 3322; x_wconf 84' lang='lat' dir='ltr'><strong>extremis</strong></span> <span class='ocrx_word' id='word_1_445' title='bbox 1278 3263 1392 3323; x_wconf 86' lang='lat' dir='ltr'><strong>vivebat</strong></span> <span class='ocrx_word' id='word_1_446' title='bbox 1405 3267 1441 3323; x_wconf 91' lang='lat' dir='ltr'><strong>ed</strong></span> <span class='ocrx_word' id='word_1_447' title='bbox 1456 3266 1560 3324; x_wconf 89' lang='lat' dir='ltr'><strong>ultime</strong></span> <span class='ocrx_word' id='word_1_448' title='bbox 1575 3284 1681 3342; x_wconf 79' lang='lat' dir='ltr'><strong>nemo,</strong></span> 
     </span>
    </p>

    <p class='ocr_par' dir='ltr' id='par_1_8' title="bbox 94 3352 1775 3522">
     <span class='ocr_line' id='line_1_36' title="bbox 94 3352 1775 3436; baseline 0.002 -16"><span class='ocrx_word' id='word_1_449' title='bbox 94 3362 164 3421; x_wconf 84' lang='lat' dir='ltr'><strong>luds</strong></span> <span class='ocrx_word' id='word_1_450' title='bbox 180 3364 258 3436; x_wconf 89' lang='lat' dir='ltr'><strong>rapit</strong></span> <span class='ocrx_word' id='word_1_451' title='bbox 270 3378 370 3436; x_wconf 77' lang='lat' dir='ltr'><strong>gaces,</strong></span> <span class='ocrx_word' id='word_1_452' title='bbox 388 3362 548 3436; x_wconf 73' lang='lat' dir='ltr'><strong>pigmenta,</strong></span> <span class='ocrx_word' id='word_1_453' title='bbox 565 3361 698 3425; x_wconf 86' lang='lat' dir='ltr'><strong>monilia,</strong></span> <span class='ocrx_word' id='word_1_454' title='bbox 715 3375 859 3433; x_wconf 77' lang='lat' dir='ltr'><strong>gemmas,</strong></span> <span class='ocrx_word' id='word_1_455' title='bbox 976 3352 1053 3420; x_wconf 73' lang='lat' dir='ltr'><strong>Qu‘d</strong></span> <span class='ocrx_word' id='word_1_456' title='bbox 1067 3359 1178 3423; x_wconf 61' lang='lat' dir='ltr'><strong>diffidi</strong></span> <span class='ocrx_word' id='word_1_457' title='bbox 1192 3354 1274 3424; x_wconf 64' lang='lat' dir='ltr'><strong>ditiis</strong></span> <span class='ocrx_word' id='word_1_458' title='bbox 1289 3358 1366 3430; x_wconf 75' lang='lat' dir='ltr'><strong>q⁰⁰d</strong></span> <span class='ocrx_word' id='word_1_459' title='bbox 1384 3357 1489 3433; x_wconf 64' lang='lat' dir='ltr'><strong>(tuterit</strong></span> <span class='ocrx_word' id='word_1_460' title='bbox 1501 3362 1660 3431; x_wconf 66' lang='lat' dir='ltr'><strong>potlmtdo</strong></span> <span class='ocrx_word' id='word_1_461' title='bbox 1676 3362 1775 3424; x_wconf 78' lang='lat' dir='ltr'><strong>discit</strong></span> 
     </span>
     <span class='ocr_line' id='line_1_37' title="bbox 95 3444 1722 3522; baseline 0.002 -13"><span class='ocrx_word' id='word_1_462' title='bbox 95 3450 212 3521; x_wconf 81' lang='lat' dir='ltr'><strong>Vestes,</strong></span> <span class='ocrx_word' id='word_1_463' title='bbox 228 3458 395 3522; x_wconf 79' lang='lat' dir='ltr'><strong>argentum,</strong></span> <span class='ocrx_word' id='word_1_464' title='bbox 410 3449 552 3521; x_wconf 81' lang='lat' dir='ltr'><strong>tripodas,</strong></span> <span class='ocrx_word' id='word_1_465' title='bbox 568 3458 694 3505; x_wconf 80' lang='lat' dir='ltr'><strong>crateres</strong></span> <span class='ocrx_word' id='word_1_466' title='bbox 708 3455 736 3506; x_wconf 91' lang='lat' dir='ltr'><strong>et</strong></span> <span class='ocrx_word' id='word_1_467' title='bbox 751 3464 868 3518; x_wconf 86' lang='lat' dir='ltr'><strong>aurum,</strong></span> <span class='ocrx_word' id='word_1_468' title='bbox 976 3446 1050 3501; x_wconf 87' lang='lat' dir='ltr'><strong>Nem</strong></span> <span class='ocrx_word' id='word_1_469' title='bbox 1062 3445 1148 3516; x_wconf 89' lang='lat' dir='ltr'><strong>jubet</strong></span> <span class='ocrx_word' id='word_1_470' title='bbox 1161 3444 1310 3503; x_wconf 82' lang='lat' dir='ltr'><strong>insomnes</strong></span> <span class='ocrx_word' id='word_1_471' title='bbox 1329 3448 1430 3504; x_wconf 84' lang='lat' dir='ltr'><strong>iratres</strong></span> <span class='ocrx_word' id='word_1_472' title='bbox 1446 3450 1591 3507; x_wconf 79' lang='lat' dir='ltr'><strong>antonius</strong></span> <span class='ocrx_word' id='word_1_473' title='bbox 1612 3467 1722 3512; x_wconf 83' lang='lat' dir='ltr'><strong>omnes</strong></span> 
     </span>
    </p>

    <p class='ocr_par' dir='ltr' id='par_1_9' title="bbox 93 3531 1661 3614">
     <span class='ocr_line' id='line_1_38' title="bbox 93 3531 1661 3614; baseline 0.001 -18"><span class='ocrx_word' id='word_1_474' title='bbox 93 3541 130 3601; x_wconf 79' lang='lat' dir='ltr'><strong>Et</strong></span> <span class='ocrx_word' id='word_1_475' title='bbox 142 3556 325 3614; x_wconf 78' lang='lat' dir='ltr'><strong>quecunque</strong></span> <span class='ocrx_word' id='word_1_476' title='bbox 336 3555 389 3594; x_wconf 90' lang='lat' dir='ltr'><strong>sna</strong></span> <span class='ocrx_word' id='word_1_477' title='bbox 402 3540 496 3595; x_wconf 84' lang='lat' dir='ltr'><strong>lucrat</strong></span> <span class='ocrx_word' id='word_1_478' title='bbox 510 3541 545 3593; x_wconf 87' lang='lat' dir='ltr'><strong>de</strong></span> <span class='ocrx_word' id='word_1_479' title='bbox 558 3555 645 3594; x_wconf 90' lang='lat' dir='ltr'><strong>carus</strong></span> <span class='ocrx_word' id='word_1_480' title='bbox 660 3538 779 3606; x_wconf 90' lang='lat' dir='ltr'><strong>lucrata,</strong></span> <span class='ocrx_word' id='word_1_481' title='bbox 976 3531 1065 3591; x_wconf 87' lang='lat' dir='ltr'><strong>Nocte</strong></span> <span class='ocrx_word' id='word_1_482' title='bbox 1079 3538 1216 3590; x_wconf 88' lang='lat' dir='ltr'><strong>secutura</strong></span> <span class='ocrx_word' id='word_1_483' title='bbox 1233 3535 1371 3610; x_wconf 73' lang='lat' dir='ltr'><strong>lacrymis</strong></span> <span class='ocrx_word' id='word_1_484' title='bbox 1385 3542 1413 3594; x_wconf 83' lang='lat' dir='ltr'><strong>et</strong></span> <span class='ocrx_word' id='word_1_485' title='bbox 1428 3538 1560 3611; x_wconf 90' lang='lat' dir='ltr'><strong>supplice</strong></span> <span class='ocrx_word' id='word_1_486' title='bbox 1575 3556 1661 3612; x_wconf 75' lang='lat' dir='ltr'><strong>cura,</strong></span> 
     </span>
    </p>

    <p class='ocr_par' dir='ltr' id='par_1_10' title="bbox 95 3620 1798 4148">
     <span class='ocr_line' id='line_1_39' title="bbox 95 3620 1691 3700; baseline 0.002 -16"><span class='ocrx_word' id='word_1_487' title='bbox 95 3628 128 3687; x_wconf 94' lang='lat' dir='ltr'><strong>ln</strong></span> <span class='ocrx_word' id='word_1_488' title='bbox 145 3629 334 3699; x_wconf 85' lang='lat' dir='ltr'><strong>modiumque</strong></span> <span class='ocrx_word' id='word_1_489' title='bbox 351 3630 444 3683; x_wconf 86' lang='lat' dir='ltr'><strong>lorum</strong></span> <span class='ocrx_word' id='word_1_490' title='bbox 457 3630 609 3683; x_wconf 85' lang='lat' dir='ltr'><strong>convectat</strong></span> <span class='ocrx_word' id='word_1_491' title='bbox 622 3643 692 3698; x_wconf 88' lang='lat' dir='ltr'><strong>opes</strong></span> <span class='ocrx_word' id='word_1_492' title='bbox 708 3627 858 3694; x_wconf 86' lang='lat' dir='ltr'><strong>vitiorum,</strong></span> <span class='ocrx_word' id='word_1_493' title='bbox 977 3620 1009 3678; x_wconf 79' lang='lat' dir='ltr'><strong>itt</strong></span> <span class='ocrx_word' id='word_1_494' title='bbox 1026 3622 1159 3694; x_wconf 83' lang='lat' dir='ltr'><strong>precibus</strong></span> <span class='ocrx_word' id='word_1_495' title='bbox 1170 3625 1284 3681; x_wconf 87' lang='lat' dir='ltr'><strong>sanctie</strong></span> <span class='ocrx_word' id='word_1_496' title='bbox 1299 3641 1385 3682; x_wconf 88' lang='lat' dir='ltr'><strong>aures</strong></span> <span class='ocrx_word' id='word_1_497' title='bbox 1401 3625 1518 3698; x_wconf 83' lang='lat' dir='ltr'><strong>pulsare</strong></span> <span class='ocrx_word' id='word_1_498' title='bbox 1530 3628 1691 3700; x_wconf 81' lang='lat' dir='ltr'><strong>Tonantis,</strong></span> 
     </span>
     <span class='ocr_line' id='line_1_40' title="bbox 98 3713 1727 3790; baseline 0.003 -20"><span class='ocrx_word' id='word_1_499' title='bbox 98 3718 382 3785; x_wconf 73' lang='lat' dir='ltr'><strong>Quadrinaentsrum</strong></span> <span class='ocrx_word' id='word_1_500' title='bbox 400 3734 474 3789; x_wconf 92' lang='lat' dir='ltr'><strong>quus</strong></span> <span class='ocrx_word' id='word_1_501' title='bbox 490 3717 619 3772; x_wconf 89' lang='lat' dir='ltr'><strong>constitit</strong></span> <span class='ocrx_word' id='word_1_502' title='bbox 630 3731 695 3772; x_wconf 79' lang='lat' dir='ltr'><strong>asae</strong></span> <span class='ocrx_word' id='word_1_503' title='bbox 707 3715 869 3780; x_wconf 82' lang='lat' dir='ltr'><strong>librarum:</strong></span> <span class='ocrx_word' id='word_1_504' title='bbox 978 3713 1032 3767; x_wconf 77' lang='lat' dir='ltr'><strong>Pru</strong></span> <span class='ocrx_word' id='word_1_505' title='bbox 1046 3729 1104 3784; x_wconf 81' lang='lat' dir='ltr'><strong>qus</strong></span> <span class='ocrx_word' id='word_1_506' title='bbox 1117 3713 1257 3770; x_wconf 80' lang='lat' dir='ltr'><strong>discenda</strong></span> <span class='ocrx_word' id='word_1_507' title='bbox 1270 3716 1421 3772; x_wconf 84' lang='lat' dir='ltr'><strong>descendit</strong></span> <span class='ocrx_word' id='word_1_508' title='bbox 1436 3717 1620 3790; x_wconf 78' lang='lat' dir='ltr'><strong>Paphnutius</strong></span> <span class='ocrx_word' id='word_1_509' title='bbox 1633 3721 1727 3789; x_wconf 80' lang='lat' dir='ltr'><strong>abba,</strong></span> 
     </span>
     <span class='ocr_line' id='line_1_41' title="bbox 99 3798 1745 3879; baseline 0.005 -20"><span class='ocrx_word' id='word_1_510' title='bbox 99 3803 317 3876; x_wconf 85' lang='lat' dir='ltr'><strong>suppositoque</strong></span> <span class='ocrx_word' id='word_1_511' title='bbox 333 3821 421 3876; x_wconf 82' lang='lat' dir='ltr'><strong>rogo:</strong></span> <span class='ocrx_word' id='word_1_512' title='bbox 439 3805 524 3858; x_wconf 79' lang='lat' dir='ltr'><strong>Prius</strong></span> <span class='ocrx_word' id='word_1_513' title='bbox 541 3804 609 3870; x_wconf 80' lang='lat' dir='ltr'><strong>hac,</strong></span> <span class='ocrx_word' id='word_1_514' title='bbox 626 3805 677 3871; x_wconf 83' lang='lat' dir='ltr'><strong>sit,</strong></span> <span class='ocrx_word' id='word_1_515' title='bbox 694 3805 762 3878; x_wconf 82' lang='lat' dir='ltr'><strong>igne</strong></span> <span class='ocrx_word' id='word_1_516' title='bbox 784 3807 922 3865; x_wconf 82' lang='lat' dir='ltr'><strong>cremabo</strong></span> <span class='ocrx_word' id='word_1_517' title='bbox 976 3798 1102 3858; x_wconf 85' lang='lat' dir='ltr'><strong>Cuilibet</strong></span> <span class='ocrx_word' id='word_1_518' title='bbox 1119 3806 1150 3857; x_wconf 93' lang='lat' dir='ltr'><strong>ut</strong></span> <span class='ocrx_word' id='word_1_519' title='bbox 1165 3801 1295 3859; x_wconf 86' lang='lat' dir='ltr'><strong>clausam</strong></span> <span class='ocrx_word' id='word_1_520' title='bbox 1312 3805 1451 3877; x_wconf 82' lang='lat' dir='ltr'><strong>dignetur</strong></span> <span class='ocrx_word' id='word_1_521' title='bbox 1465 3806 1592 3879; x_wconf 89' lang='lat' dir='ltr'><strong>paudere</strong></span> <span class='ocrx_word' id='word_1_522' title='bbox 1607 3823 1745 3867; x_wconf 84' lang='lat' dir='ltr'><strong>causam.</strong></span> 
     </span>
     <span class='ocr_line' id='line_1_42' title="bbox 96 3889 1798 3972; baseline 0.006 -24"><span class='ocrx_word' id='word_1_523' title='bbox 96 3896 188 3962; x_wconf 79' lang='lat' dir='ltr'><strong>Quam</strong></span> <span class='ocrx_word' id='word_1_524' title='bbox 208 3909 259 3965; x_wconf 91' lang='lat' dir='ltr'><strong>pro</strong></span> <span class='ocrx_word' id='word_1_525' title='bbox 274 3894 395 3949; x_wconf 86' lang='lat' dir='ltr'><strong>servatis</strong></span> <span class='ocrx_word' id='word_1_526' title='bbox 410 3892 539 3948; x_wconf 84' lang='lat' dir='ltr'><strong>heratbri</strong></span> <span class='ocrx_word' id='word_1_527' title='bbox 561 3909 673 3950; x_wconf 87' lang='lat' dir='ltr'><strong>cremer</strong></span> <span class='ocrx_word' id='word_1_528' title='bbox 687 3895 805 3966; x_wconf 78' lang='lat' dir='ltr'><strong>ignibus</strong></span> <span class='ocrx_word' id='word_1_529' title='bbox 817 3895 883 3955; x_wconf 88' lang='lat' dir='ltr'><strong>atri.</strong></span> <span class='ocrx_word' id='word_1_530' title='bbox 978 3889 1036 3946; x_wconf 78' lang='lat' dir='ltr'><strong>Neo</strong></span> <span class='ocrx_word' id='word_1_531' title='bbox 1051 3896 1146 3947; x_wconf 70' lang='lat' dir='ltr'><strong>mutan</strong></span> <span class='ocrx_word' id='word_1_532' title='bbox 1164 3891 1208 3947; x_wconf 84' lang='lat' dir='ltr'><strong>his</strong></span> <span class='ocrx_word' id='word_1_533' title='bbox 1223 3895 1315 3962; x_wconf 90' lang='lat' dir='ltr'><strong>aperit</strong></span> <span class='ocrx_word' id='word_1_534' title='bbox 1330 3895 1400 3965; x_wconf 90' lang='lat' dir='ltr'><strong>quid</strong></span> <span class='ocrx_word' id='word_1_535' title='bbox 1417 3895 1456 3951; x_wconf 90' lang='lat' dir='ltr'><strong>sit</strong></span> <span class='ocrx_word' id='word_1_536' title='bbox 1470 3897 1547 3970; x_wconf 87' lang='lat' dir='ltr'><strong>quod</strong></span> <span class='ocrx_word' id='word_1_537' title='bbox 1564 3893 1683 3956; x_wconf 77' lang='lat' dir='ltr'><strong>discere</strong></span> <span class='ocrx_word' id='word_1_538' title='bbox 1699 3899 1798 3972; x_wconf 84' lang='lat' dir='ltr'><strong>querit</strong></span> 
     </span>
     <span class='ocr_line' id='line_1_43' title="bbox 96 3978 1745 4061; baseline 0.005 -22"><span class='ocrx_word' id='word_1_539' title='bbox 96 3984 132 4044; x_wconf 81' lang='lat' dir='ltr'><strong>iit</strong></span> <span class='ocrx_word' id='word_1_540' title='bbox 147 3983 228 4056; x_wconf 90' lang='lat' dir='ltr'><strong>prins</strong></span> <span class='ocrx_word' id='word_1_541' title='bbox 244 3984 364 4040; x_wconf 90' lang='lat' dir='ltr'><strong>omnino</strong></span> <span class='ocrx_word' id='word_1_542' title='bbox 376 3982 441 4039; x_wconf 91' lang='lat' dir='ltr'><strong>lecti</strong></span> <span class='ocrx_word' id='word_1_543' title='bbox 455 3988 589 4038; x_wconf 83' lang='lat' dir='ltr'><strong>consorte</strong></span> <span class='ocrx_word' id='word_1_544' title='bbox 605 3985 709 4040; x_wconf 84' lang='lat' dir='ltr'><strong>carebo</strong></span> <span class='ocrx_word' id='word_1_545' title='bbox 975 3978 1059 4038; x_wconf 79' lang='lat' dir='ltr'><strong>Tunc</strong></span> <span class='ocrx_word' id='word_1_546' title='bbox 1074 3979 1197 4057; x_wconf 87' lang='lat' dir='ltr'><strong>reliquis</strong></span> <span class='ocrx_word' id='word_1_547' title='bbox 1213 3983 1307 4052; x_wconf 91' lang='lat' dir='ltr'><strong>potior</strong></span> <span class='ocrx_word' id='word_1_548' title='bbox 1324 3984 1433 4040; x_wconf 84' lang='lat' dir='ltr'><strong>Paulus</strong></span> <span class='ocrx_word' id='word_1_549' title='bbox 1450 3987 1627 4055; x_wconf 74' lang='lat' dir='ltr'><strong>cognomine</strong></span> <span class='ocrx_word' id='word_1_550' title='bbox 1642 3990 1745 4061; x_wconf 71' lang='lat' dir='ltr'><strong>major</strong></span> 
     </span>
     <span class='ocr_line' id='line_1_44' title="bbox 97 4067 1708 4148; baseline 0.002 -19"><span class='ocrx_word' id='word_1_551' title='bbox 97 4076 190 4141; x_wconf 85' lang='lat' dir='ltr'><strong>Quam</strong></span> <span class='ocrx_word' id='word_1_552' title='bbox 208 4089 259 4145; x_wconf 89' lang='lat' dir='ltr'><strong>pro</strong></span> <span class='ocrx_word' id='word_1_553' title='bbox 274 4071 442 4128; x_wconf 88' lang='lat' dir='ltr'><strong>commissis</strong></span> <span class='ocrx_word' id='word_1_554' title='bbox 458 4071 585 4127; x_wconf 85' lang='lat' dir='ltr'><strong>barathri</strong></span> <span class='ocrx_word' id='word_1_555' title='bbox 601 4073 756 4143; x_wconf 77' lang='lat' dir='ltr'><strong>demergar</strong></span> <span class='ocrx_word' id='word_1_556' title='bbox 769 4072 895 4148; x_wconf 76' lang='lat' dir='ltr'><strong>abyssis.</strong></span> <span class='ocrx_word' id='word_1_557' title='bbox 976 4067 1082 4126; x_wconf 79' lang='lat' dir='ltr'><strong>hlautis</strong></span> <span class='ocrx_word' id='word_1_558' title='bbox 1097 4069 1128 4126; x_wconf 90' lang='lat' dir='ltr'><strong>in</strong></span> <span class='ocrx_word' id='word_1_559' title='bbox 1143 4087 1277 4140; x_wconf 84' lang='lat' dir='ltr'><strong>excessu,</strong></span> <span class='ocrx_word' id='word_1_560' title='bbox 1293 4072 1349 4129; x_wconf 82' lang='lat' dir='ltr'><strong>lixo</strong></span> <span class='ocrx_word' id='word_1_561' title='bbox 1364 4089 1454 4145; x_wconf 84' lang='lat' dir='ltr'><strong>snper</strong></span> <span class='ocrx_word' id='word_1_562' title='bbox 1465 4074 1573 4130; x_wconf 82' lang='lat' dir='ltr'><strong>retbere</strong></span> <span class='ocrx_word' id='word_1_563' title='bbox 1587 4090 1708 4146; x_wconf 79' lang='lat' dir='ltr'><strong>gressu,</strong></span> 
     </span>
    </p>

    <p class='ocr_par' dir='ltr' id='par_1_11' title="bbox 97 4156 1666 4234">
     <span class='ocr_line' id='line_1_45' title="bbox 97 4156 1666 4234; baseline 0.002 -14"><span class='ocrx_word' id='word_1_564' title='bbox 97 4161 120 4220; x_wconf 88' lang='lat'><strong>0</strong></span> <span class='ocrx_word' id='word_1_565' title='bbox 135 4162 234 4219; x_wconf 88' lang='lat' dir='ltr'><strong>miseri</strong></span> <span class='ocrx_word' id='word_1_566' title='bbox 251 4160 345 4217; x_wconf 86' lang='lat' dir='ltr'><strong>civesl</strong></span> <span class='ocrx_word' id='word_1_567' title='bbox 362 4161 398 4216; x_wconf 89' lang='lat' dir='ltr'><strong>ds</strong></span> <span class='ocrx_word' id='word_1_568' title='bbox 412 4176 537 4232; x_wconf 86' lang='lat' dir='ltr'><strong>quorum</strong></span> <span class='ocrx_word' id='word_1_569' title='bbox 553 4176 619 4215; x_wconf 88' lang='lat' dir='ltr'><strong>sum</strong></span> <span class='ocrx_word' id='word_1_570' title='bbox 637 4159 712 4216; x_wconf 88' lang='lat' dir='ltr'><strong>mele</strong></span> <span class='ocrx_word' id='word_1_571' title='bbox 727 4161 818 4225; x_wconf 81' lang='lat' dir='ltr'><strong>dives.</strong></span> <span class='ocrx_word' id='word_1_572' title='bbox 975 4156 1107 4216; x_wconf 73' lang='lat' dir='ltr'><strong>(dammis</strong></span> <span class='ocrx_word' id='word_1_573' title='bbox 1121 4166 1256 4216; x_wconf 89' lang='lat' dir='ltr'><strong>ornatum</strong></span> <span class='ocrx_word' id='word_1_574' title='bbox 1271 4164 1363 4219; x_wconf 91' lang='lat' dir='ltr'><strong>cernit</strong></span> <span class='ocrx_word' id='word_1_575' title='bbox 1379 4162 1492 4220; x_wconf 85' lang='lat' dir='ltr'><strong>radiare</strong></span> <span class='ocrx_word' id='word_1_576' title='bbox 1503 4165 1666 4234; x_wconf 79' lang='lat' dir='ltr'><strong>probatum</strong></span> 
     </span>
    </p>

    <p class='ocr_par' dir='ltr' id='par_1_12' title="bbox 94 4247 1762 4505">
     <span class='ocr_line' id='line_1_46' title="bbox 97 4247 1762 4328; baseline 0.004 -19"><span class='ocrx_word' id='word_1_577' title='bbox 97 4252 150 4322; x_wconf 79' lang='lat' dir='ltr'><strong>oui</strong></span> <span class='ocrx_word' id='word_1_578' title='bbox 167 4249 263 4309; x_wconf 78' lang='lat' dir='ltr'><strong>scelus</strong></span> <span class='ocrx_word' id='word_1_579' title='bbox 277 4249 397 4320; x_wconf 88' lang='lat' dir='ltr'><strong>emistis,</strong></span> <span class='ocrx_word' id='word_1_580' title='bbox 412 4258 518 4306; x_wconf 86' lang='lat' dir='ltr'><strong>etcum</strong></span> <span class='ocrx_word' id='word_1_581' title='bbox 537 4250 670 4306; x_wconf 87' lang='lat' dir='ltr'><strong>mercede</strong></span> <span class='ocrx_word' id='word_1_582' title='bbox 685 4247 709 4287; x_wconf 84' lang='lat'><strong>¹⁷</strong></span> <span class='ocrx_word' id='word_1_583' title='bbox 720 4248 845 4321; x_wconf 62' lang='lat' dir='ltr'><strong>petistis⁶</strong></span> <span class='ocrx_word' id='word_1_584' title='bbox 975 4247 1085 4305; x_wconf 85' lang='lat' dir='ltr'><strong>Murice</strong></span> <span class='ocrx_word' id='word_1_585' title='bbox 1099 4255 1293 4319; x_wconf 83' lang='lat' dir='ltr'><strong>constratum,</strong></span> <span class='ocrx_word' id='word_1_586' title='bbox 1307 4251 1430 4326; x_wconf 86' lang='lat' dir='ltr'><strong>visuque</strong></span> <span class='ocrx_word' id='word_1_587' title='bbox 1446 4268 1496 4325; x_wconf 87' lang='lat' dir='ltr'><strong>per</strong></span> <span class='ocrx_word' id='word_1_588' title='bbox 1509 4253 1612 4311; x_wconf 88' lang='lat' dir='ltr'><strong>omnia</strong></span> <span class='ocrx_word' id='word_1_589' title='bbox 1627 4260 1762 4328; x_wconf 79' lang='lat' dir='ltr'><strong>grttttrtn¹</strong></span> 
     </span>
     <span class='ocr_line' id='line_1_47' title="bbox 94 4336 1705 4415; baseline 0.002 -17"><span class='ocrx_word' id='word_1_590' title='bbox 94 4341 248 4402; x_wconf 71' lang='lat' dir='ltr'><strong>preterita</strong></span> <span class='ocrx_word' id='word_1_591' title='bbox 262 4342 328 4398; x_wconf 76' lang='lat' dir='ltr'><strong>vitei</strong></span> <span class='ocrx_word' id='word_1_592' title='bbox 344 4342 470 4396; x_wconf 81' lang='lat' dir='ltr'><strong>tructam</strong></span> <span class='ocrx_word' id='word_1_593' title='bbox 487 4346 620 4410; x_wconf 88' lang='lat' dir='ltr'><strong>spectare</strong></span> <span class='ocrx_word' id='word_1_594' title='bbox 634 4338 740 4396; x_wconf 86' lang='lat' dir='ltr'><strong>venite.</strong></span> <span class='ocrx_word' id='word_1_595' title='bbox 975 4336 1056 4403; x_wconf 85' lang='lat' dir='ltr'><strong>Quod</strong></span> <span class='ocrx_word' id='word_1_596' title='bbox 1072 4347 1211 4414; x_wconf 89' lang='lat' dir='ltr'><strong>tanquam</strong></span> <span class='ocrx_word' id='word_1_597' title='bbox 1228 4341 1319 4397; x_wconf 76' lang='lat' dir='ltr'><strong>stellet</strong></span> <span class='ocrx_word' id='word_1_598' title='bbox 1335 4347 1395 4397; x_wconf 88' lang='lat' dir='ltr'><strong>tres</strong></span> <span class='ocrx_word' id='word_1_599' title='bbox 1409 4358 1559 4398; x_wconf 87' lang='lat' dir='ltr'><strong>servavere</strong></span> <span class='ocrx_word' id='word_1_600' title='bbox 1573 4345 1705 4415; x_wconf 69' lang='lat' dir='ltr'><strong>puellae:</strong></span> 
     </span>
     <span class='ocr_line' id='line_1_48' title="bbox 96 4400 1602 4505; baseline -0.001 -16"><span class='ocrx_word' id='word_1_601' title='bbox 96 4434 207 4505; x_wconf 85' lang='lat' dir='ltr'><strong>Pompa</strong></span> <span class='ocrx_word' id='word_1_602' title='bbox 221 4429 413 4501; x_wconf 84' lang='lat' dir='ltr'><strong>superborum</strong></span> <span class='ocrx_word' id='word_1_603' title='bbox 431 4428 504 4485; x_wconf 85' lang='lat' dir='ltr'><strong>redit</strong></span> <span class='ocrx_word' id='word_1_604' title='bbox 519 4427 586 4494; x_wconf 87' lang='lat' dir='ltr'><strong>buc,</strong></span> <span class='ocrx_word' id='word_1_605' title='bbox 603 4436 631 4484; x_wconf 90' lang='lat' dir='ltr'><strong>et</strong></span> <span class='ocrx_word' id='word_1_606' title='bbox 657 4429 740 4485; x_wconf 88' lang='lat' dir='ltr'><strong>lucre</strong></span> <span class='ocrx_word' id='word_1_607' title='bbox 754 4426 920 4501; x_wconf 69' lang='lat' dir='ltr'><strong>malorump</strong></span> <span class='ocrx_word' id='word_1_608' title='bbox 936 4400 959 4470; x_wconf 67' lang='grc' dir='ltr'>ὓ</span> <span class='ocrx_word' id='word_1_609' title='bbox 975 4426 1124 4492; x_wconf 79' lang='lat' dir='ltr'><strong>Quacum</strong></span> <span class='ocrx_word' id='word_1_610' title='bbox 1142 4430 1333 4487; x_wconf 89' lang='lat' dir='ltr'><strong>miretursoti</strong></span> <span class='ocrx_word' id='word_1_611' title='bbox 1350 4429 1404 4488; x_wconf 88' lang='lat' dir='ltr'><strong>tibi</strong></span> <span class='ocrx_word' id='word_1_612' title='bbox 1417 4430 1486 4487; x_wconf 84' lang='lat' dir='ltr'><strong>talia</strong></span> <span class='ocrx_word' id='word_1_613' title='bbox 1501 4431 1602 4488; x_wconf 88' lang='lat' dir='ltr'><strong>latur:</strong></span> 
     </span>
    </p>

    <p class='ocr_par' dir='ltr' id='par_1_13' title="bbox 93 4517 1751 4772">
     <span class='ocr_line' id='line_1_49' title="bbox 95 4517 1737 4597; baseline 0.003 -20"><span class='ocrx_word' id='word_1_614' title='bbox 95 4521 176 4592; x_wconf 79' lang='lat' dir='ltr'><strong>Ignis</strong></span> <span class='ocrx_word' id='word_1_615' title='bbox 188 4523 339 4577; x_wconf 84' lang='lat' dir='ltr'><strong>consumet</strong></span> <span class='ocrx_word' id='word_1_616' title='bbox 350 4519 491 4591; x_wconf 87' lang='lat' dir='ltr'><strong>quidquid</strong></span> <span class='ocrx_word' id='word_1_617' title='bbox 508 4517 658 4591; x_wconf 90' lang='lat' dir='ltr'><strong>corruptio</strong></span> <span class='ocrx_word' id='word_1_618' title='bbox 674 4517 796 4591; x_wconf 72' lang='lat' dir='ltr'><strong>gignete</strong></span> <span class='ocrx_word' id='word_1_619' title='bbox 974 4521 1067 4588; x_wconf 79' lang='lat' dir='ltr'><strong>Hanc,</strong></span> <span class='ocrx_word' id='word_1_620' title='bbox 1084 4518 1168 4575; x_wconf 86' lang='lat' dir='ltr'><strong>Pater</strong></span> <span class='ocrx_word' id='word_1_621' title='bbox 1182 4522 1432 4593; x_wconf 69' lang='lat' dir='ltr'><strong>Antontraquiem</strong></span> <span class='ocrx_word' id='word_1_622' title='bbox 1444 4521 1498 4578; x_wconf 91' lang='lat' dir='ltr'><strong>tibi</strong></span> <span class='ocrx_word' id='word_1_623' title='bbox 1512 4523 1600 4579; x_wconf 87' lang='lat' dir='ltr'><strong>credo</strong></span> <span class='ocrx_word' id='word_1_624' title='bbox 1617 4528 1737 4597; x_wconf 89' lang='lat' dir='ltr'><strong>reponi.</strong></span> 
     </span>
     <span class='ocr_line' id='line_1_50' title="bbox 97 4605 1751 4694; baseline 0.005 -28"><span class='ocrx_word' id='word_1_625' title='bbox 97 4609 238 4666; x_wconf 89' lang='lat' dir='ltr'><strong>Pmniteet</strong></span> <span class='ocrx_word' id='word_1_626' title='bbox 255 4624 370 4664; x_wconf 84' lang='lat' dir='ltr'><strong>mecum</strong></span> <span class='ocrx_word' id='word_1_627' title='bbox 386 4623 448 4675; x_wconf 84' lang='lat' dir='ltr'><strong>uos,</strong></span> <span class='ocrx_word' id='word_1_628' title='bbox 460 4623 533 4681; x_wconf 89' lang='lat' dir='ltr'><strong>quoa</strong></span> <span class='ocrx_word' id='word_1_629' title='bbox 544 4606 920 4681; x_wconf 74' lang='lat' dir='ltr'><strong>eccluainquinataquunt,</strong></span> <span class='ocrx_word' id='word_1_630' title='bbox 974 4605 1098 4666; x_wconf 79' lang='lat' dir='ltr'><strong>Reddita</strong></span> <span class='ocrx_word' id='word_1_631' title='bbox 1111 4625 1174 4671; x_wconf 85' lang='lat' dir='ltr'><strong>vox,</strong></span> <span class='ocrx_word' id='word_1_632' title='bbox 1192 4611 1298 4684; x_wconf 84' lang='lat' dir='ltr'><strong>inquit,</strong></span> <span class='ocrx_word' id='word_1_633' title='bbox 1314 4628 1379 4685; x_wconf 79' lang='lat' dir='ltr'><strong>quea</strong></span> <span class='ocrx_word' id='word_1_634' title='bbox 1395 4612 1433 4667; x_wconf 93' lang='lat' dir='ltr'><strong>nil</strong></span> <span class='ocrx_word' id='word_1_635' title='bbox 1454 4611 1618 4669; x_wconf 86' lang='lat' dir='ltr'><strong>dubitabile</strong></span> <span class='ocrx_word' id='word_1_636' title='bbox 1634 4614 1751 4694; x_wconf 86' lang='lat' dir='ltr'><strong>inquit,</strong></span> 
     </span>
     <span class='ocr_line' id='line_1_51' title="bbox 93 4695 1662 4772; baseline 0.002 -16"><span class='ocrx_word' id='word_1_637' title='bbox 93 4698 254 4769; x_wconf 84' lang='lat' dir='ltr'><strong>Participss</strong></span> <span class='ocrx_word' id='word_1_638' title='bbox 270 4697 361 4767; x_wconf 82' lang='lat' dir='ltr'><strong>culpa</strong></span> <span class='ocrx_word' id='word_1_639' title='bbox 378 4697 550 4752; x_wconf 89' lang='lat' dir='ltr'><strong>meritorum</strong></span> <span class='ocrx_word' id='word_1_640' title='bbox 567 4696 748 4768; x_wconf 87' lang='lat' dir='ltr'><strong>participate.</strong></span> <span class='ocrx_word' id='word_1_641' title='bbox 973 4695 1035 4755; x_wconf 91' lang='lat' dir='ltr'><strong>Non</strong></span> <span class='ocrx_word' id='word_1_642' title='bbox 1051 4699 1137 4768; x_wconf 90' lang='lat' dir='ltr'><strong>cujus</strong></span> <span class='ocrx_word' id='word_1_643' title='bbox 1149 4698 1306 4772; x_wconf 67' lang='lat' dir='ltr'><strong>dioie,[aed</strong></span> <span class='ocrx_word' id='word_1_644' title='bbox 1323 4700 1468 4756; x_wconf 74' lang='lat' dir='ltr'><strong>thaisidis</strong></span> <span class='ocrx_word' id='word_1_645' title='bbox 1479 4702 1662 4761; x_wconf 84' lang='lat' dir='ltr'><strong>meretricis.</strong></span> 
     </span>
    </p>

    <p class='ocr_par' dir='ltr' id='par_1_14' title="bbox 94 4784 1804 4948">
     <span class='ocr_line' id='line_1_52' title="bbox 96 4784 1804 4863; baseline 0.004 -18"><span class='ocrx_word' id='word_1_646' title='bbox 96 4785 182 4845; x_wconf 81' lang='lat' dir='ltr'><strong>Flens</strong></span> <span class='ocrx_word' id='word_1_647' title='bbox 201 4787 289 4841; x_wconf 78' lang='lat' dir='ltr'><strong>dabat</strong></span> <span class='ocrx_word' id='word_1_648' title='bbox 303 4787 355 4841; x_wconf 89' lang='lat' dir='ltr'><strong>has</strong></span> <span class='ocrx_word' id='word_1_649' title='bbox 371 4801 466 4851; x_wconf 87' lang='lat' dir='ltr'><strong>voces,</strong></span> <span class='ocrx_word' id='word_1_650' title='bbox 482 4795 509 4840; x_wconf 91' lang='lat' dir='ltr'><strong>et</strong></span> <span class='ocrx_word' id='word_1_651' title='bbox 524 4784 593 4842; x_wconf 86' lang='lat' dir='ltr'><strong>llere</strong></span> <span class='ocrx_word' id='word_1_652' title='bbox 608 4789 741 4859; x_wconf 77' lang='lat' dir='ltr'><strong>coegerat</strong></span> <span class='ocrx_word' id='word_1_653' title='bbox 755 4801 869 4854; x_wconf 81' lang='lat' dir='ltr'><strong>omnes,</strong></span> <span class='ocrx_word' id='word_1_654' title='bbox 974 4786 1078 4844; x_wconf 69' lang='lat' dir='ltr'><strong>thu</strong></span> <span class='ocrx_word' id='word_1_655' title='bbox 1094 4787 1145 4844; x_wconf 84' lang='lat' dir='ltr'><strong>llis</strong></span> <span class='ocrx_word' id='word_1_656' title='bbox 1160 4788 1197 4842; x_wconf 83' lang='lat' dir='ltr'><strong>lta</strong></span> <span class='ocrx_word' id='word_1_657' title='bbox 1210 4791 1366 4860; x_wconf 90' lang='lat' dir='ltr'><strong>compertis</strong></span> <span class='ocrx_word' id='word_1_658' title='bbox 1376 4805 1495 4859; x_wconf 77' lang='lat' dir='ltr'><strong>pressus</strong></span> <span class='ocrx_word' id='word_1_659' title='bbox 1505 4791 1539 4846; x_wconf 86' lang='lat' dir='ltr'><strong>ad</strong></span> <span class='ocrx_word' id='word_1_660' title='bbox 1549 4790 1804 4863; x_wconf 77' lang='lat' dir='ltr'><strong>Theisidavertie,</strong></span> 
     </span>
     <span class='ocr_line' id='line_1_53' title="bbox 94 4873 1672 4948; baseline 0.004 -16"><span class='ocrx_word' id='word_1_661' title='bbox 94 4876 165 4932; x_wconf 85' lang='lat' dir='ltr'><strong>Cum</strong></span> <span class='ocrx_word' id='word_1_662' title='bbox 183 4875 305 4929; x_wconf 90' lang='lat' dir='ltr'><strong>videtin</strong></span> <span class='ocrx_word' id='word_1_663' title='bbox 323 4874 450 4946; x_wconf 87' lang='lat' dir='ltr'><strong>tepidam</strong></span> <span class='ocrx_word' id='word_1_664' title='bbox 467 4873 555 4930; x_wconf 84' lang='lat' dir='ltr'><strong>situel</strong></span> <span class='ocrx_word' id='word_1_665' title='bbox 570 4875 669 4930; x_wconf 90' lang='lat' dir='ltr'><strong>omnia</strong></span> <span class='ocrx_word' id='word_1_666' title='bbox 686 4877 768 4947; x_wconf 88' lang='lat' dir='ltr'><strong>lapsa</strong></span> <span class='ocrx_word' id='word_1_667' title='bbox 789 4875 917 4935; x_wconf 75' lang='lat' dir='ltr'><strong>favillam</strong></span> <span class='ocrx_word' id='word_1_668' title='bbox 973 4876 1086 4946; x_wconf 84' lang='lat' dir='ltr'><strong>optime</strong></span> <span class='ocrx_word' id='word_1_669' title='bbox 1101 4874 1258 4948; x_wconf 86' lang='lat' dir='ltr'><strong>Pephnuti‚</strong></span> <span class='ocrx_word' id='word_1_670' title='bbox 1275 4894 1341 4934; x_wconf 86' lang='lat' dir='ltr'><strong>mox</strong></span> <span class='ocrx_word' id='word_1_671' title='bbox 1357 4879 1447 4934; x_wconf 89' lang='lat' dir='ltr'><strong>tracto</strong></span> <span class='ocrx_word' id='word_1_672' title='bbox 1463 4894 1582 4935; x_wconf 88' lang='lat' dir='ltr'><strong>carcere</strong></span> <span class='ocrx_word' id='word_1_673' title='bbox 1596 4879 1672 4939; x_wconf 89' lang='lat' dir='ltr'><strong>duel</strong></span> 
     </span>
    </p>

    <p class='ocr_par' dir='ltr' id='par_1_15' title="bbox 93 4962 1701 5045">
     <span class='ocr_line' id='line_1_54' title="bbox 93 4962 1701 5045; baseline 0.004 -23"><span class='ocrx_word' id='word_1_674' title='bbox 93 4962 195 5022; x_wconf 82' lang='lat' dir='ltr'><strong>Evolat</strong></span> <span class='ocrx_word' id='word_1_675' title='bbox 209 4962 321 5035; x_wconf 88' lang='lat' dir='ltr'><strong>absque</strong></span> <span class='ocrx_word' id='word_1_676' title='bbox 336 4978 419 5019; x_wconf 90' lang='lat' dir='ltr'><strong>mora</strong></span> <span class='ocrx_word' id='word_1_677' title='bbox 435 4968 582 5020; x_wconf 82' lang='lat' dir='ltr'><strong>detestans</strong></span> <span class='ocrx_word' id='word_1_678' title='bbox 599 4964 674 5019; x_wconf 85' lang='lat' dir='ltr'><strong>lacta</strong></span> <span class='ocrx_word' id='word_1_679' title='bbox 690 4965 798 5035; x_wconf 84' lang='lat' dir='ltr'><strong>priora,</strong></span> <span class='ocrx_word' id='word_1_680' title='bbox 973 4966 1109 5040; x_wconf 77' lang='lat' dir='ltr'><strong>Pracipis</strong></span> <span class='ocrx_word' id='word_1_681' title='bbox 1123 4966 1270 5023; x_wconf 84' lang='lat' dir='ltr'><strong>inclusam</strong></span> <span class='ocrx_word' id='word_1_682' title='bbox 1286 4968 1372 5040; x_wconf 78' lang='lat' dir='ltr'><strong>longo</strong></span> <span class='ocrx_word' id='word_1_683' title='bbox 1389 4969 1569 5025; x_wconf 85' lang='lat' dir='ltr'><strong>cruciamine</strong></span> <span class='ocrx_word' id='word_1_684' title='bbox 1580 4973 1701 5045; x_wconf 78' lang='lat' dir='ltr'><strong>lusam,</strong></span> 
     </span>
    </p>

    <p class='ocr_par' dir='ltr' id='par_1_16' title="bbox 94 5053 1746 5220">
     <span class='ocr_line' id='line_1_55' title="bbox 94 5053 1746 5134; baseline 0.004 -22"><span class='ocrx_word' id='word_1_685' title='bbox 94 5053 130 5112; x_wconf 81' lang='lat' dir='ltr'><strong>m</strong></span> <span class='ocrx_word' id='word_1_686' title='bbox 144 5053 277 5126; x_wconf 89' lang='lat' dir='ltr'><strong>sequitur</strong></span> <span class='ocrx_word' id='word_1_687' title='bbox 292 5059 425 5109; x_wconf 81' lang='lat' dir='ltr'><strong>sanctum</strong></span> <span class='ocrx_word' id='word_1_688' title='bbox 441 5055 563 5127; x_wconf 91' lang='lat' dir='ltr'><strong>cupiens</strong></span> <span class='ocrx_word' id='word_1_689' title='bbox 579 5054 706 5111; x_wconf 74' lang='lat' dir='ltr'><strong>caelestia</strong></span> <span class='ocrx_word' id='word_1_690' title='bbox 722 5060 847 5114; x_wconf 79' lang='lat' dir='ltr'><strong>tuntum·</strong></span> <span class='ocrx_word' id='word_1_691' title='bbox 971 5059 1066 5131; x_wconf 76' lang='lat' dir='ltr'><strong>Atque</strong></span> <span class='ocrx_word' id='word_1_692' title='bbox 1076 5057 1260 5124; x_wconf 89' lang='lat' dir='ltr'><strong>renitentem,</strong></span> <span class='ocrx_word' id='word_1_693' title='bbox 1276 5057 1461 5134; x_wconf 85' lang='lat' dir='ltr'><strong>latebrasque</strong></span> <span class='ocrx_word' id='word_1_694' title='bbox 1476 5057 1572 5115; x_wconf 81' lang='lat' dir='ltr'><strong>tovers</strong></span> <span class='ocrx_word' id='word_1_695' title='bbox 1590 5060 1746 5125; x_wconf 79' lang='lat' dir='ltr'><strong>volentem</strong></span> 
     </span>
     <span class='ocr_line' id='line_1_56' title="bbox 94 5139 1635 5220; baseline 0.004 -21"><span class='ocrx_word' id='word_1_696' title='bbox 94 5139 146 5199; x_wconf 90' lang='lat' dir='ltr'><strong>llle</strong></span> <span class='ocrx_word' id='word_1_697' title='bbox 160 5141 323 5214; x_wconf 79' lang='lat' dir='ltr'><strong>puellarum</strong></span> <span class='ocrx_word' id='word_1_698' title='bbox 333 5141 453 5200; x_wconf 89' lang='lat' dir='ltr'><strong>veniens</strong></span> <span class='ocrx_word' id='word_1_699' title='bbox 471 5145 507 5200; x_wconf 89' lang='lat' dir='ltr'><strong>ed</strong></span> <span class='ocrx_word' id='word_1_700' title='bbox 522 5149 604 5216; x_wconf 86' lang='lat' dir='ltr'><strong>septa</strong></span> <span class='ocrx_word' id='word_1_701' title='bbox 618 5160 782 5211; x_wconf 85' lang='lat' dir='ltr'><strong>sacrarum,</strong></span> <span class='ocrx_word' id='word_1_702' title='bbox 971 5146 1139 5206; x_wconf 81' lang='lat' dir='ltr'><strong>consolaris</strong></span> <span class='ocrx_word' id='word_1_703' title='bbox 1153 5147 1215 5205; x_wconf 88' lang='lat' dir='ltr'><strong>ita:</strong></span> <span class='ocrx_word' id='word_1_704' title='bbox 1231 5147 1275 5204; x_wconf 84' lang='lat' dir='ltr'><strong>Sit</strong></span> <span class='ocrx_word' id='word_1_705' title='bbox 1288 5164 1342 5220; x_wconf 82' lang='lat' dir='ltr'><strong>pan</strong></span> <span class='ocrx_word' id='word_1_706' title='bbox 1358 5148 1421 5216; x_wconf 83' lang='lat' dir='ltr'><strong>titt,</strong></span> <span class='ocrx_word' id='word_1_707' title='bbox 1437 5148 1477 5203; x_wconf 88' lang='lat' dir='ltr'><strong>sit</strong></span> <span class='ocrx_word' id='word_1_708' title='bbox 1490 5145 1543 5203; x_wconf 88' lang='lat' dir='ltr'><strong>tibi</strong></span> <span class='ocrx_word' id='word_1_709' title='bbox 1560 5150 1635 5218; x_wconf 80' lang='lat' dir='ltr'><strong>sits,</strong></span> 
     </span>
    </p>

    <p class='ocr_par' dir='ltr' id='par_1_17' title="bbox 89 5231 1628 5311">
     <span class='ocr_line' id='line_1_57' title="bbox 89 5231 1628 5311; baseline 0.003 -19"><span class='ocrx_word' id='word_1_710' title='bbox 89 5231 212 5308; x_wconf 74' lang='lat' dir='ltr'><strong>Retligio</strong></span> <span class='ocrx_word' id='word_1_711' title='bbox 226 5248 353 5307; x_wconf 85' lang='lat' dir='ltr'><strong>quarum</strong></span> <span class='ocrx_word' id='word_1_712' title='bbox 368 5235 566 5308; x_wconf 79' lang='lat' dir='ltr'><strong>contemptrix</strong></span> <span class='ocrx_word' id='word_1_713' title='bbox 580 5233 754 5292; x_wconf 88' lang='lat' dir='ltr'><strong>deliciarum</strong></span> <span class='ocrx_word' id='word_1_714' title='bbox 971 5235 1035 5297; x_wconf 79' lang='lat' dir='ltr'><strong>lion</strong></span> <span class='ocrx_word' id='word_1_715' title='bbox 1051 5235 1130 5294; x_wconf 89' lang='lat' dir='ltr'><strong>ultra</strong></span> <span class='ocrx_word' id='word_1_716' title='bbox 1143 5235 1251 5309; x_wconf 83' lang='lat' dir='ltr'><strong>pluras,</strong></span> <span class='ocrx_word' id='word_1_717' title='bbox 1266 5236 1354 5296; x_wconf 89' lang='lat' dir='ltr'><strong>linisti</strong></span> <span class='ocrx_word' id='word_1_718' title='bbox 1368 5251 1496 5311; x_wconf 68' lang='lat' dir='ltr'><strong>namatus</strong></span> <span class='ocrx_word' id='word_1_719' title='bbox 1509 5235 1628 5297; x_wconf 83' lang='lat' dir='ltr'><strong>laboras</strong></span> 
     </span>
    </p>
   </div>
   <div class='ocr_carea' id='block_1_4' title="bbox 126 5512 1058 5599">
    <p class='ocr_par' dir='ltr' id='par_1_18' title="bbox 126 5512 1058 5599">
     <span class='ocr_line' id='line_1_58' title="bbox 126 5512 1058 5599; baseline 0.004 -23"><span class='ocrx_word' id='word_1_720' title='bbox 126 5512 149 5556; x_wconf 75' lang='lat'><strong>¹⁸</strong></span> <span class='ocrx_word' id='word_1_721' title='bbox 162 5519 282 5589; x_wconf 69' lang='lat' dir='ltr'><strong>turon..</strong></span> <span class='ocrx_word' id='word_1_722' title='bbox 293 5516 442 5578; x_wconf 79' lang='lat' dir='ltr'><strong>calamiae.</strong></span> <span class='ocrx_word' id='word_1_723' title='bbox 495 5518 517 5555; x_wconf 71' lang='lat'><strong>¹¹</strong></span> <span class='ocrx_word' id='word_1_724' title='bbox 529 5516 610 5589; x_wconf 79' lang='lat' dir='ltr'><strong>raa,</strong></span> <span class='ocrx_word' id='word_1_725' title='bbox 623 5519 735 5592; x_wconf 75' lang='lat' dir='ltr'><strong>portetis</strong></span> <span class='ocrx_word' id='word_1_726' title='bbox 787 5522 809 5561; x_wconf 83' lang='lat'><strong>¹⁸</strong></span> <span class='ocrx_word' id='word_1_727' title='bbox 824 5521 908 5594; x_wconf 75' lang='lat' dir='ltr'><strong>Tar..</strong></span> <span class='ocrx_word' id='word_1_728' title='bbox 921 5524 1058 5599; x_wconf 70' lang='lat' dir='ltr'><strong>mett.</strong></span> 
     </span>
    </p>
   </div>
   <div class='ocr_carea' id='block_1_5' title="bbox 0 0 1906 6030">
    <p class='ocr_par' dir='ltr' id='par_1_19' title="bbox 0 0 1906 6030">
     <span class='ocr_line' id='line_1_59' title="bbox 0 0 1906 6030; baseline 0 0"><span class='ocrx_word' id='word_1_729' title='bbox 0 0 1906 6030; x_wconf 95' lang='lat' dir='ltr'><strong> </strong></span> 
     </span>
    </p>
   </div>
  </div>
 </body>
</html>
