3802 6030
31 312 37 319 ·
151 285 230 347 titt

187 506 231 563 Ad
248 521 313 562 mee
327 505 484 561 flectentur
497 520 629 572 mernere,
646 507 743 559 mente
760 502 831 558 leue.

152 594 189 653 Ut
203 596 275 651 selis
288 598 331 651 est
348 593 455 667 populo
470 607 610 666 superum
627 590 769 647 meruisse
784 591 923 654 levorem,

186 684 258 740 Cum
274 683 351 739 cedit
365 683 402 739 ed
420 698 542 755 magnos
557 682 652 737 hostia
668 696 758 755 perse
773 680 853 736 deos.

30 770 33 776 ’
52 762 61 773 ’
150 774 197 829 Sic
208 772 312 846 implet
327 776 425 828 volum
438 778 488 827 tue
504 771 614 844 grutio;
632 768 698 843 plus
713 768 832 825 homine
848 783 911 824 erro

183 862 212 920 Si
228 859 294 934 plus
309 861 441 919 ellectum
457 877 546 933 quem
563 859 709 932 placuisse
732 857 793 914 tibi.

282 951 386 1008 1206
403 951 447 1008 lll.
464 949 504 1007 Ad
522 949 633 1024 duplice
647 949 773 1020 reginam
782 947 837 1020 (51)

370 1039 403 1112 tu
418 1057 473 1097 ms.
497 1038 675 1103 Ebroieeusi,
692 1037 747 1108 to).

33 1172 38 1179 -
148 1131 203 1197 Qui
218 1129 292 1188 solet
306 1133 374 1187 ente
389 1129 524 1204 homines
540 1129 676 1184 Cicerone
693 1125 828 1182 disertior
841 1138 916 1191 esse,

185 1218 342 1279 Facundus
356 1220 454 1274 minus
470 1221 513 1275 est
524 1218 594 1273 dum
610 1215 689 1273 venit
703 1219 770 1272 ente
784 1215 874 1285 deos;

32 1294 49 1339 ²·
148 1310 197 1368 Sic
210 1326 263 1384 ego
276 1323 344 1365 cnm
360 1306 461 1365 medie
477 1305 554 1380 plebi
569 1305 674 1379 loquar
688 1320 738 1360 ore
753 1303 872 1370 diserto,

182 1399 214 1456 ln
229 1397 310 1455 uultu
322 1396 403 1470 potui
419 1394 513 1452 dicere
528 1411 621 1467 peuce
637 1398 697 1450 tuo.

18 1500 26 1513 ·
147 1488 300 1561 blajestate
315 1491 366 1545 tun
382 1486 494 1559 stupui,
510 1488 661 1557 totamque
675 1481 791 1557 vegenti

183 1579 360 1635 Percurrens
375 1574 471 1642 oculo,
489 1590 555 1631 sum
571 1579 654 1631 retus
663 1588 728 1630 esse
739 1573 834 1629 deum.

146 1667 267 1725 Parcius
281 1666 406 1724 elimans
418 1663 490 1721 nlius
506 1668 610 1721 natura
623 1661 748 1736 puellus,

184 1755 304 1814 Distulit
317 1759 347 1811 in
364 1755 444 1811 doles
460 1769 524 1811 esse
539 1751 664 1825 benigne
679 1759 743 1808 tues

146 1847 180 1904 ln
193 1851 221 1902 te
237 1845 312 1902 ludit
327 1860 408 1916 opes,
419 1847 448 1900 ct
462 1858 537 1914 opus
549 1840 681 1898 mireblle
693 1855 815 1897 circuens

183 1939 233 1992 Est
248 1935 350 1991 mirate
364 1948 433 1990 sues
447 1930 501 1988 boc
517 1929 647 2006 potuisse
663 1945 779 1986 monus.

29 2014 32 2021 ¹
143 2027 212 2083 Haeo
222 2024 321 2099 posuit
336 2021 490 2095 [!.potuit],
506 2020 647 2092 uultuque
662 2020 742 2090 deas,
752 2016 909 2089 animoque
920 2033 968 2090 pu-

827 2108 948 2180 [rentcs,

180 2205 258 2272 Quos
274 2202 408 2260 homines
423 2216 576 2273 nunqnam
592 2196 801 2272 posthabuere
817 2196 886 2254 diis.

144 2294 282 2365 Quodque
293 2291 387 2366 magis
398 2288 653 2363 miror,pulcbrem
664 2291 834 2360 uestemque
846 2286 965 2356 cressit,

70 2444 74 2451 ,
178 2383 240 2448 Quo
257 2379 330 2438 nihil
346 2380 394 2437 bic
409 2394 497 2436 sexus
512 2378 610 2449 majus
631 2375 736 2432 bebere
752 2379 857 2447 potest.

142 2469 281 2535 Quemvis
296 2486 394 2540 sexus,
406 2484 486 2540 opes,
502 2482 606 2540 genus,
618 2469 697 2535 aetas,
709 2465 801 2520 lorme
816 2462 964 2527 resistent,

178 2560 222 2615 Nil
238 2564 266 2616 te
281 2559 413 2632 reginem
429 2563 535 2630 preter
548 2555 670 2611 honeste
681 2553 776 2624 juvat.

19 2698 22 2705 .
142 2649 316 2705 innumeros
331 2647 431 2702 hostes
446 2650 474 2701 et
487 2643 568 2716 virgo
584 2641 677 2698 vincis
692 2645 720 2696 et
736 2657 803 2698 une.

176 2735 275 2792 Vincis
290 2736 369 2806 quod
383 2734 464 2805 virgo
480 2733 594 2789 vincere
606 2730 688 2786 nulle
704 2733 811 2802 potest.

140 2825 176 2883 ut
188 2824 259 2897 quie
272 2839 331 2880 non
348 2824 443 2879 lueret
459 2827 540 2877 tonte
554 2819 622 2893 quis
636 2819 760 2891 conjuge
773 2819 891 2890 diguus,

175 2913 332 2984 coniunxit
348 2928 487 2984 sponsum
503 2916 531 2967 te
546 2909 615 2978 sibi,
630 2909 722 2983 virgo,
741 2909 824 2965 [leus.

140 3002 181 3060 lle
197 3003 316 3078 pudent,
334 3002 444 3075 regine,
462 3006 530 3057 tues
546 3015 592 3055 me
609 2998 703 3055 dicere
719 2996 830 3063 leudes,

24 3108 29 3123 ¹
74 3138 77 3143 .
175 3094 211 3150 ut
225 3092 373 3150 dominam
390 3090 448 3148 dici
465 3095 493 3147 te
509 3089 619 3163 potiare
635 3104 741 3144 meum.

199 3180 246 3240 lv,
262 3183 294 3238 ln
309 3182 424 3238 laudem
438 3181 544 3252 Λωίδι
558 3184 584 3234 et
604 3179 663 3247 eius
679 3175 751 3247 rapis
765 3177 879 3234 ilenrrci
888 3179 901 3233 t

314 3261 341 3308 et
357 3252 462 3323 regione
477 3253 536 3321 eius
551 3253 657 3321 luturae
670 3263 789 3322 sponse.

424 3342 475 3409 (Ex
491 3341 592 3397 eodem
610 3340 677 3409 ms.)

139 3433 254 3504 Anglie,
266 3436 343 3488 terre
359 3432 449 3498 lerux,
466 3429 519 3486 tibi
536 3445 592 3500 pox
608 3428 747 3483 diuturne
761 3426 899 3498 quietem,

174 3521 366 3593 Multipliccm
378 3519 480 3576 luxum
498 3534 578 3573 merx
593 3515 731 3589 opulente
746 3516 837 3572 dedit.

140 3614 184 3669 Tu
203 3611 294 3669 nimio
310 3626 364 3667 nec
379 3611 481 3666 stricta
495 3607 572 3680 gelu,
589 3621 642 3663 uec
658 3605 752 3662 sidere
766 3606 890 3673 fervens,

175 3700 317 3758 Clementi
333 3698 405 3755 coelo
422 3697 622 3770 temperieque
639 3694 746 3767 plnres.

140 3792 213 3848 Cum
229 3792 344 3862 peroret
359 3793 464 3844 nature
477 3802 594 3860 perone,
611 3786 750 3857 varioque
765 3785 872 3856 teucro,

176 3877 321 3935 Dividerct
336 3878 419 3935 dotes
430 3877 567 3935 omnibus
582 3892 641 3932 uue
655 3875 738 3943 locis,

141 3966 234 4040 Elegit
248 3967 362 4038 potiore
376 3967 441 4032 tibi,
459 3971 642 4037 metrernque
657 3964 789 4037 proleese

174 4058 273 4117 lusule
288 4060 330 4116 sle
345 4057 487 4132 locuples,
499 4059 643 4131 pleneque
658 4055 772 4129 percis,
788 4053 839 4112 eit.

36 4232 39 4237 Ι
136 4149 284 4223 Quidquid
301 4149 386 4207 luxus
402 4152 491 4217 emet,
505 4146 650 4221 quidquid
665 4145 810 4201 desideret
825 4160 909 4210 usus,

172 4239 212 4296 lix
224 4243 252 4297 le
268 4238 429 4312 proveniet,
445 4245 494 4295 aul
510 4236 630 4294 aliunde
644 4233 709 4290 tibi.

135 4332 171 4389 Te
185 4328 343 4402 siquidem,
360 4327 428 4385 licet
439 4327 561 4384 occiduo
576 4324 632 4381 ωδ
643 4322 704 4380 sele
720 4320 869 4391 latentem,

173 4421 289 4485 Queret
303 4426 329 4473 ot
340 4417 469 4475 inveniet
484 4431 579 4472 merce
595 4414 679 4469 beelo
694 4410 774 4467 rotie.

170 4592 312 4649 ilenrlous
327 4609 380 4649 uec
395 4592 469 4661 evis,
486 4607 538 4647 neo
555 4595 636 4663 petre
650 4603 718 4660 rege
731 4585 836 4644 minor.

19 4680 25 4685 “
133 4683 212 4753 Rege
227 4679 283 4736 sub
300 4680 354 4736 hoc
365 4697 420 4753 per
431 4679 574 4747 ltcelesie,
591 4673 753 4734 reverentie
771 4674 839 4748 legi,

170 4770 319 4828 iudicium
331 4771 410 4842 vitio,
426 4771 518 4842 glorio
532 4769 620 4826 rebus
634 4767 698 4823 erit.

134 4861 213 4934 liege
227 4859 283 4916 sub
298 4859 353 4917 hoo
364 4864 475 4917 metuet
490 4856 628 4926 latro,vel
640 4854 810 4912 meminisse
821 4854 956 4913 letronis.

169 4953 247 5022 Rege
261 4950 318 5007 ωδ
329 4949 384 5007 boc
399 4954 496 5008 tutum
508 4952 613 5023 preter
628 4945 752 5002 honeste
765 4942 850 5002 nihil.

133 5038 206 5097 ilinc
221 5039 329 5098 sociem
345 5040 470 5113 dispono
484 5039 539 5095 tori
555 5036 601 5093 cui
618 5048 749 5109 propero
762 5033 908 5106 quidquid

168 5129 309 5204 Agnoscit
322 5129 412 5186 virtus
427 5131 457 5186 in
468 5126 590 5185 muliere
605 5139 704 5182 suum.

17 5246 21 5253 ·
133 5220 211 5277 Neve
221 5223 319 5277 notum
337 5219 435 5275 trehet
448 5235 483 5276 ex
497 5216 567 5273 uitio
581 5212 626 5271 vel
640 5212 731 5283 stirpe
747 5216 912 5284 parentum,

169 5309 297 5383 Snnguis
317 5309 373 5366 erit
387 5323 500 5380 regum,
512 5306 614 5378 justus
630 5299 747 5374 utrique
762 5316 877 5372 percus.

168 5458 225 5531 (51)
240 5456 383 5529 Reginam
398 5455 472 5511 torte
485 5451 668 5516 Methildem,
686 5446 817 5527 nondum
834 5446 956 5508 Henrico

132 5529 145 5585 1
160 5528 321 5600 Anglorum
338 5525 399 5658 πεῗ
414 5530 549 5600 nuptam,
563 5525 639 5597 apud
651 5535 740 5594 quem
756 5517 826 5573 olim
842 5525 956 5579 concio·

133 5601 222 5657 natus
238 5599 344 5669 luerat,
360 5615 376 5656 o
411 5598 544 5673 egregias
559 5593 651 5653 enimi
661 5587 851 5662 corporisque
861 5592 956 5666 dotes,

630 283 721 342 VEN.
746 276 985 342 uttuttuuttct
1007 277 1211 341 cuuoudtt.
1236 278 1361 341 ltPlSC.

39 471 42 475 .
151 415 224 475 Nolo
240 433 345 473 menne
361 415 495 488 sceptris,
513 414 555 471 vel
568 414 662 471 cervix
678 417 743 486 epto
761 429 874 469 corone
987 413 1094 483 Allec
1109 426 1144 469 ee
1158 415 1292 469 nascetur
1307 426 1396 483 quem
1413 427 1543 486 purpure
1558 416 1670 487 qureret
1683 418 1711 468 et
1726 412 1807 483 sels,

1780 284 1857 345 llll

1064 502 1164 557 186⁷
1184 501 1225 557 dd
1240 517 1328 572 quem
1344 500 1493 575 conluglnt
1503 501 1607 575 pulsus
1618 502 1654 558 eb
1666 501 1737 558 orbe
1750 504 1855 575 pudor,

1029 589 1092 646 uec
1107 607 1140 646 ea
1153 594 1291 646 nuscetur
1306 606 1395 662 quom
1415 606 1474 659 rex,
1491 607 1579 664 quern
1597 591 1673 665 regie
1691 589 1803 664 proles,

1062 680 1124 745 Oue
1139 683 1234 735 Gaesnr
1248 677 1369 752 plaudat
1385 679 1521 752 conjuge,
1540 683 1643 748 nistre,
1659 697 1759 737 socru.

1026 769 1091 826 llaec
1105 785 1140 826 ee
1155 773 1293 826 nascetur
1308 786 1371 842 qure
1384 771 1462 826 vivet
1476 775 1505 825 et
1520 769 1608 828 instet
1624 769 1750 827 honesto
1765 789 1773 840 ;

1062 858 1154 915 Pauca
1169 859 1231 914 viro
1244 857 1347 930 periet,
1365 858 1487 933 pignore
1504 859 1597 916 multe
1612 864 1677 917 Deo.

1026 951 1091 1008 lieo
1106 968 1140 1008 ee
1156 954 1293 1008 noscetur
1307 967 1372 1023 que
1388 951 1542 1023 majestate
1555 967 1710 1020 roronem,

1060 1042 1179 1113 Sceptre
1195 1057 1293 1105 meno,
1310 1055 1442 1113 gemmas
1457 1057 1507 1096 orc
1523 1043 1651 1097 micenis
1664 1041 1754 1098 vivet.

1026 1130 1090 1185 llnec
1101 1129 1220 1202 perlusa
1234 1144 1336 1201 genes,
1352 1129 1438 1202 genio
1453 1146 1540 1202 quem
1557 1130 1688 1185 mondus
1703 1132 1818 1196 odoret,

1060 1224 1118 1275 Ver
1131 1223 1212 1292 geret
1224 1217 1252 1274 in
1268 1218 1363 1285 vultu,
1380 1222 1498 1292 pectore
1514 1217 1585 1290 legis
1600 1222 1699 1276 erunt.

1023 1307 1074 1365 llis
1089 1324 1143 1381 ego
1158 1306 1342 1381 principibus
1353 1322 1420 1364 sum
1437 1313 1465 1364 te
1478 1306 1591 1364 lecture
1605 1308 1735 1377 beatem,

1058 1395 1180 1471 Anglie3
1195 1395 1273 1468 quod
1289 1400 1424 1468 superest
1438 1396 1565 1470 pendere
1579 1395 1646 1453 nolo
1661 1396 1728 1453 tibi.

1196 1485 1232 1543 V.
1252 1486 1289 1544 Dc
1303 1487 1402 1560 Aoqlio
1419 1495 1446 1542 et
1465 1486 1523 1558 eiua
1535 1484 1673 1559 principe.

1022 1574 1125 1649 dnglie
1140 1590 1218 1633 nunc
1231 1573 1364 1646 humilis,
1381 1580 1525 1633 terrerum
1543 1575 1637 1650 glorie
1651 1576 1814 1650 quondam.

1057 1663 1203 1734 Fluctuat,
1219 1669 1248 1721 et
1264 1681 1360 1722 merso
1376 1663 1485 1739 remige
1503 1680 1598 1722 merse
1608 1666 1699 1737 jacet.

1022 1753 1089 1820 Ques
1105 1754 1226 1811 laudum
1244 1751 1336 1810 titulis
1351 1757 1412 1811 toto
1428 1754 1562 1812 rediebat
1575 1754 1606 1810 in
1622 1754 1703 1825 orbe,

1056 1842 1211 1916 Ecclipsim
1226 1841 1348 1918 patitur,
1364 1842 1425 1899 sole
1436 1841 1539 1900 relicte
1552 1860 1617 1901 suo.

1020 1931 1081 1998 Quo
1098 1931 1225 2004 periente
1241 1932 1327 2006 parit,
1344 1947 1401 2005 quo
1416 1931 1528 2005 sospite
1543 1947 1647 2005 sospes
1660 1933 1769 2006 egebat

1055 2020 1137 2089 Otia,
1153 2038 1211 2093 quo
1228 2021 1326 2078 stabnt
1337 2025 1445 2090 stante,
1463 2021 1585 2077 cedente
1599 2021 1688 2080 cedit.

1019 2110 1144 2182 Legibus
1160 2109 1209 2164 ille
1224 2109 1318 2180 dolos,
1334 2109 1425 2167 ermis
1441 2111 1622 2183 compescuit
1637 2110 1750 2180 hostes,

1054 2197 1178 2255 Placetie
1193 2197 1339 2273 placidus,
1356 2197 1574 2272 indomitosque
1589 2199 1723 2256 domans.

1018 2289 1096 2346 Felix
1111 2288 1234 2363 imperio
1250 2288 1322 2345 satia
1336 2293 1381 2347 est
1397 2288 1519 2345 feliciter
1535 2305 1615 2358 osus,

1054 2378 1137 2435 Pucie
1153 2393 1268 2448 emens,
1280 2377 1377 2435 clerus
1394 2393 1524 2447 munere,
1539 2381 1628 2436 lterte
1644 2382 1758 2452 poleos.

1018 2468 1100 2525 Illius
1111 2469 1228 2525 interitu
1246 2468 1335 2524 decus
1350 2468 1471 2538 interiit,
1492 2468 1700 2543 intereuntque

1052 2558 1126 2628 Otie,
1143 2574 1198 2629 pax
1213 2556 1322 2631 legum,
1338 2556 1461 2625 senctio,
1476 2557 1554 2630 lure,
1568 2558 1652 2615 tides.

1015 2646 1307 2719 demiretnnevigio,
1331 2646 1391 2703 loro
1417 2647 1538 2702 novibus
1566 2647 1598 2720 [1.
1609 2646 1750 2721 legibusl,
1778 2665 1847 2707 arva

1666 2737 1807 2809 {colonis,

1052 2825 1137 2882 Plebs
1153 2826 1325 2899 patrocinio,
1343 2826 1439 2884 clerus
1455 2827 1564 2884 honore
1576 2833 1664 2885 reret.

1015 2914 1081 2975 Jem
1097 2915 1261 2991 ceperatis.
1279 2918 1396 2991 repetit]
1420 2918 1512 2989 judex
1528 2918 1665 2990 perjuria,
1692 2917 1773 2975 belle
1798 2923 1845 2991 ty·

1686 3006 1827 3080 ireneus,

1053 3097 1110 3154 Fur
1124 3095 1228 3163 sicem,
1242 3096 1338 3169 predo
1354 3095 1420 3164 tels,
1434 3096 1568 3172 cylixque
1584 3097 1640 3169 (53)
1654 3108 1758 3153 retem.

1014 3184 1088 3256 Ergo
1102 3184 1153 3241 slri
1165 3185 1236 3242 leoli
1252 3202 1352 3242 cusum
1369 3187 1461 3258 gemit
1475 3184 1588 3258 Anglie,
1603 3186 1689 3257 cujus

1049 3274 1192 3348 Praecipiti
1208 3293 1277 3332 cusu
1293 3277 1474 3349 praeeipitnte
1489 3277 1576 3332 ondit.

1102 3365 1149 3424 vt.
1167 3368 1203 3423 De
1219 3367 1346 3423 llctlrilrle
1366 3368 1453 3439 prole
1473 3367 1570 3441 regins
1585 3368 1752 3438 duplorum.

1102 3456 1154 3529 (lix
1176 3459 1294 3523 irretito
1316 3473 1371 3512 me.
1389 3456 1417 3513 S.
1436 3456 1558 3513 Mariani
1573 3456 1753 3530 Antisciod.)

1012 3545 1081 3601 uitia
1096 3545 1244 3618 preteriti,
1257 3546 1409 3617 presentis
1424 3551 1528 3618 nupta,
1543 3546 1634 3601 futuri

1047 3638 1136 3690 tieler
1152 3634 1239 3706 regis,
1255 3634 1347 3691 hebes
1360 3633 1416 3691 boc
1430 3634 1555 3707 spectate
1570 3635 1633 3691 tibi.

1012 3724 1067 3780 llut
1080 3725 1139 3793 vix,
1155 3728 1206 3779 eut
1222 3740 1374 3796 unuquam
1387 3730 1505 3797 repetur
1520 3723 1627 3781 lemine
1641 3741 1709 3798 que
1724 3727 1768 3784 eit

1046 3812 1112 3868 lieo
1127 3814 1229 3868 eedem
1245 3829 1347 3886 regum
1365 3812 1436 3880 tllie,
1451 3819 1556 3886 nupto,
1571 3830 1692 3886 parens.

1012 3902 1070 3962 Neo
1082 3906 1135 3959 tue
1150 3902 1288 3958 nobilites
1303 3907 1348 3958 est
1363 3920 1379 3959 e
1394 3908 1423 3959 te
1435 3908 1540 3974 cmpte,
1556 3918 1609 3960 neo
1624 3903 1654 3959 in
1666 3907 1697 3961 te

1047 3992 1176 4059 Desinet,
1191 3996 1220 4048 et
1235 3995 1302 4064 post
1318 3995 1346 4048 te
1360 3992 1437 4048 viset
1447 3997 1477 4049 et
1492 3993 1528 4066 [s.
1543 3994 1587 4064 ut]
1602 3997 1671 4050 ente
1685 3993 1756 4050 luit.

1011 4085 1068 4138 Noc
1084 4086 1115 4137 tu
1130 4080 1301 4153 degeneres,
1320 4096 1419 4137 revere
1434 4079 1496 4138 filie
1511 4083 1615 4139 metris

1045 4172 1144 4230 Tulem
1160 4176 1188 4230 te
1204 4173 1305 4245 genuit
1320 4173 1418 4247 qualis
1434 4178 1464 4231 et
1479 4174 1528 4231 ille
1545 4174 1609 4233 luit.

1010 4260 1096 4318 Casta
1111 4261 1261 4334 pudicum,
1277 4260 1399 4334 pulchre
1409 4263 1558 4334 docorem,
1572 4263 1694 4335 provide
1709 4271 1845 4326 centem.

1046 4349 1140 4423 Longe
1150 4350 1219 4406 tulit
1232 4350 1356 4423 largam,
1373 4351 1519 4424 relligiosa
1531 4352 1620 4426 piem.

1013 4443 1063 4496 ttst
1073 4456 1139 4496 rose
1153 4440 1189 4496 de
1204 4439 1301 4496 radice
1320 4456 1413 4503 roret
1428 4442 1464 4499 de
1480 4441 1632 4514 relligione

19 4490 22 4495 ¹
136 4504 332 4578 Tempuaerit
347 4521 405 4576 quo
420 4508 536 4577 sceptro
549 4501 601 4557 tibi
618 4498 765 4572 promisee
784 4498 925 4568 gubernet
974 4508 998 4573 ὓ
1049 4528 1557 4603 mmmmmdepiomenum

1012 4623 1053 4676 De
1068 4617 1153 4674 stelle
1167 4617 1315 4690 splendor,
1332 4621 1368 4675 de
1384 4636 1490 4693 megno
1504 4621 1622 4678 nomine
1638 4622 1753 4694 urejus.

1050 4708 1146 4763 lluum
1162 4707 1253 4780 petris
1263 4714 1325 4765 erat
1339 4725 1345 4777 ;
1360 4718 1430 4766 sunt
1445 4711 1503 4767 duo
1518 4726 1608 4784 regne
1624 4710 1689 4770 tibi.

1012 4795 1095 4870 Angli
1107 4796 1236 4869 reginem
1253 4802 1438 4866 venerentur,
1450 4804 1478 4855 to
1488 4800 1673 4858 comitissam

1049 4885 1282 4944 llormeunorum
1296 4885 1399 4959 plubs;
1416 4895 1540 4961 utraque
1553 4904 1625 4962 geos
1639 4889 1817 4950 dominam.

1014 4973 1075 5032 Non
1092 4975 1127 5031 ad
1144 4980 1259 5048 sceptro
1275 4975 1357 5032 venis
1373 4976 1475 5047 rudie;
1493 4994 1580 5035 usum
1597 4978 1691 5036 tradit
1705 4981 1807 5057 origo.

1048 5068 1098 5120 list
1113 5080 1234 5137 regnere
1251 5069 1345 5137 tuum,
1357 5081 1460 5139 resque
1475 5072 1597 5140 paterne
1611 5067 1676 5128 tibi.

1012 5153 1055 5209 Tu
1068 5168 1117 5225 per
1131 5157 1279 5222 ceturam,
1294 5170 1345 5226 per
1358 5158 1468 5212 sortem
1484 5163 1587 5214 cetere
1601 5157 1704 5216 turbs.

1049 5245 1182 5317 Regnes;
1199 5261 1324 5318 reguum
1339 5246 1411 5303 dent
1425 5246 1486 5303 bec
1501 5248 1565 5315 tibi,
1582 5264 1647 5305 sors
1662 5246 1748 5309 eliis.

1012 5332 1099 5390 Nulla
1111 5335 1257 5407 potentior
1270 5340 1315 5391 est
1330 5333 1360 5392 in
1376 5351 1486 5408 regno;
1503 5336 1586 5394 nulle
1598 5337 1708 5396 decore

1013 5474 1136 5533 mirilico
1151 5475 1262 5534 loudet.

1049 5547 1103 5619 (52)
1118 5548 1207 5605 idest
1219 5550 1323 5620 piretu.
