3802 6030
87 238 166 304 1119
608 230 790 291 lllARBODI
814 224 1062 290 REDONRNSlS
1082 229 1261 292 EPISCOPI

122 373 180 429 Aut
195 369 275 425 lieret
290 368 392 422 fornax
407 364 525 437 ignibus
539 367 625 419 AEtns
636 362 712 419 tuis!
928 365 956 430 Α
1007 361 1130 418 Distulit
1143 362 1173 418 in
1189 362 1272 419 dotes
1285 376 1349 420 esse
1359 362 1486 434 benigna
1501 378 1587 419 suos.

91 465 154 517 Non
172 474 237 514 reor
249 456 379 510 humone
394 455 446 526 qui
460 454 503 510 eis
518 454 552 508 de
568 453 660 523 stirpe
674 455 801 522 cronius,
968 451 1000 507 ln
1017 456 1044 507 le
1057 451 1131 507 iudit
1144 468 1225 524 opes,
1241 457 1357 524 etopus
1372 451 1509 508 mirabile
1525 466 1679 516 cernens,

125 550 250 618 Insopor
265 561 299 601 ae
315 542 410 617 potuit
424 547 453 598 te
470 543 608 614 genuisse
620 543 717 598 druco.
1006 544 1055 596 Est
1071 541 1177 597 minuta
1192 557 1262 598 suus
1276 540 1332 597 hoo
1344 540 1475 613 potuisse
1491 557 1620 598 manus.

88 639 131 695 Tu
149 642 248 690 tumen
265 633 301 689 ud
327 633 448 703 serrum,
466 649 532 687 cum
553 631 594 687 sis
617 629 765 687 dornissus
780 630 817 686 ab
832 645 914 698 auro,
1144 630 1220 687 XIV.
1238 632 1293 687 lluo
1306 629 1392 687 amici
1403 631 1495 688 crium
1510 633 1634 686 amicis.

124 724 219 796 Pelori
234 724 330 779 eludio
345 723 471 792 degener
484 721 630 793 invigilas,
971 719 1075 774 Dicunt
1088 717 1247 775 Guillelmo
1263 720 1419 776 llurbodus
1434 724 1463 776 ct
1477 724 1584 791 Hugo:
1608 719 1739 775 Valcto:

93 817 187 871 Aurea
202 829 310 885 pompa
324 815 447 882 patrem,
464 820 490 866 te
503 810 594 866 ierrea
611 827 709 866 massa
724 813 855 866 retentat.
1006 813 1042 862 tt
1057 807 1111 864 soli
1127 808 1246 864 Titome
1262 809 1332 865 dicit
1347 813 1487 881 uterque:
1504 808 1593 865 Vale.

126 903 202 960 Huic
217 901 316 958 oculos
333 917 466 966 somnus,
484 918 562 956 mors
579 907 692 973 premat
707 905 770 958 utro
784 905 860 956 tuos.
970 895 1127 953 Guillelmo
1141 902 1170 955 et
1182 898 1299 954 Thomu
1310 899 1414 970 juncto
1423 903 1558 954 sansone
1571 915 1579 954 ε
1594 898 1728 968 Valet03

300 991 361 1047 Vll.
375 991 415 1046 At
429 993 549 1048 amicum
566 991 710 1063 hospitem.
1006 985 1041 1040 ut
1053 985 1078 1042 si
1089 985 1166 1042 trine
1181 987 1286 1052 tribue,
1301 986 1343 1044 vel
1358 986 1452 1043 tribus
1468 1004 1526 1044 une
1545 989 1651 1044 eolus.

93 1088 127 1140 ln
143 1086 240 1156 partes
255 1081 328 1138 istos
343 1085 409 1152 post
420 1081 549 1153 quinque
564 1095 699 1135 reversus
712 1079 828 1152 oristas,
1256 1073 1317 1129 XV.
1335 1076 1363 1130 lu
1384 1074 1507 1130 ovilium.

128 1174 181 1227 Vis
198 1189 215 1227 a
230 1170 375 1228 nteaoribi
392 1169 523 1225 carmina
539 1186 631 1240 pauca
646 1169 709 1224 tibi.
973 1161 1106 1218 Nominis
1122 1161 1241 1219 ervitio
1258 1164 1338 1220 decet
1362 1164 1481 1220 avitiam
1497 1165 1603 1222 vitiari
1623 1167 1661 1238 [s.
1674 1166 1802 1236 vocitarit

90 1260 225 1318 carmina
240 1275 331 1333 pauco
347 1258 476 1330 quidam,
494 1256 650 1328 sedjdulrio
669 1258 812 1332 concupis
829 1257 920 1314 idem.
1010 1249 1153 1309 Soiiicetu
1168 1252 1235 1309 vitio
1251 1253 1358 1309 dieitur
1372 1252 1469 1310 avitia.

131 1348 205 1407 tttsti
217 1364 298 1405 more
311 1346 368 1403 eibi
382 1347 480 1419 poscis
496 1355 650 1419 utrumque
661 1347 724 1403 tibi.
1253 1342 1328 1399 XVI.
1350 1345 1404 1400 Pro
1417 1344 1514 1402 aritio.

96 1440 175 1507 Quod
194 1438 268 1509 petie
298 1436 494 1504 accedamus,
523 1437 593 1509 quis
614 1438 692 1509 quod
722 1437 797 1508 petis
824 1437 925 1494 hoeet
974 1429 1157 1498 Avil³.n0n
1175 1431 1509 1505 ovilionagisoestimo
1527 1435 1661 1494 dictum.

734 1529 888 1600 [amamus3
1011 1522 1086 1594 Ergo
1102 1521 1160 1594 pati
1176 1522 1278 1580 vitium
1296 1540 1354 1579 non
1370 1524 1451 1580 decet
1464 1527 1599 1585 avitiam.

133 1616 170 1673 Ut
184 1631 305 1672 carnem
321 1614 448 1672 breviter
463 1631 515 1689 per
524 1614 585 1672 leve
593 1624 690 1672 currat
704 1616 770 1673 iter.
1132 1611 1221 1670 XVll.
1238 1613 1392 1670 Consolatio
1405 1614 1563 1686 lucentium
1579 1617 1657 1688 (28l.

99 1707 179 1772 Quod
209 1705 252 1762 vis
269 1721 386 1777 cunque
405 1705 479 1777 volo,
495 1705 573 1778 quod
590 1723 647 1762 non
664 1706 717 1775 vis,
734 1706 789 1762 hoc
805 1722 959 1796 quoqueB
977 1701 1057 1759 Siout
1071 1703 1108 1759 ud
1125 1720 1184 1758 uno
1198 1703 1274 1760 redit
1287 1705 1426 1777 quidquid
1442 1705 1522 1763 locus
1540 1708 1674 1765 intimus
1690 1709 1759 1781 edit,

777 1794 866 1867 [nolo.
1013 1792 1046 1848 lit
1061 1791 1135 1849 liber
1148 1791 1216 1849 finis
1232 1810 1289 1849 non
1301 1793 1378 1850 vaiet
1390 1796 1538 1852 essocinis
1553 1816 1561 1866 ς

135 1885 171 1941 Et
185 1883 263 1958 quod
280 1900 332 1956 ego
344 1883 422 1952 nolo,
438 1887 467 1940 to
478 1900 593 1956 quoque
609 1885 685 1942 nolle
700 1885 775 1942 voto,
975 1881 1021 1936 Sic
1033 1898 1078 1937 res
1093 1897 1108 1937 e
1123 1898 1242 1938 sursum
1260 1883 1380 1940 veniens
1397 1886 1467 1955 petit
1483 1885 1596 1942 retheru
1613 1904 1752 1961 rursum,

100 1974 194 2030 [tituto
210 1972 301 2042 letho,
317 1990 368 2045 per
387 1977 520 2046 temporo
533 1973 622 2046 longa
636 1974 739 2041 valeto,
1012 1970 1048 2027 Ut
1059 1988 1174 2044 semper
1191 1978 1307 2028 moneat
1320 1975 1398 2046 quod
1414 1974 1491 2030 Deus
1506 1975 1572 2048 ipse
1589 1989 1687 2034 creat.

134 2063 359 2135 Concedentque
374 2062 464 2119 citum
482 2062 601 2119 istotibi
619 2064 755 2121 reditum.
978 2062 1043 2134 lpse
1060 2066 1135 2117 lteus
1149 2067 1273 2130 mentes,
1290 2078 1396 2135 corpus
1407 2079 1535 2136 genuere
1551 2073 1709 2138 parentes.

239 2150 314 2207 Vlll.
334 2150 470 2208 Verrucio
481 2150 609 2209 Ftobetto
624 2152 778 2225 [inscripti]
1011 2149 1122 2222 Corpus
1138 2155 1231 2208 morte
1246 2153 1331 2224 perit,
1348 2169 1431 2209 mens
1445 2154 1522 2209 bona
1535 2171 1662 2228 semper
1674 2158 1739 2215 erit.

98 2240 237 2312 Improba
249 2245 375 2296 terretur
388 2257 557 2298 musonium
570 2241 656 2297 turba
670 2242 795 2311 [labello.
976 2238 1045 2304 Oura
1061 2239 1158 2295 veniet
1174 2241 1289 2296 tandem
1305 2258 1422 2298 carnem
1439 2248 1571 2300 resumet
1586 2246 1741 2318 camdem,

130 2330 197 2396 Quo
209 2329 298 2400 gratis
313 2331 424 2386 mensis
439 2346 502 2386 esse
520 2330 643 2386 molesta
658 2331 741 2387 solet.
1012 2327 1048 2385 Ut
1065 2329 1164 2386 rodont
1179 2330 1256 2400 quod
1271 2331 1316 2399 iit,
1328 2331 1423 2404 sitque
1434 2333 1506 2403 quod
1524 2341 1595 2389 ante
1606 2334 1676 2406 luit,

93 2418 168 2474 ldsse
184 2417 309 2475 molesta
324 2417 408 2487 solet,
427 2435 494 2475 oum
510 2419 618 2474 deutur
633 2422 765 2476 membro
780 2419 887 2493 quieti,
976 2416 1031 2473 Sed
1048 2418 1145 2474 redeat
1161 2423 1273 2489 sancte,
1291 2418 1358 2492 plus
1371 2419 1437 2475 lelix
1452 2437 1539 2492 quom
1558 2422 1717 2493 fullonio,

133 2510 167 2562 ut
182 2507 300 2578 quondo
313 2506 450 2579 legimus,
466 2523 531 2564 esse
547 2508 668 2564 molesta
680 2508 763 2565 solet.
1011 2504 1048 2562 Ut
1063 2507 1142 2563 vivat
1156 2506 1274 2575 melius,
1290 2524 1343 2566 nee
1359 2510 1445 2565 oadut
1460 2509 1599 2567 ulterius.

96 2596 168 2653 Esse
184 2594 307 2652 moloeta
318 2596 477 2661 solet,cum
495 2597 723 2666 scribimus‚aut
734 2599 921 2665 meditemur,
975 2594 1040 2650 lieo
1058 2595 1130 2652 bene
1150 2597 1176 2652 si
1192 2597 1284 2665 scitis,
1300 2613 1357 2653 non
1374 2603 1479 2654 esteur
1494 2599 1564 2655 llere
1581 2601 1683 2658 velitis

98 2687 195 2755 Atque
211 2683 307 2738 modis
322 2682 388 2738 eliis
403 2700 468 2739 esse
482 2683 602 2740 molesta
617 2685 700 2740 solet.
1010 2685 1082 2741 Nam
1097 2686 1174 2756 quod
1185 2702 1288 2743 rursus
1300 2686 1363 2754 erit,
1379 2704 1437 2759 quo
1452 2688 1567 2745 ratione
1583 2691 1689 2760 perit?

368 2771 415 2826 lX.
432 2772 470 2827 Ad
481 2772 654 2830 Faustinum.
1081 2773 1184 2830 xvttt.
1200 2776 1333 2833 Proto.-
1349 2775 1524 2844 compunctio
1533 2783 1703 2848 peccatoris.

98 2863 172 2915 Dum
187 2862 309 2931 partem,
326 2859 475 2930 Faustino,
488 2861 530 2918 tui
545 2861 692 2934 perpendo
706 2862 810 2933 libelli,
1082 2863 1115 2936 (R
1134 2879 1191 2920 ma.
1207 2865 1235 2920 S.
1253 2864 1365 2921 Gattaei
1389 2865 1498 2922 Turon.
1513 2865 1579 2922 Non
1595 2869 1705 2943 editu.)

133 2946 196 3013 Quo
210 2964 308 3005 vocuo
320 2949 404 3021 pellis
420 2949 527 3024 pagiua
543 2961 624 3006 muta
631 2951 720 3023 jacet,
1151 2958 1226 3010 curn
1243 2953 1495 3026 recordorquenta
1510 2972 1584 3012 cura

96 3036 210 3094 Partem
240 3054 305 3110 qun
339 3037 467 3111 loquitur
505 3055 627 3096 vacuom
667 3040 762 3114 magis
795 3043 920 3112 estimo,
1153 3043 1225 3099 Sum
1242 3047 1369 3099 sectatus
1386 3045 1523 3116 perituro,

705 3131 804 3204 [quam
820 3138 863 3201 ta3
933 3108 955 3174 C
1153 3131 1187 3186 Et
1202 3148 1291 3204 quoru
1308 3133 1381 3188 durs
1397 3149 1580 3191 succensura

130 3217 218 3275 Pleno
233 3220 421 3292 supervacuis
437 3221 545 3293 pagina
561 3237 687 3293 namque
702 3225 792 3277 vacat.
1154 3220 1232 3278 lllors
1247 3227 1360 3278 exercet
1376 3222 1506 3294 suajuro

94 3307 175 3364 Unde
185 3306 295 3364 librum
311 3314 404 3364 totum
420 3325 543 3366 vacuum
556 3310 598 3365 sio
615 3308 730 3383 colligo,
751 3311 835 3383 cujus
1155 3311 1186 3367 ln
1202 3309 1330 3367 interiori
1342 3327 1406 3366 meo

93 3397 195 3453 Altera
208 3413 275 3470 pars
290 3415 394 3470 nugas,
410 3398 501 3454 altero
517 3398 557 3453 nil
569 3399 684 3457 retinet.
1155 3400 1258 3457 162⁰
1273 3400 1355 3464 Quod
1365 3404 1411 3455 est
1426 3405 1530 3471 petens
1545 3401 1605 3458 soli
1622 3403 1708 3476 Dco;

232 3489 270 3543 X.
288 3487 325 3543 Dc
338 3487 447 3544 volucre
460 3488 636 3544 rouculconto
649 3491 787 3560 prumiae.
1157 3489 1233 3544 Dens
1249 3494 1375 3561 rugitum
1392 3490 1466 3545 siout
1480 3488 1537 3558 leo,

98 3575 173 3632 Dum
189 3577 277 3647 pedes
293 3577 401 3632 incedit
416 3576 552 3646 volucris,
570 3593 643 3633 nova
656 3580 791 3650 gremino
804 3578 893 3636 ludit.
1154 3577 1208 3632 Pro
1223 3578 1350 3650 percutis
1363 3578 1434 3634 meis
1449 3577 1514 3635 ileo.

135 3664 198 3729 Quo
210 3663 286 3720 volet
300 3680 369 3736 orgo
383 3665 468 3732 volet,
485 3665 618 3736 gramina
632 3681 668 3722 ue
683 3666 779 3724 violet.
1156 3669 1228 3721 [tum
1244 3668 1379 3723 recordor
1393 3668 1591 3725 transiturum

360 3755 412 3809 xl.
427 3757 473 3810 Ad
488 3755 649 3811 Scaeoolum.
1032 3776 1034 3781 ·
1156 3756 1201 3812 lla
1217 3773 1268 3828 per
1284 3757 1386 3812 mortis
1399 3756 1453 3812 iter
1467 3757 1592 3830 durum,

99 3841 144 3897 'l'u
160 3842 271 3912 majore
287 3842 372 3913 leros,
386 3843 455 3899 durn
471 3844 549 3900 dona
564 3845 676 3901 minoen
694 3848 820 3919 repellis,
1157 3847 1191 3901 tit
1206 3846 1275 3918 quid
1292 3846 1328 3901 de
1344 3846 1439 3902 mesit
1454 3847 1592 3903 loturum

133 3930 270 3997 Scevola,
288 3947 500 4004 nonnunquam
514 3934 633 4005 perdere
645 3951 752 4007 mogun
768 3939 855 3996 soles.
1156 3934 1226 3991 Post
1250 3951 1370 3991 examen
1386 3934 1455 3990 illud
1474 3952 1596 4004 purum,

96 4016 169 4073 Nom
182 4016 271 4074 semel
282 4017 410 4090 excluso,
428 4036 481 4076 nec
492 4022 587 4076 adhuc
603 4022 743 4079 redeunte
759 4025 871 4094 datore,
1155 4025 1261 4080 Mentis
1274 4024 1378 4080 anxius
1394 4024 1537 4094 tumultu,

130 4106 198 4163 iam
214 4106 287 4163 nibil
300 4107 446 4180 occipiens
463 4110 572 4165 tolleris
589 4116 649 4166 arto
662 4117 723 4166 tou.
1156 4114 1225 4178 Quae
1240 4117 1382 4170 virtutum
1399 4115 1589 4188 canetenim,

95 4194 228 4252 Oualerl
245 4212 261 4252 o
284 4196 431 4268 prudensl
449 4198 519 4253 dum
536 4215 651 4271 ectnper
668 4200 797 4258 maxima
813 4213 923 4277 captus,
1155 4204 1243 4260 Tristi
1259 4205 1355 4271 corde,
1372 4204 1450 4260 tristi
1465 4203 1564 4276 vultu,

131 4284 220 4342 Fiunt
234 4302 341 4359 magna
357 4286 430 4341 nihil
444 4286 600 4345 calliditate
616 4295 675 4344 tua.
1155 4295 1255 4349 ltttndu
1271 4310 1371 4366 procos
1385 4309 1452 4349 cum
1469 4293 1609 4366 singultu
1625 4318 1635 4369 3

290 4376 393 4432 tutu
408 4375 467 4432 ΧΠ.
481 4377 581 4434 Contra
593 4379 730 4435 invidum.
1156 4383 1227 4437 Cum
1245 4383 1376 4454 singultu
1393 4385 1618 4455 praenotando,

161 4467 316 4540 Rumpitur
327 4467 437 4524 invidia
451 4468 582 4540 quidam,
599 4469 773 4527 charissime
788 4471 860 4532 tutt.
941 4481 964 4545 1)
1155 4471 1241 4527 Fleuo
1256 4489 1332 4544 genu
1350 4477 1452 4544 pectus
1468 4473 1577 4544 tundo,

136 4555 216 4620 Quod
230 4573 278 4614 me
293 4558 381 4613 Roma
396 4555 475 4628 legit,
489 4557 639 4630 rumpitur
655 4560 775 4617 invidia.
1157 4560 1211 4617 Ore
1227 4561 1351 4634 loquens
1368 4561 1575 4628 tremebundo,

101 4645 258 4716 Rumpitur
268 4646 386 4718 invidia,
404 4650 479 4720 quod
494 4652 548 4707 sim
559 4653 680 4724 jocosus
693 4654 816 4712 nmicue.
1157 4652 1200 4705 Ad
1218 4656 1244 4706 te
1260 4651 1354 4707 clamo
1371 4651 1406 4706 de
1422 4653 1596 4722 profundo:

137 4736 219 4801 Quod
234 4738 353 4793 conviva
368 4738 519 4811 frequens,
531 4743 676 4813 rumpitur
688 4743 807 4800 invidia.
1154 4740 1222 4797 lesu
1236 4740 1361 4811 Christe,
1378 4739 1431 4796 Fili
1448 4739 1510 4810 Dei,

9 4846 11 4851 2
100 4823 379 4895 Rumpiturinvidia,
390 4830 467 4899 quod
481 4846 531 4886 rus
544 4831 614 4886 milri
627 4830 710 4889 dulce
720 4834 776 4889 sub
788 4833 922 4892 urboest.
1157 4830 1422 4886 consubstantialis
1439 4828 1477 4895 ei.

136 4915 286 4985 Parvnque
297 4914 326 4970 in
341 4915 412 4971 urbo
427 4916 546 4984 domus,
559 4921 705 4992 rumpitur
719 4921 841 4977 invidio.
1158 4922 1259 4977 l'uctor
1275 4920 1368 4976 noctis
1379 4925 1408 4976 et
1423 4920 1492 4988 diei,

100 5002 258 5075 Rumpitur
271 5003 392 5072 invidio,
408 5009 487 5080 quod
507 5011 593 5067 turtio
609 5028 724 5084 sempor
736 5015 765 5069 tn
779 5013 860 5070 untni
1157 5013 1269 5077 Quaewt
1288 5008 1425 5065 miserere
1439 5010 1497 5064 mei

136 5095 333 5149 Monstramur
349 5095 450 5168 digno,
464 5101 612 5172 rumpitur
626 5101 745 5157 invidia.

103 5183 257 5254 Rumpitur
272 5183 390 5253 invidio,
407 5189 483 5258 quod
501 5206 636 5246 amemur
651 5199 738 5264 atque
755 5193 923 5265 probantur.

139 5273 305 5346 Rumpatur
320 5274 453 5346 quisquis
467 5279 614 5348 rumpitur
629 5279 748 5338 invidio.

301 5361 374 5418 xttt.
390 5364 421 5418 ln
435 5366 585 5434 speciosum
599 5369 731 5438 pucilam.

107 5450 226 5508 Parcius
242 5450 365 5507 elimans
380 5449 452 5507 elius
468 5457 574 5510 natura
589 5455 712 5528 puellas,

1156 5101 1210 5154 Per
1225 5097 1353 5170 parentis
1370 5098 1472 5168 primm
1488 5115 1642 5174 morsum,

1159 5189 1243 5258 Lipsi
1260 5204 1365 5243 sumus
1381 5187 1439 5243 hue
1453 5187 1608 5248 deorsum.

1158 5277 1285 5333 Gruvunt
1297 5276 1379 5332 nobis
1394 5275 1487 5348 culpus
1500 5278 1643 5351 dorsum,

1158 5371 1236 5432 Quas
1250 5365 1453 5422 commisimus
1469 5383 1624 5426 seorsum.

1159 5455 1214 5511 Por
1229 5454 1385 5511 iocundam
1401 5454 1597 5530 Genitricom,

142 5586 198 5655 (28)
211 5582 298 5641 Aliud
309 5584 345 5640 ub
361 5583 416 5641 hoc
430 5586 550 5643 omuino
564 5588 749 5664 distinctum,
761 5592 828 5651 licet
840 5594 894 5651 sub
911 5590 1012 5648 eodem
1030 5590 1124 5658 titulo,
1140 5589 1249 5661 legitur
1263 5605 1353 5662 supro
1367 5588 1422 5647 ool.
1439 5590 1521 5646 tote.
