3802 6030
140 111 179 181 01
479 54 482 59 Ι
626 108 717 173 viiii.
741 104 975 171 uttusuuuri
997 104 1201 171 utriustri.
1224 106 1350 174 EPISG·
1806 112 1849 179 92

141 228 280 316 conlectus
303 249 362 309 esi;
390 243 469 312 culus
491 244 641 298 intortunio
667 258 720 297 uon
748 244 833 296 solum
858 240 964 306 civitas,
981 246 1004 312 Α
1022 242 1111 300 dions.
1136 247 1247 307 repente
1270 258 1286 295 a
1317 241 1424 295 civitate
1453 244 1584 298 discessit.
1611 244 1669 309 Quo
1699 255 1846 316 comperto.

140 323 189 376 sed
203 326 230 374 et
253 324 311 371 tota
326 321 539 371 Cenomanensis
563 318 637 382 regio
660 317 817 381 perturbata
841 316 965 375 cetone

141 398 287 460 comperto,
312 394 391 444 Futco
413 394 617 452 Andecavorum
643 404 733 440 statues
759 388 882 454 protinus
905 402 966 438 cum

141 469 197 521 fllio
221 482 269 517 suo
293 464 429 521 tsaitlridc,
454 466 497 514 cni
521 464 572 513 tilia
597 464 678 513 Heliru
704 463 807 513 comitis
829 462 884 526 jam
908 460 966 510 des-

142 544 257 608 ponsata
284 539 380 593 luerat,
403 537 430 586 in
463 537 595 586 civilatem
625 536 752 593 n·.lveuit;
777 539 804 585 ct
833 547 965 583 consensu

142 614 240 664 civium
272 609 299 660 iu
324 607 523 659 munitionibus
546 607 661 657 civitatis
689 608 837 657 custodiam
865 605 964 668 posuit,

142 682 234 749 ibique
258 681 351 732 relicto
375 679 437 735 lilio,
463 678 501 728 ad·
519 676 572 728 aliu
598 679 704 742 negotiu
732 678 894 742 properavit.
924 673 966 723 lu·

141 760 215 806 terea
240 767 284 803 rex
310 751 458 814 Auglurum
484 763 597 800 cerneus
618 749 751 800 civitatem
777 749 903 812 principis
925 747 966 796 sui

141 824 271 891 prasidio
287 822 452 879 destitutam,
479 820 655 886 quorumdum
681 820 842 884 peritiorum
867 817 966 868 civium

142 912 254 951 assensu
285 897 349 947 illuc
376 895 501 945 accedere
533 892 713 958 properavit;
741 899 768 944 et
798 895 867 943 circa
893 891 968 943 (islo-

143 975 202 1024 niae
231 971 320 1020 vicum
348 969 526 1032 episcopatem
558 981 619 1016 curu
645 980 743 1031 magno
767 964 883 1016 exercitu
905 978 967 1014 con·

144 1044 223 1101 sedit,
253 1045 396 1106 ipsumque
424 1042 523 1098 vicum,
553 1053 612 1090 cum
637 1037 750 1089 ecclesio
780 1051 841 1102 quas
868 1035 966 1086 ibidem

145 1121 212 1173 erat,
243 1115 305 1177 igne
334 1112 523 1169 concremavit,
547 1117 573 1161 el
599 1110 692 1161 omnia
716 1124 776 1174 quae
802 1108 840 1159 ihi
865 1108 968 1171 eriisco·

145 1202 196 1253 pus
224 1184 342 1235 habebat
366 1183 509 1234 crudeliter
538 1183 694 1234 devastavit.
720 1182 818 1232 Oderat
845 1183 916 1231 euim
940 1180 968 1231 il·

145 1261 210 1321 lum,
235 1259 305 1306 sicut
332 1269 413 1319 supra
437 1253 537 1305 dictum
567 1261 616 1313 est,
642 1269 690 1318 [iro
719 1268 750 1304 eo
777 1253 847 1318 quod
875 1257 970 1303 contra

145 1327 308 1383 calumniam
337 1327 409 1378 itlius
437 1329 620 1391 episcopatum
642 1331 791 1391 acceperut.
819 1326 897 1375 Cives
923 1339 968 1375 uu-

144 1407 199 1454 tem
226 1415 287 1450 cum
312 1399 408 1449 bellico
433 1405 563 1463 apparatu
587 1400 620 1449 de
644 1397 750 1448 civitate
772 1398 882 1461 egressi,
905 1409 968 1447 con·

146 1479 187 1525 tra
214 1474 272 1538 ejus
301 1471 445 1523 exereitum
480 1470 593 1520 viriiiter
627 1469 757 1521 obsistere
791 1469 968 1520 conabantur.

145 1547 201 1598 ilex
225 1550 314 1595 autem
339 1542 499 1608 perfidorum
524 1543 637 1593 consilio
661 1556 689 1593 se
717 1542 871 1605 intelligens
893 1542 969 1591 dece·

1022 320 1140 381 quantus
1162 317 1244 366 timor
1267 317 1347 367 simul
1372 331 1402 368 ao
1425 323 1521 382 stupor
1544 318 1649 370 auintes
1673 322 1772 374 civium
1804 324 1846 376 iu·

1022 390 1128 445 vaserit,
1144 392 1171 436 et
1196 394 1298 454 quantu
1326 390 1417 453 populi
1435 389 1579 440 multitudo
1604 407 1664 443 cum
1690 395 1848 447 mulieribus

1021 464 1048 509 et
1076 459 1205 522 [servulis.
1235 460 1335 510 relictis
1369 465 1494 512 oururbus
1522 478 1582 527 quse
1611 465 1755 523 habebunt.
1784 483 1844 519 eum

1021 534 1113 579 securta
1129 533 1181 589 sii:
1197 537 1224 581 et
1248 532 1274 581 bi
1297 533 1343 597 qui
1367 534 1393 581 in
1416 533 1524 584 civitais
1551 544 1743 599 remanserant,
1764 554 1845 604 quam

1021 602 1166 653 crudeliter
1190 610 1216 653 et
1239 617 1321 668 quam
1346 602 1494 655 inhumana
1519 608 1552 657 ub
1576 608 1698 659 hostibus
1723 612 1777 662 siut
1795 627 1843 676 op·

1022 675 1115 735 pressi,
1132 680 1157 725 ct
1173 677 1298 726 miserum
1321 682 1360 726 est
1377 675 1480 739 audire,
1497 684 1523 728 et
1547 680 1626 729 nimis
1651 682 1768 735 taediosae
1784 698 1846 749 pro·

1020 745 1133 797 lixttatrs
1148 764 1291 813 exponere.
1307 749 1362 799 Nisi
1388 751 1459 800 eninr
1484 753 1554 816 regis
1576 754 1721 806 liberalitas
1740 759 1845 820 praedo-

1021 831 1086 868 num
1116 822 1283 871 sevientium
1322 821 1495 885 rapacitatem
1532 834 1720 890 conspesceret,
1748 829 1844 881 diebus

1021 890 1074 940 illis
1090 905 1137 954 pro
1159 899 1232 943 certo
1256 894 1349 943 civitas
1373 899 1464 945 nostra
1489 896 1520 944 ad
1537 902 1684 949 extremum
1705 903 1844 964 pervenis·

1021 967 1062 1012 set
1085 963 1227 1016 excidium.
1253 966 1373 1029 Denique
1396 980 1452 1029 rex,
1476 967 1581 1018 civitate
1604 983 1651 1032 pro
1673 985 1722 1022 suo
1742 972 1845 1036 potitus

1021 1034 1132 1086 arbitrio
1149 1041 1176 1087 ct
1190 1039 1283 1103 positis
1306 1037 1335 1087 in
1357 1052 1387 1088 oa
1405 1040 1541 1098 custodiis,
1557 1042 1653 1091 iterum
1677 1043 1705 1093 iu
1720 1045 1842 1110 Angliam

1022 1119 1147 1157 reversus
1163 1114 1211 1159 cst.

1054 1181 1167 1241 Quidam
1192 1187 1279 1234 autem
1302 1199 1333 1233 cx
1361 1183 1465 1234 clericis
1489 1198 1503 1234 a
1528 1184 1660 1248 principio
1681 1188 1846 1252 promotioni

1023 1254 1147 1319 presulis
1176 1254 1338 1313 insidentes,
1363 1261 1389 1307 et
1412 1256 1487 1307 dolos
1518 1261 1573 1308 tota
1596 1259 1639 1308 dia
1664 1265 1758 1312 contra
1783 1276 1844 1313 eum

1023 1328 1191 1389 meditantes,
1207 1327 1282 1377 illum
1307 1329 1378 1392 apud
1404 1342 1494 1394 regem
1526 1330 1646 1393 graviter
1673 1335 1845 1393 accusabunt,

1023 1399 1180 1449 nuntiantes
1204 1414 1265 1449 eum
1283 1402 1418 1451 conscium
1443 1401 1525 1451 luisse
1550 1403 1718 1464 proditionis,
1734 1407 1845 1469 quaudo

1024 1470 1113 1521 Helias
1136 1484 1235 1533 comes,
1262 1472 1491 1523 consentientibus
1516 1471 1629 1533 civibus,
1647 1474 1781 1527 civitatem
1803 1492 1847 1528 oc·

1024 1543 1140 1606 cuparii,
1166 1548 1193 1593 st
1215 1545 1311 1594 milites
1341 1545 1412 1610 regis
1443 1545 1469 1594 in
1501 1545 1699 1597 munitionibus
1728 1550 1845 1600 obsedit.

146 1627 232 1684 ptum,
262 1616 333 1685 lecto
361 1630 481 1681 vespere,
504 1629 564 1665 cum
593 1616 759 1665 imminentis
794 1614 880 1663 noctis
908 1627 969 1678 pro·
985 1616 1099 1695 BUnde
1130 1630 1191 1666 eum
1222 1631 1268 1667 rex
1291 1624 1444 1682 suspectum
1473 1617 1583 1679 babens,
1602 1625 1628 1670 et
1657 1624 1752 1672 sonim
1782 1636 1843 1673 eum

147 1691 261 1743 fundum
302 1688 438 1738 fluentium
478 1687 638 1746 ssdiessitsel.
669 1702 729 1737 sum
765 1688 885 1737 exercitu
920 1699 968 1736 sno
1024 1702 1129 1755 sempor
1149 1691 1304 1741 occasiones
1318 1704 1451 1756 quaereus,
1470 1690 1603 1742 instanter
1626 1695 1705 1756 atque
1724 1697 1845 1759 pertiue-

148 1764 217 1815 clam
238 1760 369 1819 discessit.
392 1766 418 1811 et
440 1765 528 1811 castra
557 1774 641 1811 vacuo
669 1760 791 1811 hostibus
816 1759 969 1823 dereliquit.

1024 1763 1090 1813 citer
1113 1762 1147 1810 ab
1170 1775 1202 1812 eo
1224 1764 1356 1824 exigebat,
1381 1767 1411 1813 ut
1434 1768 1481 1814 ant
1503 1768 1591 1815 turres
1616 1765 1746 1826 ecclesiis,
1773 1770 1845 1820 nude

68 1890 71 1895 ,
148 1835 227 1888 Cives
254 1836 345 1884 antem
373 1846 452 1883 mune
488 1837 629 1897 surgentes
664 1847 723 1883 eum
751 1833 909 1896 semetipsos
937 1831 1075 1884 ad*aibi
1099 1833 1227 1886 damnum
1251 1835 1352 1886 illatum
1376 1835 1459 1886 luisse
1484 1837 1656 1900 querebatur,
1681 1837 1752 1889 dirui
1774 1854 1846 1904 prse-

147 1922 267 1977 pugnam
293 1920 445 1972 preparare
473 1907 626 1969 ooeqiisseut,
652 1911 788 1973 comperto
816 1908 886 1969 regis
911 1906 970 1956 aba·

148 1996 237 2042 osssu,
262 1984 347 2030 castra
374 1977 446 2029 illins
469 1979 636 2039 invaserunt,
661 1985 688 2030 st
711 1981 846 2030 nemiuem
868 1977 907 2029 ibi
931 1993 970 2029 re·

148 2057 293 2120 pertentes,
308 2051 341 2101 ad
363 2052 473 2115 propria
495 2048 594 2099 reversi
619 2055 690 2100 suut.
716 2051 773 2110 Ouo
797 2048 898 2106 audito,
921 2050 970 2100 He·

148 2126 199 2176 lias
225 2125 322 2175 timeus
349 2136 382 2172 ne
407 2122 486 2172 Fulco
514 2135 603 2171 comes
627 2121 818 2187 proscriptioni
847 2123 907 2187 ejus
932 2123 970 2172 iu·

148 2197 279 2251 tenderet,
309 2194 449 2244 inundavit
474 2193 508 2243 ad
536 2207 564 2243 se
588 2194 752 2258 episcopum,
782 2198 808 2244 et
840 2194 970 2258 quosdam

151 2283 185 2320 ex
209 2265 373 2333 primoribus
394 2264 518 2323 civitatis,
535 2280 568 2316 ex
590 2279 724 2317 consensu
743 2268 821 2328 regis,
840 2270 867 2317 et
889 2268 970 2330 empsit

151 2354 230 2405 egere
256 2352 316 2390 cnm
344 2339 391 2396 ais,
419 2351 519 2400 eosque
544 2337 703 2400 suppliciter
730 2337 881 2401 deprecari,
905 2351 970 2402 qua·

150 2415 229 2462 tenus
258 2411 365 2460 casibus
400 2408 474 2458 illius
514 2407 697 2466 condolentes.
727 2408 814 2459 modis
846 2406 993 2459 omnibns'

148 2484 299 2534 niterentur
338 2480 453 2547 qualiter
488 2479 622 2530 civitatem
659 2480 714 2544 regi
758 2480 904 2537 traderent,
932 2481 971 2543 ip-

149 2567 298 2618 sumqusa
325 2552 441 2603 vinculis
470 2551 626 2603 liberarent.
656 2551 777 2601 Timebat
802 2552 874 2602 enim
898 2552 970 2616 quod

149 2627 230 2678 Fulco
258 2640 357 2689 comes,
390 2626 462 2689 regis
497 2628 624 2689 deceptus
651 2626 817 2683 muneribus,
847 2638 908 2675 cum
939 2638 971 2676 eo

150 2715 242 2766 pacem
265 2701 375 2764 laceret,
391 2704 472 2766 atqua
494 2698 599 2753 civitate
627 2698 735 2757 tradita,
753 2704 882 2763 perpetuo
897 2699 971 2748 dam-

150 2778 261 2826 naretur
275 2771 379 2824 exsilio.
394 2772 542 2836 Episcopus
559 2775 658 2828 autern,
676 2775 702 2821 et
725 2771 771 2835 qui
793 2785 853 2821 cum
869 2784 900 2821 eo
923 2785 970 2821 ve·

151 2848 256 2902 nerant,
272 2844 331 2909 ejus
356 2844 494 2905 augustias
516 2844 681 2902 miserantes,
703 2856 763 2893 cum
787 2857 848 2907 rege
865 2844 897 2894 tle
913 2843 972 2908 ejus

152 2915 309 2968 liberatione
336 2915 426 2974 loculi,
456 2929 516 2966 cum
549 2930 579 2965 co
617 2916 669 2967 talo
703 2922 809 2980 pactum
839 2915 970 2975 lecerunt,

1025 1905 1134 1971 ciperet,
1159 1913 1206 1957 ant
1236 1912 1297 1972 post
1326 1909 1424 1971 ipsum,
1456 1913 1559 1959 remota
1590 1908 1663 1959 omni
1692 1913 1835 1963 occasione

1025 1977 1053 2029 in
1083 1979 1208 2044 Angliam
1241 1979 1433 2031 transtretarei.
1462 1980 1511 2041 Qui
1541 1980 1605 2032 licet
1632 1982 1743 2043 invitus,
1775 1989 1848 2049 regis

1024 2056 1115 2102 tamen
1141 2054 1252 2113 urgente
1278 2052 1400 2116 imperio,
1432 2054 1519 2114 vertet,
1545 2054 1637 2112 nollet,
1663 2054 1744 2105 maris
1773 2057 1846 2122 peri·

1024 2123 1085 2174 cula
1098 2124 1188 2173 subire
1211 2128 1318 2175 coactus
1340 2130 1388 2181 est,
1413 2123 1503 2189 ibique
1528 2139 1589 2176 eum
1611 2139 1656 2176 rex
1671 2126 1781 2188 iterum,
1797 2128 1847 2180 sti-

1024 2195 1189 2246 mulantibus
1212 2196 1331 2259 «mentitis,
1355 2196 1388 2245 da
1411 2199 1525 2246 turrium
1556 2197 1737 2250 destructione
1764 2202 1847 2265 coepit

1023 2268 1200 2318 vehementer
1225 2282 1329 2333 urgere,
1354 2269 1431 2333 eique
1455 2268 1490 2318 ob
1513 2268 1583 2320 hauc
1614 2284 1720 2322 causam
1745 2271 1844 2324 intole-

1024 2340 1134 2390 rabilem
1166 2338 1263 2389 iulerre
1291 2340 1449 2390 molestiam.
1481 2340 1624 2400 Gruterum,
1655 2356 1708 2407 quo
1738 2343 1842 2396 lucitem

1025 2415 1051 2460 et
1074 2410 1185 2460 celerem
1210 2410 1333 2461 effectum
1365 2411 1475 2461 allectus
1499 2426 1569 2477 regns
1602 2413 1743 2478 obtineret,
1767 2417 1846 2467 obtu-

1025 2484 1056 2533 lit
1071 2482 1189 2546 poutiiici
1207 2485 1351 2534 maximum
1375 2485 1481 2547 pondus
1505 2486 1563 2535 auri
1588 2491 1614 2536 ot
1635 2491 1750 2552 argenti,
1773 2491 1848 2541 unde

1025 2556 1179 2619 sepulcrum
1199 2556 1269 2606 beuti
1291 2556 1390 2605 tuliani
1413 2557 1569 2619 boriorilice,
1592 2556 1648 2609 iuro
1672 2562 1705 2610 nd
1728 2558 1848 2625 ignomi-

1025 2627 1096 2676 niam
1123 2629 1313 2688 sempiternum
1339 2627 1394 2677 lieri
1420 2627 1570 2690 potuissct;
1595 2643 1658 2680 num
1683 2631 1742 2682 talis
1764 2633 1847 2684 iusta·

1025 2699 1071 2748 bei
1093 2699 1220 2756 conditio,
1249 2700 1388 2750 utstatim
1420 2703 1507 2751 turres
1531 2702 1649 2752 ecclesias
1679 2703 1847 2757 delerentur.

1025 2768 1105 2835 Cujus
1136 2772 1288 2834 pactionem
1319 2772 1461 2822 toxicatum
1500 2773 1668 2824 Hildebertus
1698 2776 1847 2838 prudenter

1026 2855 1165 2905 respuens,
1192 2844 1259 2894 dixit
1276 2856 1283 2894 τ
1302 2843 1354 2894 Nur
1388 2858 1502 2895 curemus
1538 2845 1565 2894 ist
1597 2845 1719 2910 pertidus·
1750 2851 1848 2900 nostris

1026 2913 1181 2978 artificibus,
1197 2915 1241 2981 qui
1256 2918 1357 2965 tuntum
1379 2930 1442 2979 opes
1459 2930 1570 2979 eunucus
1590 2919 1710 2968 noverint
1725 2923 1831 2986 operari
1840 2934 1852 2985 ,·

150 2993 181 3041 nt
208 2991 230 3039 si
266 3002 358 3040 eorum
390 2987 503 3038 consilio
540 2993 620 3054 atqua
657 2987 766 3052 ingenio
797 2987 848 3039 sibi
879 2991 1058 3071 ciritasCec
1085 2989 1144 3039 binc
1176 2989 1253 3051 repis
1284 2987 1407 3051 coaptarit
1440 2987 1610 3052 dispositioni
1643 2993 1696 3039 torn
1735 2991 1851 3056 citiusne

150 3061 309 3119 traderetur,
337 3060 395 3124 ipss
420 3059 523 3110 Heliam
553 3060 676 3111 comitem
705 3059 826 3124 quietum
854 3065 880 3111 et
907 3060 972 3111 libe·
1026 3076 1103 3127 opero
1127 3063 1152 3110 et
1176 3064 1304 3126 impensu,
1329 3061 1358 3111 iu
1388 3062 1461 3121 cuius
1481 3075 1561 3125 repas
1592 3063 1617 3111 et
1647 3062 1783 3113 attrociter
1807 3078 1852 3114 re-

149 3147 209 3185 rum
245 3132 319 3183 abira
348 3133 521 3196 permitteret.
551 3131 628 3190 Quod
665 3132 804 3198 negotium
838 3131 972 3183 industria
1026 3133 1126 3197 folperti
1150 3133 1271 3197 artifices,
1297 3139 1323 3182 et
1343 3130 1492 3183 narrassem
1515 3136 1655 3196 operantur
1684 3133 1848 3188 coetaturum.

149 3204 272 3270 presentis
305 3202 417 3253 celerius
449 3217 528 3268 quarn
561 3202 719 3267 sperabatur
750 3203 896 3266 ellectum
929 3218 972 3255 eo·
1026 3205 1219 3255 Verumtamen
1250 3203 1422 3254 Hildebertus
1460 3201 1565 3267 maguis
1602 3205 1721 3269 undique
1760 3219 1850 3258 coarc·

151 3277 265 3340 demque
280 3278 403 3340 temporo
419 3279 445 3325 et
469 3276 523 3337 reqi
550 3274 653 3339 civitas,
678 3278 705 3325 et
728 3276 830 3327 consuli
855 3276 971 3326 abeundi
1026 3278 1132 3328 labatur
1160 3273 1383 3339 angustiisque
1412 3273 1464 3325 sibi
1491 3281 1518 3326 et
1540 3275 1572 3326 de
1596 3275 1668 3337 roais
1696 3275 1848 3330 offensione

149 3346 260 3398 libertos
285 3347 390 3398 reddita
414 3351 462 3397 est.
487 3349 542 3398 ilex
573 3362 636 3412 erqo
668 3355 776 3413 recepta
800 3349 917 3407 civitate,
945 3352 973 3398 st
1025 3348 1225 3414 periculum,et
1248 3348 1281 3396 do
1299 3346 1382 3398 turris
1405 3347 1586 3400 destructione
1607 3346 1659 3399 sibi
1682 3355 1709 3398 et
1727 3348 1848 3401 ecclesias

150 3421 245 3486 positis
269 3421 298 3470 iu
325 3418 522 3470 munitionibus
547 3419 606 3481 eius
635 3422 750 3483 copiosis
778 3418 906 3484 virorum,
931 3433 971 3471 ar·
1026 3435 1082 3471 sues
1097 3419 1236 3470 imminere
1252 3422 1352 3484 grands
1377 3419 1541 3482 previdebat
1561 3419 1749 3484 opprobrium,
1766 3436 1847 3487 prop·

151 3505 269 3554 morum,
288 3505 464 3557 escarumque
489 3491 673 3556 presidiis,iu
696 3492 821 3557 Augiiam
846 3492 971 3543 transtre-
1025 3496 1068 3543 ter
1093 3492 1165 3556 quod
1191 3504 1206 3540 a
1231 3504 1292 3555 rega
1324 3489 1482 3540 dilationem
1508 3493 1623 3554 petebat,
1648 3491 1735 3543 donec
1766 3507 1849 3560 snper

151 3563 227 3617 terit.
1026 3562 1068 3613 lais
1082 3561 1225 3612 eonsilium
1252 3561 1409 3627 accepisset.
1425 3562 1481 3621 Qua
1506 3563 1550 3612 vix
1566 3563 1716 3627 impetrato,
1734 3579 1848 3616 cernens

182 3639 288 3687 interea
314 3636 402 3686 Helius
432 3635 504 3698 apud
535 3639 651 3685 castrum
677 3632 734 3693 Lid,
768 3640 794 3685 et
820 3636 848 3686 in
878 3634 973 3687 castris
1026 3634 1262 3698 tibiaequequam
1290 3647 1348 3683 esse
1373 3633 1480 3683 utileiu
1505 3633 1558 3685 iltis
1576 3635 1848 3699 regionibusdiutius

150 3707 250 3758 circuni
282 3708 377 3771 positis
404 3707 566 3766 morabatur,
597 3712 676 3769 atque
704 3708 774 3757 vires
806 3721 869 3757 suas
896 3709 972 3773 quasi
1027 3707 1172 3765 immorari,
1197 3707 1311 3757 breviter
1336 3706 1367 3755 ad
1393 3720 1468 3756 suum
1493 3712 1672 3757 reversussst
1697 3708 1848 3760 ecclesiam.

149 3783 243 3829 taurus
266 3779 293 3826 in
316 3777 426 3827 latebris
450 3778 595 3842 sylvarum,
622 3778 655 3827 ad
680 3791 751 3827 nova
774 3778 972 3838 certaminum
1027 3779 1128 3830 Detulit
1159 3778 1238 3841 plane
1265 3777 1319 3827 duo
1356 3777 1477 3842 preciosa
1511 3778 1633 3835 cimbala,
1663 3782 1691 3830 et
1721 3783 1848 3844 optimam

149 3854 280 3914 qnantum
305 3851 418 3912 potarat,
452 3849 602 3912 reparabat,
625 3850 733 3899 castella
763 3863 809 3899 sua
845 3850 912 3900 uallo
935 3856 973 3901 at·
1027 3865 1138 3915 cappam
1157 3851 1336 3915 depellio,ct
1359 3850 1533 3913 dunspelres
1556 3854 1851 3914 argenteasonmaiiis

151 3934 203 3987 que
233 3920 305 3970 losse
335 3921 491 3980 muniendo,
521 3935 552 3970 uc
577 3920 626 3971 eibi
662 3923 808 3971 vicinorum
842 3924 973 3972 amicitias
1027 3924 1201 3981 ornamentis,
1225 3921 1322 3987 quibus
1348 3922 1487 3987 hucusque
1514 3928 1606 3974 nostra
1634 3931 1747 3975 ornatur
1768 3925 1852 3977 eccle·

150 3999 231 4057 atquo
255 3992 353 4042 auxilia
376 3991 578 4043 consciscendo.
603 3992 721 4058 lienique
749 3995 872 4058 sequenti
896 3999 973 4045 aetate
1028 3999 1077 4046 sia.

151 4077 250 4127 magno
271 4062 422 4114 vicinorum
449 4068 529 4126 atque
552 4065 700 4114 amicorum
724 4068 839 4115 exercitu
862 4079 975 4130 congre·
1058 4068 1163 4117 interea
1192 4065 1290 4128 prresnl
1329 4065 1362 4115 de
1399 4070 1533 4131 precepto
1564 4067 1637 4131 regis
1674 4067 1852 4121 rabemeutcr

151 4144 224 4202 gato,
249 4150 304 4186 non
328 4136 405 4200 louge
435 4150 451 4186 a
474 4137 579 4187 civitate
604 4136 765 4199 improvisus
788 4139 973 4198 advenit3cni
1029 4139 1184 4203 anxieque
1210 4139 1283 4187 urbis
1306 4136 1491 4191 incendiaria
1515 4139 1657 4190 domorum
1683 4145 1709 4192 ei
1729 4144 1851 4192 omnium

152 4211 251 4261 milites
278 4210 349 4273 regis
379 4208 534 4260 simulcum
566 4210 666 4273 portule
699 4223 783 4273 usque
804 4211 837 4259 ad
862 4210 973 4260 Pontem
1028 4225 1118 4263 rerum
1144 4223 1251 4259 suerunt
1276 4210 1468 4268 destructione,
1494 4212 1526 4260 de
1558 4211 1656 4261 civium
1682 4214 1854 4275 expulsione,

152 4286 250 4352 Leugae
266 4284 399 4336 hostiliter
422 4289 602 4340 occurrentes,
618 4298 678 4334 cum
696 4286 755 4348 ejus
771 4286 900 4349 impetunt
919 4301 974 4335 sus·
1029 4283 1117 4348 primo
1129 4286 1218 4332 tamen
1244 4282 1277 4331 do
1302 4283 1470 4337 clerinuum,
1493 4297 1562 4347 qnos
1585 4284 1713 4333 violentia
1730 4287 1802 4351 regis
1820 4286 1853 4336 ab

152 4357 486 4421 tinersnouposecnt,in
510 4357 735 4421 lugamconversi
759 4359 974 4409 suntillsvero
1030 4356 1095 4407 urba
1133 4357 1326 4409 eiinnuaverat,
1361 4355 1527 4418 dispersione
1572 4357 1767 4414 onustissimus,
1806 4358 1853 4409 liet

153 4442 233 4479 smne
250 4430 416 4488 transmisso,
440 4443 486 4479 eos
512 4430 624 4478 viriliter
647 4429 792 4486 tuscanus,
814 4433 894 4494 atque
914 4445 973 4481 curu
991 4407 1012 4472 D
1029 4429 1223 4491 omnipotentis
1246 4428 1418 4478 clerucutiam
1442 4429 1544 4491 jupiter
1571 4429 1740 4493 precabatur.
1767 4432 1797 4479 nt
1820 4431 1853 4480 ub

153 4515 202 4551 suo
231 4500 347 4551 exercitu
379 4501 523 4556 civitatem.
551 4499 626 4551 nullo
652 4500 822 4563 prohibente,
851 4501 978 4553 audacter
1028 4502 1145 4553 Ecclesia
1161 4506 1188 4549 et
1209 4501 1309 4564 pupulo
1333 4499 1382 4549 sibi
1407 4501 1551 4550 commissu
1571 4503 1637 4551 iram
1659 4501 1854 4563 iridipnationta

154 4572 301 4635 ingressus,
328 4586 375 4622 cos
403 4574 449 4637 qui
473 4574 500 4623 iu
527 4572 724 4623 munitionibus
748 4577 833 4631 erant,
858 4575 977 4638 repenti·
1029 4589 1084 4626 snm
1115 4576 1273 4637 dignaretur
1297 4578 1427 4624 avertere.
1453 4573 1577 4623 dlisertus
1607 4581 1695 4625 aulem
1726 4577 1855 4627 Dominus

156 4656 191 4695 ua
216 4643 358 4694 obsidione
390 4643 530 4694 conclusit.
556 4644 590 4694 at
616 4644 653 4693 illi
680 4644 726 4709 qni
753 4650 830 4695 ernist
855 4647 881 4695 iu
906 4660 976 4703 arce,
1029 4645 1184 4698 afflictionis
1212 4644 1291 4703 illius,
1323 4645 1537 4709 indignationem
1570 4660 1646 4695 suam
1676 4648 1746 4695 tiltra
1772 4661 1851 4712 qnam

155 4714 361 4777 lactorespere,
386 4716 474 4779 ignem
493 4718 637 4766 maximum
663 4715 888 4771 iu·endsntss.in
913 4717 976 4767 sub·
1029 4716 1130 4783 sperari
1168 4723 1282 4780 potenn,
1322 4715 1475 4778 mitigavit:
1504 4721 1530 4766 et
1568 4717 1649 4767 lactes
1682 4717 1854 4769 inimicorum

152 4787 239 4852 jactes
261 4786 354 4836 domos
381 4787 508 4837 ardentes
531 4787 633 4837 loculus
659 4800 763 4837 sumnia
788 4788 914 4838 instantia
935 4802 979 4851 Ja·
1030 4792 1089 4855 ejns
1112 4788 1261 4843 iunouiiuia
1284 4794 1310 4836 ei
1334 4789 1494 4837 contusione
1520 4789 1639 4850 reptavit,
1668 4793 1698 4838 ut
1718 4789 1852 4841 carriicum

156 4863 390 4922 susceceperunt.
412 4857 484 4919 Ignis
501 4872 564 4909 vero
586 4858 667 4909 ssauta
691 4857 760 4908 Huro
780 4860 977 4915 couvalescens.
1030 4877 1122 4914 coruus
1140 4864 1166 4910 iu
1192 4862 1304 4913 litatum,
1320 4865 1345 4908 et
1368 4874 1498 4917 ornanum
1516 4875 1609 4910 currunt
1628 4862 1655 4911 in
1676 4874 1766 4912 rocetu
1786 4863 1856 4914 lieu·

156 4934 239 4980 tutum
272 4930 408 4979 civitatem
446 4943 506 4979 cnut
540 4944 637 4995 inagna
676 4941 751 4992 parte
788 4929 978 4980 suuttrbiornur
1030 4938 1096 4985 liunt
1121 4938 1279 4982 verteretur.
1304 4931 1369 4980 Nutu
1394 4943 1438 4980 rex
1464 4933 1508 4980 iile
1530 4934 1666 4996 quoudsru
1696 4934 1857 4993 ortulanum,

155 5003 332 5066 consumpsit.
357 5003 415 5062 Quo
445 5002 570 5053 iuceudio
604 5003 720 5067 populus
742 5004 916 5064 stupetactus,
940 5010 979 5054 at·
1030 5007 1120 5072 quiin
1146 5006 1244 5053 virlnto
1269 5017 1317 5050 sua
1339 5001 1499 5057 confidebat,
1524 5012 1550 5053 et
1571 5003 1598 5052 in
1617 5003 1857 5057 multitudines:-

155 5088 207 5141 qus
231 5076 259 5124 in
289 5072 446 5125 maestitiam
471 5089 626 5132 conversus,
654 5088 706 5123 nou
736 5072 802 5124 satie
825 5077 908 5126 lidum
933 5089 980 5125 co·
1031 5080 1128 5128 ercitns
1152 5078 1178 5123 et
1201 5071 1354 5121 siiritisrnm
1386 5086 1494 5122 suerunt
1522 5073 1695 5131 eleuabatur,
1726 5074 1773 5140 qui
1799 5091 1855 5128 uon

157 5147 216 5198 miti
241 5149 386 5210 prestabat
415 5147 556 5197 attxilinm.
583 5147 676 5198 Comes
701 5161 764 5196 vero
797 5154 890 5199 contra
920 5163 981 5199 mu·
1031 5152 1135 5199 tautum
1164 5146 1326 5206 domesticis,
1363 5146 1408 5193 scd
1437 5151 1464 5194 ei
1494 5145 1612 5195 liuttiuns
1642 5147 1856 5214 circumquaque

156 5218 284 5276 ultiones,
309 5219 446 5270 rnacbinas
469 5227 549 5284 atque
575 5224 707 5269 tormenta
729 5221 761 5269 ad
782 5222 923 5282 jactandos
945 5221 982 5270 la·
1031 5219 1139 5284 populis
1165 5221 1291 5279 tanquam
1323 5217 1365 5264 teo
1396 5214 1587 5278 larocissimus,
1618 5216 1742 5266 terribilis
1770 5218 1857 5271 brabe-

143 5291 234 5356 ¹pides
251 5291 428 5355 aripennem
448 5291 494 5357 qui
511 5292 586 5342 iuius
610 5295 697 5348 erant,
713 5305 817 5341 summo
840 5305 981 5342 conantius
1032 5294 1119 5347 batur,
1136 5293 1244 5352 repente
1271 5289 1413 5343 contritus.
1429 5295 1455 5337 et
1479 5303 1562 5352 usqne
1587 5288 1619 5338 ad
1645 5294 1742 5340 terram
1765 5290 1859 5342 bemi-

156 5376 311 5427 sxpuquare
335 5366 477 5414 nitebatur.
503 5368 535 5414 st
565 5363 602 5413 illi
631 5368 724 5413 contra
750 5363 894 5414 msclriuas·
911 5364 981 5428 ejus,
1032 5365 1120 5420 liatus,
1147 5374 1207 5410 cum
1235 5360 1308 5409 omui
1325 5359 1411 5419 aleria
1438 5373 1487 5410 sna
1512 5360 1586 5410 velut
1616 5360 1707 5411 tumus
1736 5366 1861 5414 evannit.

156 5435 295 5486 machinas
309 5435 448 5493 iacientes,
463 5439 554 5487 omnia
576 5436 635 5501 ejus
651 5434 787 5484 molimina
808 5436 981 5487 lrustrubant.
1033 5437 1101 5487 Dum
1126 5431 1198 5482 euim
1227 5431 1343 5496 quadam
1371 5431 1414 5482 die
1440 5431 1467 5482 iu
1498 5435 1600 5497 sylvam
1629 5433 1746 5484 renaudi
1770 5436 1862 5500 gratia

156 5506 276 5558 Cernens
306 5509 388 5571 igitur
417 5506 482 5572 quia
504 5508 571 5558 nihii
596 5505 742 5570 proliceret,
765 5513 793 5556 st
822 5508 894 5571 quod
924 5506 983 5572 ejus
1033 5506 1200 5575 perrexisset.
1224 5506 1257 5555 ab
1282 5518 1337 5555 uno
1367 5518 1399 5554 ea
1426 5502 1558 5554 militibus
1590 5505 1636 5569 qui
1657 5518 1748 5556 secum
1770 5508 1862 5561 lerant

157 5579 285 5644 paulatim
300 5579 464 5633 dilaberetur
488 5581 630 5637 exercitus,
656 5581 779 5642 regisque
802 5580 897 5630 timore
921 5593 982 5644 per·
1033 5584 1130 5645 sagitta
1153 5591 1306 5645 percussus,
1328 5575 1440 5644 interiit.
1464 5576 1539 5645 ¹Quod
1566 5591 1626 5645 cum
1652 5589 1742 5627 eomes
1768 5577 1862 5633 Helias

56 5692 61 5701 .
159 5652 278 5712 territus,
304 5651 352 5718 qui
374 5666 436 5704 cum
457 5653 575 5703 maximo
599 5652 718 5702 exercitu
745 5652 801 5701 suls
821 5652 984 5715 properabat
1033 5653 1216 5715 comperisset,
1241 5650 1299 5700 sius
1323 5661 1398 5699 mors
1421 5661 1482 5698 cnm
1501 5649 1599 5712 populo
1623 5647 1669 5714 qui
1694 5662 1757 5702 eum
1778 5666 1862 5705 secu·

158 5738 331 5790 succurrere;
356 5726 471 5792 proprias
503 5725 585 5778 satuti
608 5723 761 5783 consulens,
792 5723 884 5775 relicta
914 5724 979 5775 obsi·
1035 5726 1187 5786 tuslnsrat,
1209 5723 1243 5774 ad
1267 5722 1400 5774 civitatem
1425 5723 1509 5787 venit,
1529 5727 1556 5775 et
1577 5736 1624 5775 sos
1646 5721 1694 5789 qni
1716 5723 1746 5775 ln
1767 5725 1863 5778 muni·
