3802 6030
56 213 136 282 sess
198 184 200 189 ’
617 214 713 278 vira
733 211 769 275 a.
794 211 994 280 ulamau.
1017 244 1057 264 -
1078 217 1154 280 ars.
1176 217 1203 278 1.
1490 172 1492 176 ⁸
1687 218 1766 283 assa

57 348 132 406 Ossa
153 349 223 417 tegit
235 349 321 420 cujus
336 346 415 405 sedis
428 346 512 404 locus
529 348 657 423 inclytus
673 349 773 422 hujus,
897 356 924 421 Α
942 352 997 409 Sed
1014 352 1096 426 cupit
1110 352 1251 408 abscondi
1268 351 1381 425 lugiens
1395 369 1412 408 a
1425 352 1542 410 turbine
1558 353 1673 425 mundi,

55 438 150 495 Annis
165 445 209 495 ter
223 439 307 495 denis
319 437 413 510 justis
428 453 515 511 quarn
534 439 608 495 rexit
622 439 756 498 habenis.
937 441 1175 513 contemplative
1190 449 1295 513 captus
1311 439 1462 498 dulcedine
1477 444 1552 498 uitae.

59 526 167 584 Praesul
182 529 366 600 magnitlcus,
382 544 507 584 summae
522 527 643 584 Deitatis
656 530 774 588 amicus.
937 528 1010 587 Nam
1027 530 1110 587 labor
1124 536 1168 586 eat
1185 529 1295 587 multus
1312 531 1477 586 mundanos
1494 534 1567 586 terre
1581 529 1728 599 tumulus,

57 616 110 674 Hic
125 617 287 674 Mediolano
300 621 438 688 regnante
452 623 548 674 status
558 617 688 685 tuliano,
938 621 1016 686 Quos
1032 620 1148 691 penitus
1163 622 1257 676 nescit
1267 621 1317 692 qui
1333 621 1557 693 contemplanda
1572 621 1707 692 quiescit.
1816 640 1818 645 ¹

55 704 147 763 Clare
163 709 254 779 stirps
278 706 387 779 gentis,
404 707 454 764 ssd
472 708 581 765 clarior
596 707 694 764 indole
711 709 828 773 mentis,
937 713 1013 781 Ergo
1029 710 1142 765 vicinus
1157 711 1309 766 descendit
1323 711 1357 765 ed
1372 710 1581 781 andegavinos,

59 796 121 861 Est,
139 795 272 865 Martius,
288 799 373 852 dutus
388 796 441 852 tibi
457 812 546 853 causa
571 796 776 870 discipulatus,
940 796 975 854 ur
990 797 1121 854 inrethrs
1138 799 1242 868 presul
1261 800 1355 853 lactus
1369 797 1510 854 diuinitus
1525 796 1620 856 exsul.

59 885 151 956 loque
167 885 250 941 tibris
265 886 357 942 sacris
372 886 428 941 luit
442 887 550 959 ingenii
568 903 640 958 puer
653 889 739 943 acris.
939 883 1040 941 Stabat
1050 884 1178 942 Calunne
1193 885 1418 943 simulacrorum
1430 903 1522 949 uanus
1535 903 1643 957 osune;

58 973 138 1030 AEtaa
154 972 184 1029 in
200 973 273 1030 cella
288 975 431 1042 residens,
442 978 524 1032 rudis
540 981 628 1048 atque
643 978 759 1046 tenella,
939 974 981 1027 ad
997 973 1121 1046 Ligerim
1138 978 1251 1047 positus
1267 976 1349 1033 locus
1360 983 1405 1032 est
1420 976 1475 1033 hoe
1486 976 1603 1033 nomine
1618 977 1727 1049 dictus,

56 1065 116 1120 Sub
134 1063 228 1120 lerula
243 1063 294 1119 lali
312 1067 443 1121 doctrina
454 1066 516 1137 jam
533 1067 665 1138 speciali,
940 1061 972 1118 lu
988 1064 1077 1119 veteri
1094 1065 1159 1119 lano
1174 1064 1339 1121 celebratus
1356 1081 1436 1121 more
1452 1067 1584 1138 prot'ano.

58 1150 109 1207 Est
124 1150 237 1207 imbuta
248 1151 334 1209 bunis
349 1152 452 1209 divina
463 1155 631 1211 traditionis
645 1173 652 1223 ;
939 1155 992 1209 Hic
1009 1153 1135 1227 populus
1152 1154 1271 1223 stultus,
1287 1154 1344 1211 reri
1362 1171 1434 1225 gens
1447 1155 1545 1210 nescia
1560 1153 1669 1223 cultus,

58 1239 162 1296 1Μῖ
181 1238 239 1295 Neo
255 1241 883 1314 mundanarumsordesbrbitillecebrarum,
938 1241 1042 1299 surdis
1056 1247 1086 1299 et
1114 1245 1202 1299 mutis
1218 1260 1285 1300 cum
1301 1245 1463 1316 perditione
1478 1243 1581 1300 salutis

61 1327 115 1384 Sed
133 1330 217 1401 quasi
234 1345 285 1385 ras
301 1346 420 1401 purum,
432 1330 610 1404 quasivasin
623 1332 884 1401 honoraluturum,
938 1332 1033 1405 Impia
1049 1334 1136 1390 thura
1151 1332 1250 1403 dabat,
1264 1333 1470 1407 pecudumque
1479 1350 1583 1391 cruore
1597 1333 1711 1391 litabat.

58 1416 161 1475 lnooxt
174 1418 267 1475 itestae
282 1435 403 1475 succum
418 1420 535 1476 virtutis
549 1422 687 1479 honestae.
940 1422 1066 1479 Sanctus
1079 1422 1245 1495 Mamilius,
1263 1423 1388 1495 regionis
1404 1422 1557 1496 apostolus
1572 1422 1675 1493 hujus,

60 1506 117 1563 Sed
134 1523 186 1580 pro
202 1507 346 1565 catholica
361 1508 520 1567 Martinam
538 1528 604 1582 pars
624 1511 745 1569 inimica
940 1510 976 1569 Ut
991 1512 1092 1569 didicit
1108 1514 1220 1577 lanum,
1237 1512 1385 1586 ritumque
1402 1528 1520 1568 manere
1536 1513 1695 1584 profanum

60 1595 191 1652 Errantis
208 1597 302 1653 turbas
314 1598 375 1669 jam
392 1600 469 1656 dicta
486 1600 584 1671 pulsat
603 1602 639 1656 ab
660 1601 742 1667 urbs,
941 1600 983 1658 Ne
999 1602 1064 1658 lldei
1082 1600 1206 1668 cultum,
1221 1617 1308 1673 quem
1326 1601 1380 1673 lam
1394 1602 1542 1675 gaudebat
1557 1600 1705 1670 adultum,
1736 1591 1739 1596 ’

58 1684 151 1750 Quem
169 1687 281 1743 ratione
292 1688 354 1758 pari
367 1704 437 1760 puer
451 1687 501 1744 ilis
511 1689 610 1746 rotans
627 1689 761 1745 comitari
903 1693 988 1782 Bsic
999 1691 1049 1747 ubi
1065 1695 1194 1760 restaret,
1209 1696 1294 1746 vetus
1308 1690 1445 1763 impietas
1460 1691 1586 1757 vitiaret,

59 1772 292 1833 interdicentum
309 1778 450 1834 retinetur
463 1794 562 1834 arnore
578 1786 743 1850 parentum.
946 1779 1019 1836 llluo
1034 1780 1177 1847 accessit;
1192 1796 1258 1836 mox
1274 1796 1357 1835 arma
1372 1789 1456 1835 sueta
1470 1780 1606 1851 capessit,

59 1865 232 1921 ambrosius
243 1882 356 1922 murum
373 1867 479 1939 praesul
496 1869 673 1924 documenta
688 1868 831 1924 bonorum
944 1868 1083 1925 Pradicat
1098 1869 1222 1935 insanis,
1240 1874 1271 1924 ut
1287 1867 1398 1925 nollent
1413 1869 1532 1924 credere
1546 1869 1641 1937 vauls,

62 1955 193 2010 &rueris
210 1959 239 2009 in
256 1971 356 2027 puero,
369 1956 455 2026 jubet
470 1955 549 2013 hunc
563 1958 701 2013 accedere
712 1956 800 2021 clero,
943 1957 1072 2030 Jejuual,
1084 1956 1187 2030 plorat,
1202 1957 1316 2030 vigilat,
1333 1956 1537 2029 prosternitur,
1552 1963 1624 2013 orat.

65 2040 99 2098 lit
113 2043 173 2098 lora
187 2042 337 2110 lectorem,
355 2046 539 2118 spondetque
553 2046 679 2118 gradum
697 2047 850 2118 potiorem.
943 2051 1009 2102 Mox
1025 2046 1158 2118 precibus
1173 2047 1272 2118 dignis
1283 2048 1399 2102 divinus
1415 2046 1517 2102 militat
1530 2045 1619 2118 ignis,

64 2130 120 2187 Sed
138 2148 194 2190 non
212 2139 276 2203 post
291 2133 386 2190 multu
403 2137 484 2207 pueri
500 2137 629 2208 genitore
644 2136 770 2208 sepulto,
944 2141 1016 2192 brce
1031 2153 1117 2192 ruens
1133 2136 1197 2192 caeli
1212 2137 1274 2192 vice
1288 2135 1510 2207 grandinis,aut
1525 2137 1585 2191 viee
1600 2133 1660 2204 teli,

64 2219 226 2278 Obstiterat
241 2224 328 2296 cujus
347 2225 484 2281 violentia
500 2227 616 2283 nisibus
631 2226 730 2298 hujus,
944 2225 1026 2291 Ouod
1042 2224 1118 2282 volat
1129 2227 1284 2292 emissum.
1301 2223 1469 2296 revolatque
1481 2242 1606 2297 peraera
1618 2225 1728 2283 lissum.

63 2308 105 2366 Ne
121 2312 202 2383 prius
217 2314 360 2385 arriperet
377 2316 453 2386 quod
470 2315 583 2371 volvere
598 2317 684 2372 corde
701 2315 819 2386 soleret,
943 2316 1081 2372 Protinus
1095 2321 1231 2371 exustum
1248 2315 1367 2370 recubat
1383 2313 1531 2384 penetrale
1539 2322 1695 2372 vetustum.

63 2398 132 2456 lam
148 2399 221 2457 liber
236 2401 341 2471 lactus,
353 2403 417 2476 jam
434 2415 700 2477 congruatempora
714 2413 819 2463 nactus
944 2403 1047 2463 ms
1064 2402 1767 2476 Ultrixdammavoratquidquidgentilisadorat.

65 2487 128 2544 Exii
145 2490 181 2546 ab
196 2493 258 2547 aede
273 2495 375 2563 patrie,
392 2509 444 2549 nec
459 2494 569 2567 cogitat
584 2498 682 2551 oscula
697 2496 811 2553 matris.
943 2494 1070 2550 Numine
1085 2492 1209 2549 Vulcani
1227 2493 1388 2548 miscentur
1404 2492 1605 2550 nuurinaiaui.

70 2583 268 2654 Spernitopes
288 2582 403 2649 mundi,
419 2586 516 2641 studio
535 2591 700 2658 preventus
715 2585 813 2645 eundi.
945 2583 996 2642 Per
1011 2581 1146 2639 cumulos
1161 2580 1267 2639 cineris
1281 2580 1417 2637 conllatio
1432 2580 1555 2638 volvitur
1568 2583 1643 2641 eris.

68 2671 183 2726 Gaudet
197 2671 304 2729 babere
320 2690 433 2744 parrum,
449 2675 498 2746 qui
515 2675 599 2731 tedet
620 2675 800 2733 diuitiarum.
942 2672 1057 2742 Jupiter
1071 2680 1097 2728 et
1111 2671 1189 2728 luno
1205 2671 1427 2727 ricoversantur
1443 2671 1472 2726 in
1486 2688 1554 2728 uno.

67 2756 188 2827 Indigus
199 2775 263 2815 esse
278 2761 370 2832 cupit,
383 2761 449 2830 quis
465 2761 550 2818 noxia
565 2761 680 2818 vincula
695 2762 783 2833 rupit.
943 2761 1071 2818 Phoeuus
1086 2776 1153 2817 cum
1170 2759 1241 2816 luna
1256 2769 1420 2832 perterrarn
1437 2759 1560 2828 uoluitur
1575 2777 1644 2830 una,

65 2847 217 2906 christum
234 2857 332 2908 manle
347 2853 544 2925 gerit‚prater
559 2852 760 2929 quemnilsibl
775 2852 890 2926 querit.
943 2853 1075 2924 Cumque
1094 2867 1147 2907 suo
1164 2848 1276 2907 moecbo
1291 2847 1391 2906 Venus
1408 2848 1476 2922 igne
1499 2850 1654 2908 resolvitur
1671 2867 1767 2926 aquo.

68 2934 203 3008 Dumque
217 2939 314 2996 locum
331 2947 435 3009 mutat,
462 2942 576 2999 nullum
591 2946 724 3016 degente
737 2940 858 3000 salutat.
944 2940 1030 2997 Furta
1045 2939 1100 2995 tori
1117 2946 1213 3012 punit,
1225 2939 1296 2995 dum
1313 2938 1625 2996 iuresMulciberunit.

69 3022 192 3100 Respuit
205 3029 328 3087 allectus
338 3032 471 3089 carnales
487 3033 584 3089 nobile
600 3039 712 3103 pectus.
947 3029 1056 3086 Caetera
1071 3027 1208 3084 ialsorum
1225 3026 1385 3083 simulacra
1398 3028 1521 3083 nefanda
1536 3028 1656 3085 deorum

69 3113 380 3193 Martinumquesequi
396 3138 457 3177 rem
474 3121 612 3194 ponderis
626 3122 754 3177 aestimat
768 3119 854 3195 equi,
906 3080 929 3150 c
947 3119 1134 3177 Consimilem
1151 3117 1264 3173 cladem
1281 3118 1336 3172 sub
1349 3123 1426 3172 sorte
1441 3121 1590 3173 morentur
1603 3119 1717 3175 eadem.

69 3201 112 3259 Ob
128 3204 271 3263 celebrem
283 3208 372 3264 vitam
389 3209 498 3266 lactum
513 3210 738 3282 metropolitam.
945 3207 1020 3281 Ergo
1035 3206 1133 3262 locum
1146 3210 1262 3279 purgat.
1279 3220 1315 3261 ns
1330 3206 1411 3261 lraus
1425 3205 1570 3261 exstincta
1584 3209 1719 3279 resurgat

67 3291 122 3349 Per
136 3295 214 3366 juga,
231 3312 341 3370 perque
352 3298 433 3355 nives
448 3304 585 3372 properat
599 3297 764 3356 constantia
774 3298 856 3356 dicas
947 3300 982 3356 st
996 3298 1098 3354 latices
1114 3313 1212 3353 sacros
1227 3296 1413 3353 mundandos
1428 3295 1542 3371 spargit
1557 3295 1587 3354 in
1602 3313 1699 3370 agros,

66 3379 194 3456 Egregia
212 3387 328 3455 mentis,
343 3402 494 3460 censuque
509 3389 632 3462 ciboque
645 3387 783 3447 carentis.
824 3423 826 3427 ·
945 3386 1164 3459 Ecclesiamqus
1178 3383 1228 3442 Dei
1244 3402 1300 3442 non
1317 3388 1487 3459 spernenda
1502 3385 1610 3458 special

67 3472 155 3543 Alpes
171 3476 393 3548 transgreditur,
408 3478 486 3550 regio
501 3477 680 3536 Turonensis
694 3478 801 3537 aditur.
946 3475 1014 3533 Mox
1028 3473 1068 3530 ibi
1085 3471 1248 3542 fundatam,
1264 3478 1680 3546 sesequerogantesaoratam.

69 3558 183 3616 (laudet
198 3561 352 3634 Martinus,
369 3565 415 3621 cui
432 3575 520 3624 notus
535 3575 597 3624 erat
612 3567 795 3641 peregrinus,
946 3564 1044 3623 Incola
1061 3563 1193 3620 bissenos
1209 3565 1301 3619 lectur
1315 3562 1447 3619 tenuisse
1462 3579 1513 3636 per
1527 3580 1632 3621 annos.

68 3651 126 3703 Per
140 3648 253 3708 similes
268 3661 350 3711 actus
366 3652 477 3712 dudum
491 3657 547 3712 sibi
563 3673 692 3713 convena
707 3658 821 3728 lactum
946 3655 1014 3720 oea
1030 3653 1103 3709 bonu
1118 3651 1210 3725 gessit
1225 3651 1264 3708 ibi
1282 3668 1338 3707 non
1356 3656 1478 3723 possunt
1489 3655 1588 3708 omnia
1603 3652 1701 3710 scribi.

67 3734 141 3792 Nam
156 3742 266 3810 paritas
283 3759 397 3800 morum
413 3751 560 3801 connectit
573 3749 661 3803 corda
676 3746 802 3804 duorum
947 3743 1021 3801 Mira
1037 3747 1135 3798 tamen
1150 3742 1283 3814 quodam
1299 3741 1437 3813 signisde
1453 3741 1585 3813 pluribus
1600 3742 1695 3800 edam.

70 3823 245 3896 Disparibus
257 3831 582 3890 vitisoriturdissensio
597 3834 677 3904 litia;
945 3832 1067 3890 cuidam
1084 3834 1216 3898 Saturno,
1233 3830 1283 3902 qui
1299 3836 1430 3902 tempore
1440 3830 1505 3902 jam
1520 3832 1661 3890 diuturno

69 3911 212 3972 Conciliat
223 3920 322 3987 justos
336 3923 402 3978 vitae
418 3922 562 3994 sapientia
576 3928 688 3993 custos,
945 3921 1043 3978 Siccus
1060 3930 1197 3991 utrasque
1212 3935 1313 3976 uanus
1328 3919 1450 3984 vivebat.
1465 3926 1571 3978 cetera
1585 3937 1688 3990 sanus,

70 4003 311 4078 conveniuntque
328 4008 398 4064 mali
411 4009 468 4066 sibi
483 4011 591 4068 laedere
603 4010 766 4083 perniciali.
946 4009 1009 4067 Vox
1023 4009 1064 4065 ait
1078 4008 1108 4064 in
1123 4006 1236 4064 somnis
1255 4023 1262 4063 :
1278 4006 1397 4064 Manum
1414 4024 1582 4065 succurrere
1606 4007 1733 4077 damnis,

65 4089 142 4162 Ergo
160 4094 215 4150 Deo
230 4101 330 4165 gratus
346 4103 453 4166 tecum,
471 4099 606 4169 Martius,
624 4111 768 4168 meratus,
947 4100 1025 4168 Quas
1037 4113 1127 4154 vacue
1138 4101 1237 4169 gestas
1253 4096 1340 4153 datur
1354 4113 1389 4153 eu
1405 4096 1458 4153 tibi
1474 4096 1562 4169 plena
1578 4103 1719 4170 potestas.

66 4179 156 4238 Stans
170 4181 200 4238 in
217 4185 364 4243 mandatis
375 4191 404 4243 st
419 4189 539 4245 servitio
550 4189 678 4262 pietatis,
946 4187 1103 4263 Sanguinis
1114 4184 1207 4242 ltalioi
1222 4186 1268 4241 vir
1282 4190 1414 4256 sanctus,
1428 4191 1457 4241 et
1469 4185 1565 4242 incola
1582 4185 1636 4243 rici

65 4265 218 4342 Temporis
235 4289 355 4332 accessu
371 4278 515 4334 virtutum
532 4284 650 4352 perpete
664 4294 767 4352 gressu
947 4276 1023 4336 Dicti
1034 4275 1170 4345 Gelonae,
1181 4274 1235 4330 tibi
1250 4274 1327 4346 quud
1343 4290 1435 4345 genus
1451 4275 1562 4332 auleret
1583 4292 1683 4348 omns,

65 4357 165 4414 Ardua
180 4366 359 4432 conscendit,
374 4366 445 4423 dum
455 4384 570 4441 semper
582 4369 618 4424 ad
635 4368 739 4425 ultima
752 4367 855 4425 tendit.
947 4366 1141 4441 signabitque
1157 4381 1272 4433 manus,
1287 4370 1317 4419 el
1329 4363 1382 4422 llss
1396 4364 1475 4421 illico
1490 4383 1593 4424 sanus.

64 4447 184 4505 Prutleit
199 4452 311 4525 absque
327 4472 419 4522 mora,
436 4456 485 4528 qui
501 4457 596 4514 tendit
610 4457 646 4513 ad
662 4457 815 4529 interiora,
909 4444 1033 4514 DNunc
1044 4457 1099 4513 iter
1113 4454 1254 4521 accelera,
1271 4469 1422 4510 removens
1440 4454 1594 4511 molimina
1608 4471 1683 4513 sera.

64 4534 112 4590 Sic
128 4545 498 4619 commerrdatus,vitoeque
510 4550 770 4621 tenorsprobatus.
947 4546 1046 4618 surgit
1060 4545 1147 4600 humo
1164 4558 1297 4616 propere,
1312 4545 1436 4615 cupiens
1452 4546 1594 4616 promissa
1610 4550 1719 4617 tenere,

69 4622 212 4698 Tempore
227 4631 358 4705 legitimo
374 4638 514 4707 gradibus
528 4640 684 4695 subrectus
700 4640 737 4694 ab
751 4638 823 4706 imo,
949 4636 983 4694 lit
999 4635 1078 4690 veuit
1093 4631 1130 4689 ad
1145 4637 1282 4687 sanctum
1297 4648 1304 4699 ;
1322 4648 1374 4687 nec
1390 4633 1632 4705 verbaprecantia
1647 4639 1775 4706 tantum,

67 4713 124 4778 Oui
141 4733 213 4787 puer
228 4725 383 4781 ordinibus
400 4730 560 4798 proiecerat
574 4736 643 4784 ante
658 4728 774 4784 duobus
949 4725 1005 4783 Sed
1022 4722 1167 4795 lacrymas
1183 4720 1353 4788 lundi1,nec
1369 4720 1640 4780 marcidrmembrs
1656 4724 1775 4797 recedit,

68 4802 151 4862 Nunc
165 4826 181 4865 a
197 4810 321 4870 Martino
336 4827 485 4888 promnion
502 4819 530 4874 in
541 4820 643 4875 ordine
667 4820 770 4892 quino,
948 4813 1311 4884 Dictaquecommemorat
1325 4809 1381 4866 sibi
1398 4811 1522 4877 emissus,
1536 4812 1752 4886 insuperorat.

70 4891 192 4953 Munere
207 4907 338 4973 septeno,
354 4913 504 4963 crescente
518 4908 693 4963 charismate
709 4908 805 4979 pleno,
949 4904 1031 4962 Sicut
1045 4909 1107 4958 erat
1123 4899 1520 4971 signum,cruaiaimprirnat
1533 4902 1630 4959 utsibi
1646 4904 1774 4976 signum.

67 4985 225 5059 Presbyter
239 4995 395 5062 eattbotus,
403 5011 528 5053 renuens
538 5000 742 5070 terrenasque
757 5001 891 5057 coactus.
949 4994 1002 5059 Qui
1019 5008 1076 5048 non
1093 4997 1122 5045 ut
1138 4987 1288 5056 dubitans,
1306 4988 1357 5044 sed
1372 4996 1405 5044 ut
1419 4990 1498 5047 omni
1515 4997 1647 5063 tempore
1660 4991 1756 5050 vitans

70 5070 145 5143 Ergo
161 5081 320 5136 sacerdotia
330 5083 392 5153 J'am
410 5087 551 5156 preditus
566 5088 680 5154 ordina,
695 5086 764 5144 totio
950 5082 991 5138 Ad
1008 5075 1104 5135 meriti
1120 5075 1249 5131 lraudem
1264 5079 1443 5132 mundanam
1460 5093 1578 5134 sumere
1592 5078 1709 5136 laudem

67 5161 189 5219 Viribus
203 5169 392 5228 adsummum
405 5181 540 5245 properat
552 5177 713 5245 pertinuere
728 5191 895 5249 nummum,
949 5169 1030 5236 Quod
1045 5169 1080 5223 de
1096 5164 1233 5237 praesenti
1252 5170 1363 5235 poterat
1378 5166 1510 5223 conterre
1525 5168 1647 5240 petenti,

67 5251 113 5305 Ob
132 5255 246 5310 nummi
262 5273 407 5329 quaestum
424 5270 542 5333 portans
557 5269 587 5319 et
604 5263 721 5335 pondus
737 5269 895 5332 stastum,
950 5263 1024 5314 Dum
1040 5254 1095 5312 sibi
1112 5252 1153 5308 nil
1170 5250 1274 5320 defert,
1289 5252 1319 5307 in
1336 5259 1464 5310 crastina
1478 5260 1613 5328 tempora
1629 5255 1737 5325 dillert,

65 5340 108 5395 Ac
125 5342 222 5398 vineta
239 5347 290 5402 bei
306 5349 420 5406 fodiens
434 5369 452 5409 a
466 5369 551 5409 mans
566 5352 634 5409 diei.
949 5347 1059 5404 [illectu
1071 5339 1158 5400 celeri
1176 5341 1280 5397 nolens
1293 5342 1364 5398 dare
1373 5359 1459 5416 posse
1473 5344 1576 5401 videri.

65 5424 127 5487 Nec
141 5434 213 5489 satis
230 5434 287 5493 ista
303 5445 398 5512 putat,
415 5444 465 5500 sed
483 5448 521 5513 te,
539 5445 671 5512 Martius,
685 5440 807 5512 saluus,
948 5437 1039 5496 Nocte
1054 5430 1122 5507 rigil
1139 5435 1200 5488 tota
1216 5446 1273 5488 non
1288 5440 1385 5490 cassat
1399 5434 1520 5490 tundere
1533 5439 1612 5503 vota,

63 5516 103 5580 Et
115 5521 245 5595 gemitus
259 5526 329 5602 edit,
346 5530 416 5587 dnm
433 5530 508 5590 dens
523 5552 540 5592 a
555 5535 640 5595 dente
658 5531 786 5606 recsdlt3
949 5527 1033 5586 Mans
1047 5533 1156 5584 manus
1170 5519 1275 5596 mgis,
1290 5525 1332 5580 ⁸1⁰
1348 5521 1458 5596 ⁰¹³¹th
1472 5538 1560 5580 ΟΜ
1568 5521 1647 5596 (1¹¹⁰d
1664 5522 1757 5597 ⁸¹²8&
