3802 6030
57 256 141 320 leue
542 258 715 320 donatis
738 257 1009 321 PHILOSOPHIA.
1031 294 1071 307 -
1093 262 1285 328 dostruat.
1689 270 1767 332 leue

52 390 142 454 illins
155 388 297 469 episcopi
314 388 487 452 Hildeberti
502 390 593 471 cnjus
608 393 672 453 alia
687 392 781 473 plura
796 392 950 456 habemus
964 411 1072 474 opera,
1089 397 1284 476 argumentis
1299 398 1375 459 satis
1390 398 1488 460 firmis
1504 400 1640 462 ostendit
1654 401 1763 465 claris·

55 475 157 533 simus
171 475 309 551 Operum
326 471 467 552 ejusdem
481 472 583 534 editor
601 471 677 555 (63),
694 474 786 555 cujus
809 474 957 538 blondum
970 474 1022 539 hic
1045 496 1172 559 quoque
1187 479 1393 561 repetendum
1418 480 1574 557 duximus,
1593 490 1628 546 nt
1643 484 1768 549 bonitas

56 553 159 616 nostri
174 554 290 616 codicis
305 554 377 615 dein
393 553 510 616 clarius
525 558 667 636 patelini.

488 741 636 806 Menitum
648 743 748 826 primi
757 744 880 808 editoris
894 744 963 807 dulc
978 748 1117 828 opusculo
1130 750 1326 831 premissum.

99 878 115 910 ι
133 856 309 915 obli-00⁰
325 854 508 914 Tractatum
525 851 609 912 hune
624 852 763 914 eruimus
778 872 816 914 ex
832 853 954 932 optimo
971 856 1185 936 manuscripto
1201 855 1390 925 colbertino.
1410 878 1497 922 num.
1522 860 1611 927 sade.
1635 879 1765 925 sescen-

56 959 72 991 ι
91 941 195 996 torum
212 935 336 994 circiter
360 952 528 999 annerum.
554 931 585 991 in
602 951 665 1011 que
681 934 925 996 continebantur
948 935 1145 998 Venerabilis
1170 938 1341 998 Hildeberti
1363 940 1515 1015 epistolae,
1545 950 1614 1018 pust
1628 962 1763 1022 quarum

58 1039 74 1072 ι
94 1015 236 1076 ultimam
254 1015 446 1088 immediate,
464 1021 495 1075 el
509 1016 620 1074 eadem
638 1033 732 1076 mann
748 1025 779 1076 et
794 1017 978 1078 charactere
993 1020 1197 1095 sequebatur,
1211 1028 1243 1078 ct
1257 1037 1351 1095 qnem
1369 1018 1477 1080 habita
1492 1024 1563 1100 styli
1586 1029 1716 1095 ratione,
1732 1033 1764 1087 et

62 1120 78 1152 ι
99 1098 200 1156 modis
216 1095 363 1173 loquendi
379 1096 493 1173 quibus
507 1093 538 1154 in
554 1095 695 1173 epistolis
712 1098 825 1173 passim
843 1099 941 1158 utitur
955 1097 1166 1171 Hildebertus,
1180 1101 1360 1159 censuimus
1383 1119 1450 1162 esse
1465 1119 1569 1162 veram
1587 1104 1654 1181 ejus
1678 1106 1764 1165 tucn·

58 1200 74 1234 ι
90 1177 279 1248 brettonem,
298 1181 329 1236 et
342 1176 429 1236 illam
445 1177 547 1253 ipsam
562 1193 629 1236 esse
644 1178 680 1237 de
697 1195 761 1255 qna
776 1179 915 1255 loquitur
929 1182 1128 1239 llildebertus
1143 1180 1175 1239 in
1190 1178 1325 1258 epistola
1340 1179 1378 1240 12
1395 1181 1448 1241 lib.
1464 1196 1488 1252 r,
1505 1183 1543 1241 nd
1563 1186 1728 1245 llenricum
1745 1186 1761 1250 1

57 1280 73 1313 ι
93 1258 266 1335 anglorum
283 1275 399 1336 regem,
417 1275 480 1336 qua
495 1256 585 1317 illum
607 1257 646 1319 de
661 1256 777 1319 infelici
795 1258 932 1319 illiorum
952 1277 1081 1320 suorum
1106 1261 1323 1321 submersione
1337 1261 1433 1321 solari
1447 1271 1590 1323 conatur.
1617 1264 1661 1324 lbi
1677 1266 1762 1327 enim

56 1362 72 1396 ιι
89 1336 180 1399 illum
195 1338 237 1399 ad
251 1339 463 1399 constantiam
479 1336 636 1411 hortatus,
651 1337 720 1399 fuse
735 1344 767 1399 et
789 1343 950 1419 eleganter
964 1340 1029 1401 seri
1045 1340 1196 1418 sapientis
1220 1340 1364 1401 instituta
1378 1342 1527 1404 describit
1543 1359 1551 1403 :
1576 1341 1646 1419 oue
1660 1345 1765 1405 er'deli·

55 1443 72 1478 a
88 1430 133 1481 cet
147 1420 295 1490 institute,
311 1418 426 1497 inquit,
442 1437 509 1479 curn
522 1419 619 1479 selme
637 1417 812 1481 traducibus
819 1420 940 1500 popinis
952 1421 1152 1501 peruenirent,
1166 1419 1295 1501 publicis
1309 1422 1512 1504 conspectibus
1524 1423 1698 1503 exponenda
1710 1423 1761 1487 de·

54 1524 71 1558 ιι
86 1501 176 1572 crem,
193 1500 305 1561 verrius
321 1498 469 1560 inuidiam
482 1508 677 1580 posterorum,
693 1501 763 1561 sien
772 1501 898 1581 pesteris
913 1498 1091 1563 inciderem.
1107 1500 1180 1562 Her
1193 1502 1287 1582 ipr'tur
1310 1500 1371 1563 iltis
1386 1504 1525 1577 erenaei,
1540 1504 1596 1587 qui
1608 1517 1664 1566 nec
1671 1525 1761 1588 pres·

53 1605 68 1637 ιι
83 1583 167 1663 peris
181 1593 350 1643 reverenter
366 1589 504 1659 utuntur,
524 1598 576 1640 nec
586 1580 700 1643 immoti
721 1581 799 1644 dura
815 1590 1037 1665 pertranseunt.
1054 1582 1108 1643 His
1123 1582 1276 1657 collimat,
1293 1583 1377 1662 qnod
1392 1585 1425 1645 in
1439 1586 1572 1664 epistola
1586 1590 1604 1648 3
1620 1587 1761 1664 ejusdem

55 1684 70 1723 ι
90 1663 161 1723 libri
176 1678 186 1724 1
201 1662 309 1722 scribit
324 1662 364 1723 nd
377 1662 507 1722 Adelnm
525 1663 677 1740 Stephani
693 1663 847 1724 Blesensis
867 1664 991 1725 comitis
1005 1663 1139 1742 palatini
1165 1662 1346 1742 conjugem,
1365 1671 1399 1725 nl
1413 1684 1482 1727 eam
1506 1668 1674 1728 comitatus
1691 1670 1762 1729 ttle·

54 1767 71 1800 ιι
88 1747 188 1805 sensis
203 1743 327 1804 clarum
344 1742 375 1802 in
391 1743 534 1803 absentia
550 1742 655 1803 mariti
678 1752 846 1817 tenentem,
872 1744 1135 1813 adclamantium,
1162 1762 1259 1823 quam
1276 1745 1322 1804 nl
1338 1747 1406 1805 sola
1432 1749 1571 1808 humana
1587 1747 1667 1808 ratio
1683 1766 1758 1809 sua·

54 1847 70 1881 ιι
89 1825 151 1902 det,
168 1825 368 1895 adhortetur,
383 1840 524 1884 asserens
545 1823 699 1884 rationem
715 1826 816 1902 ipsam
839 1824 875 1886 de
888 1826 1044 1886 sternentia
1064 1824 1267 1905 compendresn
1279 1826 1467 1907 principibus
1491 1829 1611 1889 Senecas
1625 1827 1760 1905 capitula

53 1928 71 1962 ιι
86 1903 232 1985 cubasse,
250 1904 401 1987 inquibus
425 1902 490 1964 ideo
507 1901 678 1965 breuitatem
702 1903 808 1966 ditecit
822 1924 881 1967 nen
893 1905 1060 1976 obscuram,
1075 1919 1110 1965 ιιι
1131 1908 1247 1986 nrapne‘s
1269 1916 1425 1986 occupatos
1441 1908 1535 1985 tepere
1548 1928 1607 1970 nnn
1627 1910 1758 1973 terte-er.

50 2009 68 2043 ιι
84 1985 120 2045 in
136 1988 196 2047 hoc
210 1992 316 2046 eutem
333 1992 467 2046 tractatu
486 1987 684 2062 praecaeteris
699 1987 1022 2048 auctoribusSenecae
1039 1987 1238 2065 potissimum
1255 1986 1417 2047 sententiis
1431 2005 1448 2047 e
1465 1988 1545 2050 libro
1562 1991 1600 2051 de
1619 1992 1757 2052 clemen·

51 2091 69 2123 ιι
85 2066 130 2127 tia
144 2068 318 2146 desumptis
334 2066 432 2127 ulitur
447 2066 657 2127 Hildebertus.
674 2067 767 2128 Illum
778 2085 852 2128 uero
862 2067 1067 2129 concinnasse
1081 2084 1098 2128 e
1115 2067 1254 2144 plurium
1267 2066 1471 2145 prutenorum
1487 2069 1575 2130 libris
1587 2070 1756 2148 eredimus,

51 2171 68 2204 ιι
86 2146 161 2207 dum
177 2148 282 2208 adhuc
294 2147 420 2227 juvenis
436 2146 675 2208 humanioribus
690 2147 802 2209 litteris
817 2146 907 2210 daret
920 2166 1063 2227 operam¹
1077 2155 1108 2209 el
1119 2148 1246 2207 illorum
1263 2146 1358 2208 libres
1370 2166 1434 2228 prae
1452 2149 1597 2212 manibus
1614 2151 1756 2227 haberet,

50 2251 68 2285 ι
84 2227 170 2307 quod
185 2227 478 2307 elrequentioribus
493 2236 657 2306 poetarum
687 2228 890 2290 citationibus
904 2229 1004 2290 evinci
1021 2234 1132 2306 potest.
1159 2229 1249 2289 Hune
1264 2245 1357 2306 porro
1372 2236 1541 2291 tractatum
1567 2234 1758 2295 contulimus

58 2333 75 2366 ιι
90 2327 162 2369 cnm
179 2311 280 2371 altere
293 2309 508 2388 manuscripto
523 2327 540 2369 e
554 2308 669 2369 celebri
686 2309 879 2371 bibliotheca
888 2309 996 2371 Sancti
1014 2308 1144 2370 Victoris
1159 2307 1354 2382 parisiensis,
1371 2328 1459 2371 num.
1489 2312 1558 2382 759,
1576 2331 1672 2391 aquo
1686 2313 1761 2375 bol-

59 2414 75 2446 ιι
94 2392 250 2450 bertinum
270 2408 331 2450 nan
348 2390 439 2450 aliter
453 2388 631 2469 discrepare
656 2391 877 2469 comperimus,
895 2390 955 2452 nisi
970 2394 1054 2470 quod
1078 2391 1173 2469 paule
1187 2391 1396 2469 ampliarent,
1414 2397 1445 2452 et
1469 2393 1552 2471 qued
1570 2393 1759 2469 quibusdam

61 2495 77 2527 ιι
94 2472 125 2530 in
143 2470 226 2533 locis.
253 2471 306 2531 sed
323 2472 494 2531 admodum
522 2471 640 2550 paucis,
667 2473 812 2550 quendam
838 2472 1042 2550 profanorum
1067 2471 1256 2549 scriptorum
1280 2472 1453 2531 sententias
1478 2475 1637 2534 nonnullis
1661 2492 1759 2539 sacre)

60 2576 78 2609 ιι
95 2553 264 2632 Scripturas
282 2552 467 2612 testimoniis
496 2554 594 2625 gravisi
607 2570 717 2612 sumus
731 2553 877 2625 stabiliri,
892 2562 924 2613 el
939 2551 1177 2632 quedammodo
1193 2553 1379 2612 enumerari.
1401 2552 1451 2614 illi
1465 2552 1592 2632 insuper
1607 2573 1644 2615 co
1661 2556 1760 2616 liben-

59 2656 75 2692 ι
94 2635 155 2693 tine
168 2638 370 2702 arltroesmus,
387 2635 560 2712 quostiam
578 2636 729 2708 maiorem
745 2652 816 2696 eum
833 2635 966 2714 nptinstr
983 2652 1092 2693 sumus
1105 2633 1292 2693 allinitatem
1315 2632 1432 2693 habere
1448 2651 1518 2694 curn
1546 2642 1680 2697 tractatu
1698 2655 1763 2698 me·

58 2735 74 2773 ιι
92 2716 193 2773 trien:
214 2720 255 2774 lle
271 2727 409 2792 quatuor
425 2714 591 2773 virtutibus
607 2725 678 2776 ustae
695 2717 846 2786 honestae,
862 2733 955 2795 quem
975 2714 1057 2775 inter
1070 2716 1224 2790 opuscula
1248 2715 1371 2791 poetica
1390 2715 1558 2775 llildeberti
1585 2718 1760 2795 reperimus

58 2819 74 2850 ι
90 2793 122 2855 in
141 2796 354 2873 nsarrnscripte
373 2796 559 2873 perantiquo
574 2793 764 2873 colbertino,
781 2814 868 2858 num.
883 2794 974 2869 6337,
991 2801 1130 2875 atquem
1147 2794 1197 2854 isti
1212 2793 1256 2854 De
1273 2795 1404 2855 honesto
1419 2803 1451 2855 et
1466 2798 1534 2856 utili
1549 2796 1631 2859 libro
1645 2795 1759 2861 imme·

59 2900 75 2935 ιι
91 2876 176 2936 diste
190 2878 339 2937 dussimus
353 2895 419 2936 ιιι-ο
434 2877 702 2954 subiungendum.

99 2980 116 3011 ιι
132 2958 230 3028 Quem
244 2966 349 3018 aet-m
363 2957 505 3035 designet
521 2959 624 3018 littera
639 2976 668 3029 n,
686 2976 742 3036 per
756 2975 850 3036 quam
867 2961 957 3017 notat
971 2955 1072 3016 sirum
1088 2954 1244 3033 optimum
1260 2958 1292 3014 et
1314 2954 1492 3021 sublimem.
1510 2956 1550 3016 ad
1566 2976 1660 3036 qnam
1677 2959 1762 3021 hisne

58 3060 76 3094 ιι
92 3038 189 3098 mittit
205 3048 386 3108 tractatum,
403 3039 570 3098 decernere
586 3038 646 3098 ιιιιιι
663 3057 701 3098 au
711 3039 783 3105 im:
803 3058 864 3098 nen
881 3046 987 3098 tamen
1006 3038 1072 3096 sine
1089 3035 1311 3113 probabilitate
1335 3040 1514 3111 suspicarer
1528 3055 1600 3099 cum
1618 3058 1686 3099 esse
1704 3044 1763 3101 lte·

60 3141 77 3173 ιι
92 3119 255 3193 ginnldum
275 3120 359 3179 uati
375 3120 538 3196 dugrsstini
556 3122 757 3190 monachum,
775 3121 814 3179 ad
829 3136 922 3197 quem
937 3119 1103 3196 epistolam
1123 3116 1157 3175 lb
1175 3116 1245 3174 libri
1270 3130 1302 3175 ιιι
1319 3116 1431 3175 diserit
1448 3117 1661 3190 Hildebertus,
1687 3137 1761 3197 gra·

60 3221 77 3256 ιι
93 3200 152 3258 tias
166 3199 212 3260 illi
228 3201 375 3268 reterens,
391 3200 475 3278 quod
487 3201 605 3280 aliquus
621 3200 778 3279 positiones
794 3196 953 3280 ingenioli,
967 3205 1001 3259 ut
1015 3197 1071 3269 ait,
1099 3194 1148 3256 sui
1160 3193 1243 3276 filias
1256 3194 1392 3274 benigne
1409 3199 1591 3276 accepisset,
1617 3206 1649 3261 el
1663 3200 1761 3261 etiem

59 3302 76 3335 ιι
93 3279 158 3341 suis
173 3281 322 3359 operibns
337 3280 575 3341 interseruisset.

103 3360 288 3422 «Ceterum
313 3380 374 3423 non
399 3360 529 3421 dubium
546 3359 622 3440 quin
647 3376 683 3424 ex
706 3358 863 3441 frequenti
879 3358 1013 3421 lectione
1028 3360 1169 3427 Senecas,
1197 3354 1368 3427 Ciceronis,
1394 3355 1549 3432 Sallustii,
1575 3365 1606 3421 et
1627 3359 1763 3425 aliorum

59 3462 76 3497 ιι
94 3442 205 3519 priscas
228 3445 329 3505 etatis
352 3442 542 3521 eloquentie
568 3441 756 3521 principum,
781 3459 860 3520 qnos
883 3440 1082 3502 Hildebertus
1117 3438 1222 3499 adhuc
1236 3435 1363 3515 juvenis
1386 3436 1510 3499 assidue
1526 3448 1716 3516 versaverat,
1733 3448 1765 3505 et

63 3545 80 3577 a
95 3541 230 3601 quornm
255 3526 286 3584 in
311 3524 371 3584 hoc
397 3531 531 3583 tractatu
554 3522 730 3601 praecipuas
745 3521 926 3595 sordentiss,
943 3526 979 3583 nt
1001 3526 1032 3581 et
1047 3538 1085 3581 ex
1101 3517 1325 3580 celebrioribus
1352 3518 1453 3596 poetis
1469 3520 1648 3600 collegerat,
1673 3522 1764 3585 illum

61 3626 79 3660 ιι
94 3604 156 3665 sibi
171 3605 351 3666 tnrmnverit
367 3606 525 3666 concisum
542 3611 573 3664 et
586 3605 762 3681 elegantem
776 3603 904 3745 offlam,
922 3603 1021 3662 multa
1036 3600 1145 3679 paucis
1159 3601 1374 3669 disserentem,
1389 3605 1420 3661 et
1436 3599 1535 3662 bonos
1548 3602 1631 3664 sales
1645 3603 1764 3683 ubique

58 3707 74 3741 ι
92 3682 308 3765 spargentem,
326 3704 420 3768 quem
445 3684 562 3765 idajae
587 3683 746 3766 operibus,
762 3702 795 3746 se
841 3682 1016 3765 presertim
1031 3681 1063 3743 in
1088 3679 1240 3762 epistolis,
1255 3679 1361 3741 mirati
1376 3687 1450 3743 sunt
1470 3679 1634 3765 bucusque
1654 3702 1765 3749 omnes

61 3786 79 3823 ι
94 3768 222 3828 eruditi.
238 3791 256 3825 e

99 3958 260 4019 Hactenus
274 3954 313 4016 cl.
331 3955 443 4016 editor.
458 3952 627 4015 Veniamus
642 3971 725 4012 nunc
739 3950 780 4013 ad
794 3958 935 4014 nostrum
951 3950 1104 4013 codicem.

100 4036 191 4111 Quod
205 4038 257 4097 ille
271 4036 448 4115 suspicatus
473 4037 586 4105 tuerat,
611 4052 724 4112 nempe
750 4033 963 4095 Hildebertnm
980 4051 996 4094 c
1012 4032 1154 4113 plurimis
1174 4038 1373 4112 prutenorum
1394 4030 1480 4094 libris
1501 4043 1659 4098 tractatum
1672 4036 1761 4100 istum

57 4119 259 4191 correinnnsse,
277 4119 335 4178 hec
352 4119 443 4196 plane
459 4115 625 4176 innotescit
639 4132 677 4174 ex
701 4114 836 4193 simplici
853 4115 969 4177 codicis
993 4114 1090 4175 nostri
1106 4110 1312 4189 inspecti-sne.
1329 4113 1361 4173 in
1387 4132 1450 4193 quo
1466 4114 1571 4177 videre
1594 4124 1642 4177 est
1658 4120 1754 4179 verba

59 4198 162 4279 ipsius
176 4199 314 4260 auctoris
331 4216 430 4274 panea
445 4195 616 4255 admodum
632 4213 698 4255 esse
714 4201 745 4255 et
760 4196 915 4274 integrum
932 4213 1011 4273 epus
1026 4212 1065 4254 ex
1081 4192 1173 4253 dictis
1189 4192 1237 4252 vel
1254 4195 1415 4253 sententiis
1431 4200 1569 4255 veterum
1597 4203 1761 4257 auctorum

60 4280 281 4343 elucubratum
297 4278 370 4359 (es),
386 4278 504 4339 scilicet
519 4276 688 4347 Ciceronis,
706 4276 857 4347 Sallustii,
874 4274 1012 4342 Senecae.
1030 4272 1152 4334 Boethii
1168 4289 1207 4334 rx
1224 4272 1310 4332 libris
1326 4276 1369 4334 De
1384 4273 1609 4342 consolatione,
1638 4275 1760 4347 isidori,

61 4368 94 4423 ct
110 4368 274 4441 poetarum
293 4360 422 4431 llnratsi,
438 4357 586 4434 terentii,
603 4358 620 4416 J
626 4356 775 4428 arenata,
792 4356 889 4417 Persii
917 4364 949 4419 et
963 4354 1094 4417 Lucani.
1111 4354 1194 4415 Gitat
1209 4354 1303 4413 etiam
1323 4357 1493 4424 l’latnnem,
1512 4373 1574 4414 non
1601 4362 1705 4416 tamen
1722 4374 1762 4418 ex

62 4450 152 4504 textu
171 4445 278 4504 Graeco
294 4441 347 4501 sed
364 4457 402 4501 ex
425 4437 684 4518 interpretatione
708 4438 877 4516 Ciceronis,
894 4436 984 4515 cujas
1000 4434 1102 4496 verbis
1117 4436 1228 4494 utitur.
1246 4434 1291 4493 Es
1307 4435 1363 4494 Si.
1388 4433 1495 4495 Bibtiis
1518 4433 1595 4496 citat
1610 4438 1645 4496 [1.
1673 4436 1764 4500 Pauli

62 4522 230 4603 Epistulas,
248 4532 278 4583 et
292 4522 493 4583 Salomonem
509 4538 547 4580 ex
565 4517 818 4591 proverbiorum,
836 4517 1044 4581 Ecclesiastici
1059 4523 1090 4576 et
1104 4513 1272 4592 Sapientiae
1289 4514 1386 4573 libris.
1405 4518 1501 4575 l’orro
1519 4516 1585 4577 haec
1599 4523 1765 4580 auctorum

62 4604 204 4675 nomina,
223 4615 257 4663 ut
271 4603 419 4672 diximus,
437 4602 584 4661 distincto
600 4604 816 4661 characterum
833 4599 937 4661 colora
952 4599 983 4659 in
999 4597 1107 4658 codice
1122 4593 1322 4669 exhibentur,
1339 4599 1434 4672 atque
1451 4594 1504 4655 abi
1519 4615 1576 4657 sua
1591 4598 1765 4661 verbaHil·

62 4685 212 4746 debertns
227 4683 410 4761 interponit,
429 4683 537 4741 iisdem
556 4679 718 4759 praemittit
733 4681 920 4742 vocabulum
938 4686 1074 4742 ducrere.
1091 4675 1238 4735 distinctu
1255 4674 1372 4751 pariter
1386 4677 1580 4738 charactere.

106 4765 296 4826 bioncndnm
313 4770 418 4823 tamen
435 4770 482 4822 est
497 4762 564 4823 heac
590 4762 719 4822 nornine
741 4769 905 4821 aucturum
929 4779 990 4819 niun
1015 4774 1139 4834 semper
1154 4753 1255 4814 verbis
1271 4755 1375 4815 sitietis
1390 4758 1420 4816 in
1437 4757 1545 4819 codice
1561 4758 1763 4833 respondere,

63 4850 94 4907 et
108 4845 281 4925 aliqnando
298 4845 350 4904 uni
367 4843 460 4904 tribui
478 4861 548 4921 qnae
565 4842 602 4901 ad
619 4843 716 4902 alium
732 4850 887 4919 spectent.
907 4840 957 4901 stc
972 4840 1067 4901 etiam
1083 4837 1123 4896 ad
1141 4838 1291 4895 sertescam
1311 4835 1489 4897 rricrnntnr
1504 4843 1668 4901 sententias
1692 4842 1764 4920 plu·

63 4944 113 4988 res
128 4943 200 5004 quae
217 4924 245 4984 in
263 4925 447 4986 collectione
466 4925 564 4983 l’nblsi
581 4922 662 4995 Suri,
682 4931 715 4981 ut
731 4923 824 5000 vulgo
842 4923 986 4985 traditur,
1004 4917 1218 4987 investiantur,
1244 4916 1316 4975 licet
1333 4937 1393 4977 ιιιιιι
1411 4918 1594 4978 ι1ιι1ιίιιιιιιιι
1619 4919 1677 4979 hns
1693 4939 1769 4997 quo·

64 5026 126 5087 que
141 5025 179 5067 es
195 5008 321 5067 Senecae
338 5005 425 5065 libris
442 5004 591 5079 majorem
611 5013 729 5080 partem
747 5002 951 5063 crsrscinnntas
967 5002 1072 5061 inisse.
1089 4996 1139 5058 Sic
1156 5003 1272 5074 parties·
1287 4998 1407 5058 atrctnri
1425 4999 1482 5078 ipsi
1497 5002 1767 5077 pluranccensen·

64 5094 117 5147 tur
132 5105 203 5167 quae
219 5087 260 5147 ad
274 5088 412 5165 aliquem
428 5104 467 5145 ex
482 5085 584 5145 citatis
597 5083 761 5160 pertinent.
781 5084 858 5145 Hinc
869 5083 1054 5157 conjicimus
1070 5080 1151 5140 harre
1165 5077 1326 5137 ssentinum
1343 5087 1507 5141 auratorum
1519 5084 1769 5160 designationem

64 5168 96 5229 in
114 5168 223 5230 codiee
238 5180 346 5229 nostro
362 5166 402 5227 ab
419 5168 525 5243 ntique
541 5165 644 5243 operis
662 5164 755 5240 huius
770 5173 973 5244 exscriptore,
991 5165 1057 5222 sire
1073 5159 1127 5239 qni
1141 5166 1199 5219 lem
1225 5158 1361 5218 litterato
1378 5166 1408 5221 el
1431 5162 1461 5221 in
1477 5162 1615 5224 ela—dcis
1639 5161 1773 5223 auctori·

63 5248 124 5309 bus
140 5250 321 5311 evolvendis
346 5248 575 5326 aliquantisper
598 5245 763 5321 instructo,
781 5264 842 5304 ιιοιι
867 5252 971 5305 autem
989 5244 1029 5303 ub
1053 5245 1121 5321 ipso
1147 5250 1276 5300 arrctore
1294 5242 1485 5318 provenisse,
1503 5245 1555 5324 qui
1585 5252 1724 5322 prolecto
1739 5242 1771 5302 in

62 5329 150 5391 huuc
165 5348 304 5393 errorem
323 5331 450 5390 minime
465 5328 635 5389 incidisset.
651 5324 754 5398 Quare
779 5344 836 5387 nes
859 5328 989 5388 nomine
1006 5324 1072 5386 haec
1087 5330 1264 5394 anctorum,
1293 5323 1345 5381 ubi
1360 5325 1513 5384 erationis
1537 5326 1632 5384 series
1648 5325 1701 5384 illa
1716 5341 1772 5384 ex·

102 5437 171 5519 (63)
186 5440 232 5500 En
251 5437 360 5498 titulus
374 5437 506 5513 huiusce
527 5432 685 5503 editionis,
710 5452 803 5512 quem
821 5433 851 5494 in
869 5440 1007 5495 nostram
1031 5428 1247 5494 contulimus:
1275 5428 1460 5492 Venerabilis
1486 5429 1771 5506 Hildebertiprime

64 5522 296 5585 Cenomanensis
307 5517 450 5600 episcopi,
465 5518 572 5578 deusde
598 5513 776 5575 Turonensis
790 5514 1005 5591 archiepiscope
1027 5531 1117 5590 opera
1134 5520 1194 5570 tam
1208 5509 1298 5587 edita,
1324 5529 1414 5591 qtreon
1436 5511 1561 5571 inedita.
1579 5514 1772 5571 decesserunt

64 5598 211 5663 barbam·
224 5600 403 5661 dednnenns
417 5598 547 5682 episcopi
560 5597 652 5674 ipsius
668 5593 845 5657 Hildeberti
855 5596 994 5677 supparis
1009 5594 1162 5674 opuscula,
1174 5597 1248 5659 etc..
1264 5596 1361 5652 studeo
1376 5594 1415 5651 D.
1432 5593 1561 5656 Autunii
1578 5589 1776 5671 deeuprndre

58 5677 234 5763 presbyteri
246 5691 277 5742 et
292 5680 428 5743 morsorii
455 5677 710 5759 ecenprepetinne
721 5675 758 5739 S.
775 5678 893 5740 Mauri.
909 5676 1050 5747 Parisiis,
1069 5674 1156 5746 1708,
1173 5671 1251 5731 in·i⁰
1266 5688 1397 5751 magno.
1417 5668 1794 5752 opnsataammaana-

64 5766 120 5823 tur
131 5762 165 5823 in
181 5761 240 5825 bac
252 5761 400 5837 editione,
419 5779 514 5841 qnam
528 5759 629 5822 solans
644 5758 824 5835 citabimus,
841 5777 950 5842 apag.
968 5758 1028 5822 dett
1044 5760 1077 5819 et
1094 5768 1188 5835 2eqq.

104 5840 173 5923 (bl)
188 5844 254 5906 lieo
267 5844 334 5923 ipse
351 5842 549 5905 Hildebertus
563 5839 647 5903 clare
662 5841 780 5906 fatetur
794 5839 889 5909 initio
903 5840 1029 5909 statimi
1041 5838 1092 5903 tlt.
1108 5838 1176 5901 n.l
1196 5839 1230 5898 st
1241 5835 1281 5895 ο1.
