3802 6030
73 270 135 336 hh'l

337 242 554 332 SURMONUS
575 264 626 328 DE
647 265 841 329 eliensis
864 295 903 311 -
925 263 977 326 DU
998 263 1194 331 ornemus
1217 264 1526 334 utssntuonbtm.

1723 277 1784 340 838

69 409 247 482 respondet:
264 430 279 459 «
294 407 349 473 Oui
365 407 576 481 malignantur,
594 406 899 464 exterminabuntura
914 399 941 469 Α
957 400 1020 462 Dei.
1036 404 1167 462 Gaudent
1183 405 1376 481 contemplari
1394 424 1534 466 nummos
1560 411 1591 469 ln
1613 426 1689 469 area.
1714 412 1789 470 Pro·

70 517 161 574 regno
177 500 239 556 Dei.
255 499 566 567 Sustineotesssautem,
579 497 635 568 ipsi
660 496 789 553 horodes
812 496 899 550 ornent

69 590 100 646 in
116 595 195 646 terro
208 589 368 644 viventium
380 588 465 659 (Psoi.
478 604 571 653 xxxvi,
586 587 614 658 o)
641 608 656 637 n
668 586 743 659 Urgo
756 604 769 630 a
779 588 899 656 expecta

68 679 239 749 Dominum,
257 677 379 734 viriliter
393 694 457 750 nge,
472 683 499 733 ot
509 676 689 732 confortetur
701 692 751 730 cor
762 680 858 738 tuum,
869 676 899 727 et

67 767 183 825 sustine
198 766 356 823 Dominum
372 768 457 838 (Psoi.
475 782 552 829 xxvi,
571 764 582 820 l
607 765 653 836 ).»
679 764 785 820 Parum
811 763 898 818 durs·

67 857 112 914 bit
126 858 192 925 iste,
209 858 261 931 qui
285 858 371 914 modo
396 861 425 912 te
454 856 590 928 despicit,
615 855 755 927 quonism
772 876 787 904 «
803 852 899 908 adhue

68 940 224 1016 pusillum,
240 947 270 996 ot
284 956 343 996 non
359 941 415 996 erit
430 945 573 1011 peccator,
590 954 703 1010 quaeres
714 937 809 993 locum
822 935 899 1007 ejus,

66 1037 97 1088 sl
121 1047 178 1087 oon
204 1028 335 1086 invenies
357 1029 442 1100 (Psoi.
465 1043 560 1093 xxxvl,
586 1027 669 1099 10).»
698 1025 783 1082 ltlodo
812 1024 900 1080 habet

65 1121 165 1180 locum
181 1122 213 1178 in
228 1120 375 1195 presenti,
392 1125 424 1175 ut
439 1123 544 1191 porget
553 1118 651 1189 justos
665 1114 789 1189 tingellis
803 1121 832 1172 ot
845 1132 899 1188 op·

64 1212 194 1286 probriis
206 1228 215 1281 3
228 1212 276 1267 sed
285 1215 367 1277 tuno,
376 1208 490 1266 nullum
504 1225 601 1274 usum,
613 1207 733 1263 habebit
743 1212 899 1278 postquam

64 1304 103 1359 ab
119 1302 174 1358 boo
187 1302 301 1383 mundo
309 1305 440 1357 remotus
449 1300 514 1355 orit.
524 1303 680 1370 Propterea
691 1313 746 1352 non
760 1296 900 1368 respicias

63 1392 104 1450 ad
113 1391 349 1466 magnitudinem
358 1388 608 1461 divitiarumejus‚
620 1387 756 1460 quonism
767 1409 781 1437 α
794 1385 900 1442 molius

63 1489 111 1539 est
126 1482 274 1538 modicum
287 1481 381 1552 justo,
398 1479 614 1550 superdivitias
627 1481 811 1551 poeoniorum
824 1474 900 1531 mul·

61 1571 212 1644 tas(ihid.,
228 1570 285 1641 16).
296 1591 310 1622 n
323 1570 373 1625 Det
391 1569 473 1624 fortis
483 1568 497 1624 l
507 1583 542 1624 ne
553 1584 633 1634 cura,
655 1565 795 1638 quonism
810 1584 821 1614 r
834 1565 900 1620 brn-

64 1661 134 1718 obio
149 1664 335 1732 poeoniorum
352 1661 539 1716 conterentur
560 1656 655 1729 (ibid,
673 1656 755 1727 17).»
781 1658 900 1712 Portant

957 497 1054 564 ptores
1068 494 1159 551 voluit
1173 495 1315 554 Dominus
1335 514 1446 570 pauper
1464 515 1528 557 esse
1549 501 1578 556 ln
1606 503 1727 567 mundo,
1754 508 1788 560 ut

956 583 1074 641 divitias
1089 588 1322 659 contemptibiles
1342 590 1486 652 redderet.
1507 597 1536 647 et
1554 592 1628 649 elias
1652 610 1786 666 queren-

956 673 1008 730 dns
1041 691 1105 731 osse
1127 675 1253 733 doceret.
1280 678 1360 735 Unde
1389 678 1429 734 sit
1454 696 1494 734 :«
1522 680 1657 753 Regnum
1688 699 1787 741 meum

957 779 1013 819 oon
1030 769 1074 820 est
1090 766 1126 819 de
1141 765 1196 821 boo
1211 767 1320 822 mundo
1344 768 1533 837 (loon.xv111,
1550 769 1597 842 36)
1616 787 1623 840 ;
1640 790 1654 823 s
1686 780 1714 827 et
1742 772 1786 828 di·

957 850 1081 922 scipulis
1094 853 1135 908 sit
1150 870 1157 909 :
1176 875 1190 905 a
1205 854 1263 911 Vos
1280 855 1316 910 de
1331 855 1385 912 hoc
1401 857 1512 914 mundo
1528 875 1585 914 non
1602 860 1693 922 estis:
1708 862 1734 916 si
1749 862 1787 919 de

958 940 1011 996 hoo
1027 943 1137 998 mundo
1153 942 1290 1011 inissetis,
1306 944 1435 1000 mundus
1449 946 1529 1017 quod
1544 965 1631 1004 suum
1642 950 1786 1007 eraldili·

956 1034 1039 1102 geret
1053 1030 1144 1102 (loon.
1156 1048 1203 1097 xv,
1218 1032 1284 1103 19);
1301 1054 1315 1083 n
1328 1039 1356 1089 et
1376 1033 1441 1090 ideo
1458 1035 1548 1092 nolite
1566 1039 1666 1093 mirari
1683 1040 1708 1094 si
1724 1040 1787 1097 odit
1890 1058 1892 1063 ·

956 1135 1009 1175 vos
1024 1120 1164 1176 mundus.
1175 1119 1211 1177 Ut
1221 1126 1318 1179 autem
1331 1121 1459 1193 pretioso
1471 1127 1645 1182 vestimenta
1658 1127 1714 1183 sibi
1727 1146 1786 1185 non

960 1207 1072 1279 plaeere
1087 1211 1263 1281 ostenderet,
1280 1211 1340 1267 ait:
1357 1234 1371 1262 κ
1388 1211 1442 1276 Qui
1459 1213 1598 1270 mollibus
1610 1216 1788 1287 vestiuntur,

957 1298 986 1354 in
999 1299 1137 1355 domibus
1153 1315 1256 1372 regum
1271 1305 1340 1357 sunt
1355 1301 1458 1373 (illnttlt.
1475 1319 1514 1372 xi,
1532 1303 1579 1374 8);
1598 1325 1613 1355 n
1638 1305 1722 1378 quasi
1738 1306 1784 1363 di·

958 1392 1023 1445 ont:
1041 1388 1177 1445 Mollibus
1199 1389 1307 1457 induti,
1333 1396 1404 1447 suut
1428 1408 1485 1449 non
1511 1394 1547 1448 do
1572 1392 1653 1449 ouria
1675 1394 1787 1453 sommi

957 1477 1055 1549 Regis,
1071 1479 1122 1533 sed
1139 1479 1174 1535 de
1189 1480 1271 1535 curia
1292 1485 1476 1537 terrenorum
1504 1498 1618 1556 regum.
1636 1482 1672 1540 Ut
1686 1490 1785 1545 autem

959 1584 1100 1639 pauperes
1112 1570 1211 1625 beatos
1222 1573 1396 1639 ostenderet,
1410 1590 1468 1628 non
1479 1572 1595 1645 divites,
1607 1575 1665 1630 ait:
1677 1598 1691 1626 n
1703 1575 1786 1635 Beati

958 1674 1100 1729 pauperos
1115 1659 1382 1733 spirituquoniam
1399 1662 1529 1734 ipsorum
1540 1670 1585 1719 est
1595 1679 1718 1737 regnum
1729 1683 1785 1723 coe·
1884 1714 1888 1721 .

62 1749 196 1824 gladium
207 1749 222 1805 ‘i
232 1748 289 1805 ooli
301 1750 413 1814 timere,
424 1747 491 1818 quia
506 1744 648 1818 «gladius
662 1745 897 1802 eorumintrshit
957 1744 1052 1803 terrm
1068 1748 1175 1820 (liniti.
1193 1767 1219 1820 v,
1234 1751 1263 1821 3)
1276 1769 1283 1819 ;
1299 1773 1314 1801 n
1327 1751 1388 1809 illis
1403 1752 1516 1809 scilieet
1531 1755 1631 1827 aperui
1657 1771 1781 1829 regnum

61 1841 96 1896 iu
129 1839 216 1896 eorde
239 1839 383 1911 ipsorum,
400 1842 428 1893 et
455 1853 541 1893 nrons
566 1851 666 1890 eornm
695 1834 895 1906 confringetur
950 1839 1151 1907 meum;itlos
1167 1840 1219 1896 teci
1233 1841 1607 1900 consiliariosdomesticos
1620 1860 1712 1902 meos.
1725 1846 1781 1903 Sed

61 1931 156 2002 (ibid,
167 1931 223 1999 15).
241 1953 256 1981 n
272 1930 427 1986 Patiuntur
439 1928 510 1999 justi
527 1925 731 1983 contusionem
745 1929 774 1980 et
788 1941 893 1997 oppro·
948 1933 1057 2000 temen,
1074 1947 1111 1986 ns
1127 1931 1230 1987 divites
1241 1932 1440 2003 desperarent,
1457 1933 1539 1990 dedit
1554 1936 1598 1991 eis
1612 1935 1781 2004 eonsilium,

59 2021 127 2077 bris
146 2020 199 2077 ‘lne
211 2036 308 2088 cures,
320 2020 388 2092 quia
400 2041 414 2069 ι(
429 2035 486 2073 non
498 2016 715 2074 contundentur
725 2014 754 2069 in
764 2019 894 2085 temporo
949 2023 982 2073 ut
997 2035 1064 2075 cum
1082 2036 1182 2076 eorum
1193 2037 1250 2076 non
1263 2026 1472 2094 essetregnum
1485 2023 1739 2095 colorum,jnssit
1751 2043 1783 2095 ue
1877 2062 1880 2069 ·

60 2110 153 2177 melo,
168 2117 195 2167 el
211 2110 241 2165 in
257 2109 362 2165 diebus
378 2107 447 2163 fenti
462 2108 685 2175 saturabuntur,
702 2104 772 2176 qula
792 2118 894 2175 pecta·
947 2108 1003 2164 sibi
1020 2109 1148 2165 lacerent
1162 2112 1274 2166 amieos
1289 2112 1323 2166 de
1347 2127 1513 2168 mammons
1540 2113 1721 2185 iniquitstis,
1749 2118 1782 2171 ut

59 2203 140 2257 tores
157 2200 296 2272 peribunt
311 2198 391 2263 tibist.
408 2198 463 2269 19).
481 2220 496 2248 n
947 2214 996 2253 eos
1019 2198 1160 2270 recipient
1181 2198 1211 2255 in
1227 2206 1336 2255 eterna
1361 2200 1562 2257 tahernnoula.
1590 2203 1625 2259 ltt
1648 2202 1781 2259 iterum:
1834 2222 1850 2255 .·

98 2291 269 2347 Peccatores
294 2306 359 2345 voro
389 2287 607 2344 confundentur
642 2290 671 2342 ot
708 2284 891 2353 erubescent,
949 2308 963 2337 n
979 2287 1032 2352 oui
1050 2287 1152 2358 recipit
1167 2289 1281 2358 justum
1306 2288 1335 2344 in
1362 2290 1480 2345 nomine
1502 2291 1590 2362 justi,
1615 2293 1780 2349 mercedem

62 2395 135 2436 oum
150 2379 264 2437 dicetur
277 2378 339 2436 eis:
356 2401 371 2430 «
388 2380 440 2450 ito,
457 2377 616 2443 maledieti,
632 2376 661 2431 in
683 2376 781 2447 ignem
807 2380 891 2430 retor-
943 2375 1017 2447 justi
1025 2377 1262 2448 accipiettttuttlt.
1272 2378 1536 2448 x,il).»0uienim
1542 2382 1784 2454 justumsuslen,

60 2486 137 2526 num
160 2468 262 2541 (llottlt.
278 2485 344 2538 xxv,
364 2469 401 2539 l);
419 2491 432 2517 n
454 2467 504 2524 sed
521 2491 536 2518 ι(
554 2468 653 2539 justus
678 2465 714 2521 nb
742 2464 892 2521 auditione
946 2470 1000 2536 int,
1017 2467 1073 2522 orit
1089 2476 1235 2539 particeps
1250 2467 1453 2523 retributionis
1471 2469 1560 2538 justi.
1577 2470 1685 2526 lterum
1711 2470 1784 2543 dicit

61 2559 140 2615 mels
157 2575 213 2615 non
228 2558 344 2615 timebit
359 2558 445 2630 (Psoi.
461 2574 516 2625 cxi,
532 2558 569 2627 7),
586 2578 601 2607 n
617 2555 688 2628 qnia
713 2571 770 2610 non
794 2552 893 2621 audiet
948 2555 1058 2612 Isaiae:
1077 2576 1089 2608 a
1107 2555 1216 2612 Beatus
1231 2556 1281 2628 qui
1297 2556 1386 2613 hahet
1400 2557 1430 2613 in
1441 2557 1512 2615 Sion
1530 2575 1741 2630 semensuum,
1754 2563 1784 2617 et

62 2648 301 2706 maledictionem
316 2648 409 2704 illam.
425 2645 511 2703 stulti
526 2649 625 2701 tamen
644 2643 694 2717 qui
710 2661 768 2701 non
784 2641 891 2699 intelli·
947 2645 1122 2702 domesticos
1138 2647 1168 2702 in
1182 2646 1357 2703 Jerusalem.
1375 2668 1391 2698 n
1405 2648 1555 2705 Seminnte
1569 2665 1650 2722 ergo,
1668 2648 1776 2706 lrntres

62 2744 138 2813 gunt
153 2756 221 2796 vera
235 2739 323 2805 bona,
336 2737 473 2809 judicant
486 2736 553 2792 illos
567 2736 679 2801 beatos,
695 2749 846 2806 «quorum
859 2749 892 2789 os
947 2735 1127 2802 charissimi,
1144 2737 1172 2791 in
1188 2736 1269 2805 Sion,
1284 2736 1314 2792 id
1330 2741 1375 2793 est
1389 2736 1420 2793 in
1437 2736 1520 2809 ooelo,
1533 2738 1583 2795 uhi
1595 2740 1631 2795 de
1641 2740 1779 2797 omnibus

61 2833 196 2888 locutum
210 2835 256 2888 est
271 2830 439 2893 venitatem,
455 2839 483 2885 et
497 2829 615 2884 dextera
637 2843 750 2896 eorum,
775 2826 893 2882 dextere
949 2843 1014 2898 quo
1034 2825 1074 2880 ibi
1091 2825 1318 2894 seminaveritis,
1334 2828 1506 2900 centuplum
1519 2829 1719 2901 promittitur3
1736 2830 1778 2887 lbi
1868 2820 1873 2831 ¹

62 2915 891 2996 iniquitatis3quorumltliinitasuntpulchriettonori,
950 2915 1144 2989 multiplicate
1159 2917 1313 2988 pecuniam
1342 2922 1481 2974 vostram.
1507 2918 1628 2976 'l'rndite
1655 2936 1719 2976 enm
1750 2921 1781 2978 in

59 3034 74 3063 s
91 3014 170 3068 sicut
185 3010 304 3068 novelle
320 3009 515 3081 plantationes
535 3007 565 3063 in
577 3009 733 3079 juventute
744 3021 809 3071 sua,
826 3003 892 3059 filis
949 3006 1087 3061 manibus
1105 3005 1239 3062 Domini:
1254 3006 1303 3077 qul
1317 3007 1394 3062 enim
1408 3008 1585 3079 paoperibus
1598 3010 1712 3075 tribuit,
1724 3011 1781 3067 Do·

60 3092 893 3170 eorumcompositoutsimilitudotempli»quiapannis
949 3095 1028 3150 mino
1043 3094 1158 3162 tribuit,
1175 3096 1225 3167 qui
1250 3096 1341 3150 dixit:
1360 3116 1374 3146 «
1400 3095 1482 3160 Quod
1512 3099 1562 3153 uni
1588 3115 1622 3153 ex
1645 3099 1776 3157 minimis

62 3185 890 3259 ornatesunttariquamaliquodtemptumsnpromptna-
907 3157 929 3225 c
949 3183 1021 3240 meis
1049 3182 1169 3251 fecistis,
1196 3183 1268 3239 mihi
1295 3183 1404 3239 lecistis
1426 3185 1529 3254 (liottls.
1553 3202 1617 3253 xxv,
1633 3187 1720 3259 10).ι
1750 3189 1781 3244 Si

62 3279 105 3334 ria
117 3294 219 3335 eorum
232 3277 329 3349 plens,
341 3275 502 3332 eructantia
513 3291 548 3330 ex
558 3274 632 3330 hoo·
642 3288 708 3329 vnse
720 3293 734 3323 n
745 3271 774 3327 in
787 3271 866 3328 aliud
878 3291 892 3319 s
948 3273 1026 3329 enim
1038 3272 1193 3343 posueritis
1203 3272 1241 3328 ibi
1252 3273 1423 3329 thesaurum
1435 3275 1622 3345 vestrum,ibi
1632 3275 1780 3333 habitabit

62 3384 112 3425 vas
125 3387 159 3438 3«
175 3383 353 3425 oveseorum
368 3367 479 3432 letosae,
490 3363 711 3423 abundentesin
725 3361 893 3436 egressibus
948 3367 1180 3418 convenirem«
1195 3360 1248 3417 Ubi
1266 3362 1344 3417 enim
1359 3366 1405 3419 est
1422 3362 1580 3422 thesaurus
1602 3369 1708 3435 voster,
1736 3365 1779 3424 ibi

62 3457 125 3514 suis
140 3474 148 3525 ;
166 3458 253 3513 boves
267 3473 367 3513 eorum
391 3471 514 3513 crasso:
534 3475 548 3504 n
573 3455 688 3526 quando
712 3452 792 3508 enim
815 3466 896 3525 egre·
948 3460 993 3507 est
1007 3458 1034 3507 et
1049 3467 1099 3507 cor
1112 3456 1239 3506 vestrum
1255 3451 1361 3522 (Uetti.
1378 3468 1416 3520 vr,
1437 3451 1494 3517 26).
1512 3473 1526 3504 n

62 3545 366 3604 diunturdoovilibus
382 3545 456 3610 suis,
471 3544 542 3600 muti
560 3544 635 3599 lotus
646 3546 811 3614 sequuntur
823 3557 892 3599 ess:
984 3538 1174 3596 Nodubitstis
1184 3555 1243 3596 rem
1253 3540 1775 3616 vestramtaliDominooommittero,

63 3658 78 3688 o
94 3652 155 3693 non
171 3639 217 3691 est
231 3636 317 3692 ruins
333 3635 474 3701 macerie,
491 3656 502 3683 ι
521 3632 589 3705 quis
605 3631 694 3688 tortos
709 3636 737 3687 et
763 3647 893 3688 marmo·
950 3629 998 3702 qui
1015 3631 1119 3694 noscit,
1145 3645 1198 3685 neo
1221 3633 1317 3702 potest
1340 3628 1450 3700 tallere,
1476 3632 1546 3703 quis
1567 3650 1654 3691 verax
1679 3638 1724 3691 ost
1748 3635 1779 3691 iu
1870 3662 1876 3673 ·

63 3741 117 3783 roe
134 3730 206 3781 sunt
220 3726 326 3781 domne
342 3740 456 3791 eorum,
473 3746 487 3774 n
501 3738 595 3794 neque
620 3721 771 3791 transitus,
799 3736 894 3792 neque
949 3721 1114 3793 promissis,
1127 3720 1267 3777 discitsin
1280 3721 1416 3789 Martios,
1431 3739 1519 3794 quern
1532 3723 1640 3782 bonum
1651 3730 1696 3783 est
1709 3743 1778 3798 psu-

64 3815 177 3873 olsmor
192 3822 221 3871 in
237 3814 341 3889 plateis
356 3831 468 3882 eorum,
487 3836 501 3863 n
517 3813 636 3885 quondo
651 3811 800 3868 dormiunt
813 3828 820 3867 :
832 3815 895 3867 ton·
949 3827 1047 3884 porem
1063 3810 1178 3866 vestire.
1195 3810 1266 3865 tium
1282 3810 1360 3867 enim
1377 3811 1504 3884 pallium
1530 3815 1660 3871 modium
1685 3830 1778 3888 egeno

62 3911 99 3961 to
113 3909 185 3961 sont
200 3904 308 3959 divitie
324 3908 466 3971 eornm,ot
480 3901 546 3958 ideo
562 3899 643 3957 stulti
660 3923 674 3951 s
688 3901 804 3956 beatum
818 3900 895 3956 dixe·
949 3902 1074 3972 partitus
1090 3899 1204 3967 luisset,
1221 3901 1358 3971 apparuit
1372 3902 1398 3957 ei
1413 3902 1548 3960 Christus
1564 3904 1594 3961 in
1609 3909 1705 3975 noete,
1728 3920 1779 3962 ea·

66 4002 137 4050 runt
153 3993 307 4067 populum,
323 3993 370 4048 cui
385 3991 446 4047 hoo
462 3998 530 4047 sunt
541 4010 548 4061 ;
561 4014 575 4042 n
592 3992 642 4046 sed
659 3994 736 4046 certe
752 4006 811 4046 noo
824 3992 894 4045 sunt
948 3990 1015 4046 dem
1031 3989 1253 4056 vesteindutos,
1266 3989 1366 4046 diosus
1379 4007 1385 4045 :
1400 4013 1414 4042 a
1432 3991 1580 4050 Martinus
1593 3994 1780 4053 adhuncate·

62 4085 155 4153 besti,
170 4084 249 4140 imo:
265 4106 278 4134 a
292 4084 396 4139 Beatus
408 4080 545 4154 populns,
562 4080 647 4152 onius
658 4079 802 4136 Dominus
814 4079 893 4136 Deus
948 4081 1113 4136 chamenun
1128 4080 1182 4136 hnc
1198 4095 1245 4136 me
1259 4084 1342 4137 veste
1357 4082 1524 4138 contexit.»
1539 4084 1664 4148 Quidem
1688 4084 1778 4141 etiam

60 4175 126 4246 ejus
141 4171 229 4246 (Ptol.
247 4189 342 4243 cnuti,
360 4170 469 4243 ll·t5.)
485 4194 499 4221 n
949 4169 1161 4242 paterfamilias
1171 4168 1276 4226 solitus
1286 4169 1672 4245 singulisdiebnspauperes
1682 4171 1784 4245 hospl·

95 4262 150 4319 His
165 4262 260 4320 modis
276 4261 407 4332 disserit,
424 4262 528 4317 iratres
543 4258 721 4325 charissimi,
738 4256 831 4314 David
857 4257 893 4313 de
948 4261 990 4317 tio
1009 4259 1148 4333 recipere,
1164 4258 1349 4331 quadamdie
1361 4259 1616 4316 intoraliosetiem
1628 4259 1780 4318 Christum

58 4352 172 4411 divitiis
184 4353 271 4425 hujus
281 4352 390 4419 secuti,
403 4352 532 4425 probans
542 4366 717 4420 vsossesso,
730 4365 784 4405 neo
798 4350 893 4405 tacere
949 4346 1067 4418 recepit.
1083 4345 1206 4401 Volebat
1221 4344 1299 4400 enlm
1318 4344 1461 4400 Dominus
1476 4344 1630 4401 ostendere
1650 4345 1687 4415 ei,
1709 4346 1780 4418 quis

58 4443 175 4512 beatos,
190 4460 253 4516 quo
269 4443 333 4500 ideo
349 4460 407 4499 non
424 4441 627 4514 prohibentur,
645 4446 675 4496 ul
695 4455 752 4496 non
775 4437 895 4495 valeant
949 4436 1028 4509 quod
1043 4434 1184 4493 membris
1202 4433 1276 4502 suis,
1292 4433 1346 4490 boc
1368 4433 1425 4490 sibl
1451 4433 1586 4492 iaciebat.
1612 4434 1685 4491 Gom
1708 4450 1778 4509 ergo

60 4533 201 4604 adjuvare
215 4548 300 4602 eum;
317 4533 367 4588 sed
384 4535 416 4587 ut
432 4548 488 4587 non
504 4530 613 4587 laniant
630 4529 825 4586 homineseos
836 4527 893 4590 sibi
909 4529 932 4594 Ι)
948 4526 1021 4582 inter
1035 4524 1108 4582 ulios
1124 4539 1230 4594 aquarn
1247 4522 1383 4578 menibus
1398 4522 1462 4594 ejus
1474 4524 1541 4596 quis
1553 4523 1779 4582 infunderesel·

59 4622 208 4679 dominsri
223 4624 289 4696 (58).
302 4623 384 4680 Unde
395 4622 515 4678 avaritia
525 4627 645 4677 vocatur
656 4645 668 4670 a
680 4619 823 4676 idolorum
836 4637 894 4677 ser.
947 4614 996 4680 let,
1013 4612 1168 4686 disparuit.
1183 4612 1273 4668 Nocte
1288 4628 1355 4668 vero
1372 4612 1425 4668 ills
1442 4613 1579 4685 spparuit
1593 4613 1619 4670 oi
1631 4614 1778 4687 Christus,

59 4714 139 4771 situs
154 4715 252 4787 (linter
268 4755 275 4770 .
290 4731 319 4780 v,
334 4714 372 4786 5).
388 4736 399 4763 ι
413 4712 608 4769 ldolnmenim
622 4709 701 4778 colit,
714 4710 762 4783 qui
776 4725 892 4776 surum,
947 4708 975 4760 et
990 4702 1049 4759 ait:
1067 4723 1080 4755 s
1096 4702 1214 4758 caeteris
1227 4701 1332 4759 diebus
1349 4719 1395 4758 mo
1421 4702 1555 4777 recepisti
1582 4703 1612 4761 in
1638 4703 1780 4763 memhris

59 4806 109 4878 qui
125 4809 281 4877 argentum
298 4803 354 4859 sibi
370 4819 520 4860 summum
536 4803 645 4857 honum
663 4801 743 4868 senil,
759 4799 809 4873 qui
825 4816 893 4872 pro·
948 4793 1041 4861 meis;
1056 4790 1144 4847 hodio
1159 4806 1204 4846 me
1216 4791 1352 4863 recepisti
1364 4794 1394 4847 ln
1409 4808 1533 4863 persons
1545 4809 1610 4850 meu
1622 4793 1749 4867 propria.
1764 4814 1780 4845 n
1876 4822 1880 4827 ·

60 4902 127 4969 pter
140 4910 192 4952 eas
207 4894 350 4967 superbit,
367 4899 491 4966 elopem
508 4908 592 4949 sunm
609 4892 638 4945 in
653 4890 696 4946 eis
707 4891 798 4962 ponit.
811 4888 893 4945 Unde
947 4887 1021 4954 Ergo
1036 4881 1186 4936 Christum
1203 4880 1232 4936 in
1255 4879 1393 4937 domibus
1410 4883 1430 4937 7
1435 4882 1485 4940 Ul)
1511 4883 1614 4939 restris
1641 4882 1779 4955 rocipits;

60 4984 222 5041 Pnulusait
233 4985 405 5040 Timotheo:
419 5007 432 5034 ι(
445 4981 587 5038 Divitibus
600 4980 687 5051 hujus
709 4980 807 5036 sonuli
823 4994 895 5052 pro·
947 4970 1095 5028 Christum
1113 4968 1150 5025 ad
1165 4984 1281 5025 mensas
1296 4975 1408 5025 vestros
1426 4971 1533 5043 ponite.
1560 4971 1710 5028 christum
1737 4970 1780 5028 in·
1858 5008 1868 5019 ι

61 5074 201 5146 eipenon
226 5073 555 5143 sublimcsopero,non
582 5085 700 5142 sperare
725 5069 755 5123 in
781 5067 892 5123 incerto
947 5060 1221 5130 duito;etbooest
1251 5058 1399 5131 jejunium
1424 5060 1502 5132 quod
1528 5060 1782 5132 Dominuselegit
1864 5078 1867 5083 ·

60 5162 244 5229 divitiarum,
261 5164 311 5219 sed
337 5163 367 5218 in
392 5161 451 5218 Doo
477 5177 555 5227 voro,
581 5158 631 5231 qui
656 5161 773 5230 praeslet
794 5156 893 5213 omnia
948 5173 963 5204 s
979 5152 1089 5223 Frange
1103 5147 1245 5205 esurienti
1261 5164 1367 5220 panem
1383 5152 1479 5215 tuum,
1496 5154 1777 5223 ⁰108000³,v880⁸·

61 5254 179 5310 abunde
194 5256 230 5309 ad
256 5254 412 5310 fruendum
429 5253 464 5319 tll
478 5253 545 5307 Tim.
562 5267 601 5313 vt,
618 5248 672 5320 17).
692 5268 706 5297 n
720 5246 795 5305 758
818 5247 896 5303 Sunt
949 5258 1006 5316 que
1020 5239 1150 5296 inducis
1166 5240 1286 5294 domum
1303 5243 1406 5306 tuom
1427 5256 1494 5296 eum
1524 5240 1630 5298 videris
1653 5242 1776 5311 undrim,

60 5344 139 5401 enim
155 5335 893 5414 multihomines,quiensitndiligunt,quietiam
949 5330 1028 5404 operi
1052 5345 1132 5394 eum,
1154 5332 1183 5383 ot
1204 5345 1322 5385 coruom
1347 5334 1430 5385 tunm
1461 5346 1497 5386 no
1521 5330 1687 5403 despexeris
1712 5332 1777 5401 (leo.

61 5426 893 5507 posseotvocaricustodes[cultoros]enrum‚plusquam
950 5437 1025 5492 aviri,
1040 5419 1080 5491 7).
1097 5439 1112 5469 n
1127 5418 1198 5476 Ecce
1221 5418 1335 5486 iratres,
1359 5434 1425 5477 ecoe
1446 5436 1512 5476 caro
1537 5420 1686 5494 pauperis,
1710 5434 1778 5477 osro
1871 5440 1875 5445 ·

98 5560 156 5633 (58)
170 5559 349 5633 Siofvtdetur
364 5555 545 5615 restituenda
560 5555 620 5611 hoc
635 5553 790 5627 periodus:
805 5552 870 5622 Qus
884 5564 942 5613 non
957 5550 997 5607 ito
1010 5543 1197 5622 probibentur
1212 5546 1241 5601 nt
1269 5561 1323 5604 non
1347 5547 1458 5605 vsieont
1481 5547 1573 5603 ornari
1582 5560 1594 5612 ,·
1608 5545 1656 5604 ssd
1679 5545 1721 5602 its
1747 5547 1779 5601 ot

61 5648 117 5694 non
130 5631 230 5693 sinent
242 5631 367 5692 domim
379 5645 430 5689 ecs
446 5627 501 5688 siti
513 5625 668 5688 dominari.
