3802 6030
59 251 137 314 {ooo

59 472 243 548 Mutantique
259 472 336 528 letus
350 472 423 528 loret
434 470 563 544 undique
578 488 679 530 mnoro
695 475 824 546 paratus.

93 562 200 620 Jueeue
215 563 254 618 ibi
270 560 378 631 claudi,
396 563 465 635 quid
481 567 582 618 cernet
597 566 625 619 et
641 561 740 619 audiat
764 561 845 619 audi.

57 653 110 710 Hic
128 653 212 710 loono
226 652 340 708 invisus
357 652 390 707 lit
404 651 542 710 continuo
559 652 724 725 peradieue,

58 743 195 817 Lucaque
210 741 321 799 coelesti
337 740 436 798 lucent
449 741 548 798 aditus
562 742 720 812 inhonesti,

58 833 217 906 angelinus
229 837 333 903 emtus,
348 831 429 889 loeus
445 836 487 888 est
501 831 627 890 caudore
642 832 791 906 repletus:

59 922 207 995 Obsequio
223 938 361 994 quornm,
379 920 618 995 lugientedolore
633 920 791 990 malorum,

59 1013 150 1069 Audit
166 1012 203 1069 ab
219 1010 341 1084 angelini
357 1016 449 1069 centus
467 1012 664 1069 modulamine
679 1011 736 1069 diei
752 1028 760 1068 e

60 1100 208 1175 Perspice,
225 1100 370 1172 Vincenti,
388 1102 473 1173 culus
488 1102 594 1158 virtute
609 1103 721 1174 potenti

61 1190 113 1247 His
128 1192 159 1247 ln
175 1191 329 1248 tormentis
345 1191 412 1247 dete
427 1190 466 1248 sit
477 1191 776 1248 constentiamentis:

61 1282 115 1349 Qui
131 1282 184 1338 tibi
198 1281 337 1337 virtutem
354 1280 445 1350 dedit,
460 1282 489 1338 in
506 1282 658 1355 poenisque
673 1281 811 1349 salutem,

64 1371 195 1429 Palmam
213 1370 313 1428 rintori
328 1372 463 1444 spondet,
480 1372 627 1445 llnemque
643 1371 735 1428 labori
750 1386 758 1428 ε

64 1463 135 1519 Esto
150 1478 283 1531 securus,
300 1466 399 1519 noster
414 1478 513 1519 comes
525 1479 591 1519 ecco
608 1462 733 1518 luterus.

61 1552 179 1611 Prosilit
194 1556 354 1609 adtentum
370 1552 503 1610 custodia
516 1552 618 1611 territa
632 1559 751 1610 eentum
768 1576 776 1622 3

64 1643 163 1700 Mente
178 1647 226 1700 aed
245 1643 356 1700 incerte
372 1659 407 1699 ne
423 1648 507 1717 porta
521 1644 627 1701 luisset
641 1649 751 1716 aperta,

731 248 783 309 ulo
804 246 836 309 S.
859 247 1084 311 vruoertulo.

59 389 189 453 Quarum
205 381 381 457 fragmentis
395 381 493 440 doleat
508 398 575 440 earo
589 382 659 440 lnee
673 382 810 454 iacentis,
881 382 925 474 [Α
937 382 1050 440 ‚iudicia
1063 380 1213 439 horrorem
1226 392 1315 452 super
1330 376 1388 443 bis,
1415 370 1601 443 nimiumque
1628 365 1760 425 dolorem
1871 416 1878 421 .

1562 230 1761 327 ,aare

938 473 1009 541 Quis
1023 487 1103 530 nune
1118 473 1242 546 exponet
1255 465 1351 526 verbis
1365 464 1458 531 ioue
1473 475 1612 535 prospera
1627 458 1716 516 donet
1732 454 1743 510 l

939 564 1067 621 intumet
1080 579 1153 620 eura
1167 560 1263 633 gravis
1278 559 1374 629 3luge,
1388 571 1423 612 ne
1440 569 1551 626 pereae,
1571 566 1637 608 mea
1657 545 1740 605 navio
1752 560 1761 615 3

939 655 1047 711 Lirtore
1062 659 1132 711 noto
1147 657 1223 720 tene,
1236 666 1283 716 ne,
1298 649 1324 706 si
1338 646 1475 704 laxentur
1489 642 1621 710 bebene,

940 743 1118 799 Prevaleent
1132 741 1218 797 unda
1233 738 1380 814 graviores
1395 740 1484 809 etque
1499 729 1661 808 protunda.

938 832 1031 890 Alnus
1045 848 1134 906 perra
1146 830 1246 888 minue
1260 828 1377 898 tolerat,
1391 841 1482 899 quem
1499 824 1590 880 ferree
1605 819 1705 892 pinus.

940 922 994 987 Qui
1011 936 1122 995 nequeo
1137 920 1223 989 lerre,
1239 919 1345 975 duetus
1359 916 1460 984 marie,
1476 913 1570 969 beree
1592 913 1688 966 terra.

940 1012 1028 1068 Terre
1043 1011 1137 1069 violae
1151 1013 1251 1067 eurret
1265 1024 1330 1065 mea
1344 1021 1433 1081 parve
1445 1002 1544 1061 carim
1560 1018 1568 1070 3

940 1102 976 1160 Ut
991 1118 1049 1159 non
1065 1101 1235 1175 delinquam
1251 1097 1378 1173 gravius,
1394 1094 1528 1169 graviore
1548 1089 1724 1161 relinquam.

939 1191 1117 1265 Dioemquid
1133 1191 1340 1264 reetet,portus
1355 1200 1444 1260 prope
1458 1198 1540 1255 spem
1549 1179 1620 1236 mibi
1632 1176 1761 1249 prestet.

973 1284 1041 1341 Jam
1053 1282 1123 1357 quid
1140 1284 1208 1354 eget
1215 1278 1373 1346 neeoit,nee
1383 1274 1481 1332 ndbue
1487 1270 1579 1343 judex
1590 1263 1760 1340 requiescit.
1871 1276 1877 1289 ·

938 1372 1091 1440 llorridus,
1104 1369 1271 1444 exsanguis,
1297 1365 1382 1441 queri
1395 1362 1494 1419 lraotis
1510 1358 1648 1417 dentibus
1656 1352 1763 1427 anguis

939 1467 1000 1523 Huo
1015 1464 1143 1539 illucque
1158 1462 1231 1520 lurit
1247 1461 1345 1528 miser,
1362 1460 1463 1528 utpote
1481 1467 1569 1525 quem
1596 1450 1678 1505 luror
1705 1445 1764 1503 urIt

940 1557 1046 1612 Euereo
1061 1553 1144 1610 vultu
1160 1550 1252 1625 replet
1265 1549 1342 1607 atria
1357 1550 1418 1602 tote
1442 1541 1583 1609 tumultu,

938 1646 1183 1717 Horrendumque
1198 1643 1326 1699 fremens
1341 1634 1498 1695 resanabat
1513 1630 1584 1687 talia
1613 1629 1736 1685 demens
1752 1642 1761 1683 r

63 1732 157 1789 Citius
171 1731 342 1806 implerant,
359 1733 479 1806 viaeque
494 1732 565 1805 quid
582 1737 661 1790 oeset
674 1733 807 1789 adorant.
898 1749 924 1817 Β
937 1737 984 1795 lde
998 1737 1140 1794 miserum
1157 1732 1164 1789 l
1181 1725 1429 1805 quidegem,qnie
1445 1723 1608 1794 lecitquam
1619 1732 1688 1793 gero
1698 1716 1763 1791 ple·

65 1822 111 1879 Fit
126 1821 209 1878 loeus
225 1821 355 1878 horroris
371 1820 438 1877 lldol
454 1822 570 1893 domus,
588 1821 655 1878 aule
669 1821 793 1879 decoris.

63 1911 248 1970 Conveniunt
263 1912 368 1980 turber,
384 1915 502 1984 totaque
517 1911 643 1969 lldeliter
655 1912 737 1969 urbe.

65 2004 145 2069 Quos
156 2002 295 2059 diliundlt
306 2018 399 2068 amor,
416 2000 537 2058 laudum
551 2001 617 2058 ierit
639 2002 748 2058 ethera
766 2000 887 2071 elamor,

67 2093 299 2167 lrrumpuntque
316 2093 391 2149 loros
408 2110 415 2162 3
434 2093 485 2149 sed
501 2093 551 2165 qui
563 2091 685 2149 veniunt
704 2091 854 2165 propiores

65 2182 202 2240 Gaudent
216 2199 284 2239 eum
299 2181 438 2256 lucrymis
452 2181 552 2238 oculos
568 2181 690 2255 inligare
709 2180 792 2238 rimie
809 2201 817 2252 3

64 2275 145 2341 Quos
160 2271 342 2328 attendentes
358 2272 536 2345 propiusque
549 2270 787 2328 viderevolenlee

63 2361 176 2419 Taliter
191 2362 299 2418 ellatur
313 2368 433 2418 sanetus
450 2378 457 2417 :
475 2361 552 2419 Deus
568 2361 629 2419 bero
643 2366 790 2435 operetur.

64 2451 136 2518 Quis
152 2451 248 2508 luerat
262 2468 353 2524 poene
370 2451 463 2519 breue,
477 2456 524 2508 eet
545 2452 632 2510 moda
656 2452 736 2509 sedis
755 2465 888 2508 amasne.

64 2546 121 2598 Pro
138 2541 227 2598 letare
241 2540 322 2614 gravi
339 2541 480 2598 satiamur
497 2542 585 2599 odore
615 2541 709 2599 suevi.

63 2629 116 2687 Hie
127 2636 253 2687 vernant
266 2630 347 2686 viole
365 2656 372 2698 3
390 2631 438 2687 lux
453 2631 560 2688 elurior
572 2636 617 2689 est
632 2649 697 2689 mee
712 2630 783 2689 sole.

65 2721 152 2777 curin
165 2721 302 2791 eoelestis,
319 2723 394 2778 eicut
412 2723 497 2779 modo
513 2723 588 2780 seire
600 2722 733 2797 potestis,

64 2811 170 2868 lm
182 2812 232 2868 llio
247 2822 341 2868 menet
353 2810 401 2869 bio
412 2812 611 2883 bebitet,mibi
623 2810 891 2884 eervit,etbeoloee

744 2901 841 2975 [ditet.

64 2991 890 3067 Hnoigiturmandodemerelerendeneland0[tyranno].

63 3082 148 3141 Nune
164 3088 389 3151 commentetur,
406 3083 507 3156 vigilet
523 3085 607 3141 medo
623 3100 658 3141 no
674 3087 853 3157 superatum

66 3174 129 3238 ouo
147 3173 241 3246 megla
256 3173 397 3241 ardescet,
415 3189 481 3229 mee
494 3173 560 3231 laus
572 3179 600 3231 et
614 3173 708 3247 gloria
731 3175 851 3230 ereeoet.

67 3261 105 3319 Ut
120 3261 193 3318 nibil
210 3262 276 3320 inde
292 3264 396 3331 eedet3
413 3263 437 3320 si
452 3262 522 3335 quid
535 3262 609 3319 velet
622 3268 672 3320 eut
686 3261 889 3329 babet,eddet.

61 3350 169 3407 Juseio
184 3352 218 3408 lit
232 3353 345 3419 stetim,
362 3358 498 3409 narretur
512 3353 538 3408 ei
554 3352 684 3410 seriatim

70 3441 132 3497 Lux
147 3439 186 3496 ibi
200 3447 310 3514 quanto
326 3442 427 3510 micet,
451 3440 494 3498 vel
509 3458 572 3512 qun
593 3447 705 3514 martyr
729 3440 785 3497 eibi
800 3440 890 3499 dieat.

68 3530 168 3602 lnquit
182 3530 218 3586 ed
231 3530 285 3587 boe
301 3530 517 3602 dictumjudex:
536 3530 602 3587 Seio
612 3546 659 3588 me
673 3530 889 3599 modevietum3

66 3621 202 3676 Attamen
218 3622 254 3676 ed
269 3620 377 3677 lentum
394 3623 564 3693 referetur,
580 3621 680 3694 ibique
695 3621 835 3679 relectum

62 3709 232 3766 subdemus
247 3728 338 3784 poenro
356 3721 420 3784 post
435 3713 507 3768 done
523 3711 632 3784 quietis
650 3728 782 3783 amoenae,

62 3799 190 3855 Reddite
203 3801 367 3874 pauxillum
384 3802 499 3874 requies
522 3801 595 3858 mibi
615 3801 729 3858 molliet
757 3799 851 3871 illum,

63 3893 161 3961 thue
173 3889 256 3947 dolor
271 3895 384 3949 creseat
399 3908 464 3948 earo
481 3892 671 3949 recrucianda
695 3891 835 3964 quissent.

62 3975 140 4041 Ouid
157 3993 238 4034 mens
253 3994 329 4036 eece
341 3980 415 4036 luris
430 3981 583 4038 fallacibus
601 3980 688 4038 anxie
701 3979 781 4038 euris
796 3979 810 4035 ‘l

63 4066 139 4133 Quid
156 4070 263 4124 treolae
276 4072 372 4126 tecum
389 4069 488 4126 coreb
513 4071 593 4127 omni
618 4068 732 4128 lumine
755 4070 891 4126 cauum!

64 4154 140 4220 Quid
153 4156 228 4213 mele
243 4159 473 4231 suspiras‘louis
488 4158 578 4217 iubes
594 4161 674 4217 furor
689 4156 891 4230 impulitirasl

64 4248 175 4316 Aspera
189 4247 339 4318 promittis
356 4266 364 4317 3
379 4254 456 4306 Deus
471 4255 567 4307 autern
585 4250 668 4306 mitia
691 4249 782 4307 mitis.

64 4333 110 4389 'lu
126 4332 255 4393 lacerum
270 4337 359 4395 lunus
378 4357 386 4407 3
402 4340 453 4396 ned
470 4356 527 4395 non
539 4339 578 4396 ita
593 4339 689 4397 trinus
704 4344 734 4397 ot
747 4355 834 4397 unus.

65 4422 198 4496 Namque
211 4425 307 4497 quiete
324 4427 393 4484 date
409 4429 557 4486 resolutus
573 4434 667 4487 morte
682 4430 767 4487 beata

64 4600 113 4659 sio
128 4601 236 4659 athlete
250 4605 299 4661 Dei
315 4604 402 4664 datus
418 4623 435 4662 e
450 4609 550 4680 requie
567 4609 679 4683 requiei

66 4694 87 4748 Δ
102 4692 176 4748 lecto
189 4694 271 4752 molli
288 4697 396 4753 meruit
411 4714 501 4772 super
513 4700 622 4758 ethere
637 4700 711 4758 tolli.

64 4781 119 4838 Hie
134 4783 305 4857 divulgatis,
322 4788 421 4844 studio
438 4791 535 4846 ninniee
558 4792 675 4863 pietatis

65 4873 220 4946 Menteque
235 4875 339 4932 devote
354 4878 413 4934 ruit
427 4878 497 4935 illue
512 4881 609 4952 patrie
622 4885 694 4939 toto.

1657 1803 1764 1881 [geme

938 1912 1173 1989 Donandumque
1184 1911 1247 1970 neoi
1265 1913 1396 1983 potuque
1407 1906 1530 1977 ciboque
1543 1898 1631 1958 releel
1649 1914 1658 1968 3

939 2010 1063 2079 Insuper
1077 2003 1183 2077 adjooi,
1197 2002 1332 2074 laetoque
1347 1996 1499 2070 quieeoere
1514 1993 1568 2049 leni
1584 2005 1593 2059 3

939 2096 1050 2170 Estque
1066 2109 1164 2151 meum
1179 2106 1288 2149 monuo
1303 2088 1381 2161 quod
1395 2084 1483 2141 hebet
1497 2077 1646 2137 laudabile
1662 2076 1765 2134 lenus.
1872 2140 1878 2153 Ι

939 2168 1765 2251 Quaeluitbnemeameneildieeroegoetultuaetemene,

939 2273 1014 2339 Quid
1030 2274 1114 2330 deeet
1127 2271 1230 2343 ignora
1246 2266 1253 2324 l
1268 2268 1318 2339 qui
1333 2263 1410 2337 quod
1433 2263 1478 2319 lex
1491 2260 1613 2317 damnat
1640 2253 1763 2312 bonoro.

940 2363 1081 2436 Quodque
1097 2376 1167 2418 mee
1183 2358 1239 2431 legi
1254 2368 1407 2427 nunquam
1424 2348 1595 2408 eoneeditur
1608 2343 1667 2418 egi.

940 2452 1002 2518 Qua
1018 2454 1118 2524 potero
1132 2450 1226 2506 fronte
1242 2446 1412 2503 delunotnm
1430 2453 1547 2496 eernere
1563 2430 1696 2508 spontei

940 2545 1064 2598 Omnem
1079 2538 1256 2611 saerilegum
1272 2535 1392 2591 damnat
1407 2526 1566 2587 moderatio
1582 2524 1691 2597 legum.

941 2631 996 2698 Oui
1012 2631 1106 2704 legem
1122 2627 1198 2697 novi,
1215 2629 1316 2683 eontra
1330 2621 1425 2695 legem
1442 2617 1519 2675 male
1534 2614 1602 2673 lovi.

941 2723 997 2779 Sed
1013 2722 1082 2795 qnia
1098 2724 1198 2777 mente
1213 2716 1354 2775 bonasibi
1364 2730 1423 2770 non
1438 2715 1509 2769 sunt
1524 2709 1585 2764 bae
1600 2703 1765 2774 detedone,

942 2812 978 2870 ut
995 2818 1097 2870 eontra
1111 2814 1211 2867 votnm
1227 2807 1296 2881 qnia
1309 2800 1434 2877 eontigit
1447 2800 1501 2857 boe
1516 2796 1590 2855 mibi
1604 2800 1712 2860 totum,

942 2907 1043 2963 Restat
1057 2908 1090 2961 nt
1101 2901 1254 2962 ostendam
1269 2914 1328 2971 quo
1344 2893 1469 2969 propitio
1482 2890 1498 2948 J
1502 2906 1554 2947 ove
1568 2887 1701 2946 tendam.

943 2995 1027 3052 Esset
1042 2992 1235 3050 inbumenum
1251 3003 1358 3062 eorpus
1369 2982 1491 3055 sepelire
1509 2979 1674 3053 profanum.

946 3089 1020 3158 Ergo
1037 3084 1076 3142 sit
1090 3099 1157 3140 esea
1169 3095 1288 3147 oenum,
1300 3076 1350 3149 qui
1367 3072 1514 3131 lntilleent
1541 3066 1713 3125 Daeienum.

946 3174 1045 3234 Terris
1060 3171 1212 3229 exclusum
1224 3167 1320 3240 rapiet
1334 3165 1396 3220 iere
1409 3157 1519 3221 ventris
1534 3156 1569 3211 ed
1586 3168 1684 3211 usum.

946 3266 1020 3339 Lege
1033 3262 1103 3319 lieet
1119 3263 1219 3318 nostra
1233 3271 1336 3314 corvos
1351 3251 1391 3309 ibi
1406 3250 1494 3323 figere
1509 3252 1625 3309 rostra:

944 3360 1035 3412 Rores
1050 3356 1209 3410 nocturnos
1225 3348 1309 3412 leret,
1326 3343 1503 3412 ardoresque
1513 3334 1659 3394 diurnos!

945 3446 1097 3517 Ceresque
1112 3443 1261 3512 corrupte,
1277 3433 1373 3508 rapiet
1387 3431 1447 3488 lara
1461 3427 1574 3484 viscera
1588 3426 1685 3493 rupta.

943 3536 1042 3594 Durus
1057 3533 1129 3590 odor
1144 3529 1245 3603 prodet
1260 3525 1414 3588 miserum,
1430 3532 1516 3592 quem
1526 3511 1619 3570 beotia
1634 3508 1729 3573 rodet,

943 3625 979 3682 llt
993 3623 1082 3697 lupus
1096 3623 1238 3685 attentus,
1255 3614 1326 3688 quid
1338 3609 1490 3688 promittet
1503 3602 1560 3661 sibi
1587 3603 1694 3659 ventur

943 3714 1045 3772 ml
1061 3710 1170 3783 Diriget
1180 3707 1228 3764 bio
1238 3700 1466 3771 renumeraret
1476 3690 1765 3789 leo,dissipetureue.

944 3801 1094 3868 Quidlibet
1107 3815 1176 3871 erge
1192 3796 1270 3865 linet,
1288 3793 1359 3867 qnia
1370 3789 1413 3845 nil
1428 3802 1494 3844 earo
1510 3785 1627 3840 mortue
1642 3777 1730 3849 dreet,

945 3894 976 3950 ln
996 3889 1132 3967 quamvis
1146 3890 1261 3962 perlem
1278 3883 1379 3940 eedem
1391 3894 1455 3953 qne
1474 3871 1602 3949 perdidit
1624 3872 1730 3926 artem.

980 3981 1054 4051 Quid
1071 3981 1160 4039 miser
1174 3974 1289 4035 insanis
1304 3973 1319 4029 i
1334 3971 1425 4029 llnror
1452 3967 1501 4023 bio
1515 3963 1603 4022 fallax
1613 3963 1642 4019 et
1656 3956 1767 4016 inanis.

945 4071 1020 4141 onie
1038 4070 1115 4128 mele
1130 4065 1274 4142 disponis,
1290 4061 1369 4121 male
1384 4074 1481 4126 mene,
1495 4068 1599 4127 expers
1617 4047 1741 4107 rationis
1755 4042 1769 4101 l

944 4162 981 4220 Ut
996 4161 1067 4235 quid
1084 4174 1171 4234 posse
1186 4158 1263 4214 ieras
1278 4140 1767 4241 quodnonpoteeimprobeeperae.

944 4255 1071 4326 Imperet
1084 4247 1132 4305 bio
1143 4245 1237 4305 stellis
1252 4244 1300 4301 oei
1314 4250 1345 4298 tu
1360 4239 1404 4295 vin
1418 4250 1483 4293 esee
1495 4229 1623 4289 rebellis.

943 4341 997 4399 llio
1011 4354 1115 4412 eaque
1126 4335 1322 4394 desuntvooet
1331 4331 1420 4400 elque
1431 4322 1510 4379 videt
1519 4314 1765 4417 quaelquaneuut.

943 4431 1068 4503 Imperet
1083 4428 1138 4484 iste
1153 4424 1225 4482 loris
1241 4434 1328 4495 quem
1344 4413 1472 4474 tomedo
1488 4424 1545 4467 non
1561 4419 1711 4464 revereris.

63 4510 192 4569 'l'ollitur
206 4515 242 4570 ad
258 4531 381 4589 superos
397 4522 496 4575 noster
511 4518 721 4577 celeberrimus
740 4518 835 4577 beroe.
905 4505 931 4572 D
947 4524 1049 4581 Fertor
1061 4522 1176 4578 laetura
1190 4521 1267 4572 Deus
1279 4510 1374 4569 utitur
1388 4506 1423 4564 ed
1439 4519 1494 4561 ena
1509 4501 1589 4574 Jurr.

945 4606 1284 4671 Vertitinomnebonum
1293 4585 1768 4668 rabiemquelememqueleoeem,

945 4703 1054 4762 (torvus
1070 4714 1222 4760 servorum
1238 4708 1341 4754 servus
1356 4689 1430 4748 eolot
1443 4700 1509 4743 ease
1530 4695 1661 4740 enorum.

946 4796 1027 4862 uuor
1044 4792 1157 4849 rationo
1173 4790 1253 4846 earet
1266 4783 1324 4841 eibi
1339 4778 1475 4839 subditur
1489 4778 1518 4833 et
1532 4771 1589 4831 sibi
1605 4770 1688 4844 paret
1702 4784 1714 4836 3

946 4881 991 4939 'l'u
1007 4885 1106 4937 temen
1121 4875 1256 4946 obeistio,
1271 4870 1344 4931 ratio
1359 4883 1447 4944 quem
1462 4860 1590 4939 pretulit
1616 4857 1695 4915 istis.

65 4959 174 5017 Dulcee
188 4962 320 5034 allectus,
332 4966 411 5039 quod
427 4984 485 5025 non
501 4974 638 5025 moveant
652 4985 740 5042 grave
764 4970 894 5042 peotes?
947 4973 1017 5029 Cum
1033 4986 1091 5044 quo
1104 4968 1182 5027 belle
1196 4965 1281 5042 gerit,
1297 4976 1396 5021 eervoe
1410 4958 1474 5030 ejus
1488 4951 1544 5013 albi
1559 4948 1662 5025 quaerit

66 5048 116 5106 Vel
131 5058 259 5109 mentem
276 5057 362 5124 eeJ'us
376 5073 434 5114 non
457 5057 554 5113 flectat
569 5074 651 5113 amor
665 5059 761 5131 gregis
775 5057 893 5132 anuel

64 5138 118 5195 ilie
133 5140 215 5197 venit
231 5149 263 5199 ut
280 5144 400 5218 planget
413 5146 602 5218 3Juvetbuno
615 5147 892 5221 utvulneratengot.

65 5228 118 5285 llis
133 5237 235 5288 astans
251 5233 346 5305 ploret
364 5237 481 5306 :procul
498 5235 546 5292 bie
562 5235 638 5293 mele
662 5239 799 5295 eoneoiue
818 5242 892 5296 oret.

66 5317 150 5375 illiue
166 5320 307 5381 instantis
323 5324 374 5381 det
389 5342 473 5382 arnor
488 5330 553 5399 pius
569 5326 669 5385 oscula
684 5327 804 5402 plantis.

67 5409 119 5467 llro
133 5411 169 5468 de
181 5421 261 5472 veste
276 5433 379 5489 perum
397 5419 471 5489 repit
484 5421 513 5476 in
525 5436 607 5492 spem
624 5419 840 5495 relliquiarum,

66 5498 150 5564 Quod
167 5519 219 5575 pro
233 5504 370 5564 thesauro
381 5508 557 5566 servendum
569 5508 650 5567 ducit
664 5510 694 5568 in
708 5527 780 5570 auro
795 5529 803 5581 3

67 5586 150 5654 Quod
169 5607 256 5650 eruor
272 5596 385 5663 intonit,
402 5597 451 5671 pia
466 5614 537 5656 euro
551 5615 666 5658 serrum
683 5599 740 5659 sibl
760 5600 837 5660 lenit.

948 5062 1068 5119 Frustra
1083 5058 1193 5117 servire
1208 5058 1289 5113 luror
1302 5045 1537 5108 immoderabilis
1552 5044 1602 5099 ira
1617 5062 1625 5111 3

947 5151 1019 5207 Nam
1037 5149 1138 5206 divine
1152 5162 1260 5204 manus
1273 5141 1468 5216 quodcunque
1479 5138 1563 5209 porat
1578 5129 1734 5196 Bonisana,

947 5242 982 5298 lit
997 5241 1195 5313 quodeunque
1213 5238 1296 5310 putat
1311 5248 1343 5289 ee
1359 5230 1516 5296 laetorum,
1538 5225 1595 5281 aito
1610 5223 1716 5278 mutat.

947 5333 1159 5404 Expositoaqne
1176 5327 1246 5386 ioris
1260 5322 1345 5383 titulo
1360 5319 1529 5380 enmulabet
1551 5311 1680 5371 bonoria.

947 5422 1002 5489 Qui
1019 5421 1119 5478 noouit
1134 5417 1360 5476 mundooorrue
1375 5411 1452 5469 lavet
1465 5421 1531 5465 eooe
1545 5402 1685 5470 seeundo,

947 5510 1001 5577 Qui
1012 5510 1091 5583 juvit
1101 5509 1200 5582 justos
1216 5503 1329 5579 depiler
1338 5499 1421 5575 prius
1434 5501 1463 5555 et
1478 5494 1564 5553 modo
1577 5496 1688 5549 eustos.

948 5601 1039 5662 texta
1053 5617 1181 5676 nemque
1191 5598 1296 5658 ndens
1311 5592 1373 5651 avie
1388 5590 1455 5657 ieta,
1472 5600 1525 5644 neo
1549 5583 1617 5641 lnde
1630 5574 1771 5636 recedebo
