3802 6030
62 248 142 310 {36⁹
590 245 708 309 LIBER
729 243 870 310 utu'ltts
894 246 1217 314 utruuuartctls.
1688 254 1768 319 tera
1852 334 1854 338 .

61 381 166 440 neu
183 379 337 439 Ducuntur
348 385 450 456 genitu
470 381 640 448 AEnesdum,
667 378 814 454 Lntloqne
834 381 926 453 [ιο-Α
977 381 1008 438 ln
1024 382 1130 456 primis
1144 382 1239 458 potuit
1253 383 1401 442 letificare
1415 384 1534 441 ducem.

607 541 610 547 Ι
747 469 851 543 [testae
941 473 1003 530 lior
1021 474 1071 531 ubi
1086 474 1236 533 consuluit
1251 480 1391 546 mentem,
1408 480 1561 550 totumque
1575 477 1716 548 cucurrit,

98 560 210 631 Gentis,
226 568 254 619 el
268 561 388 618 Albenae
404 559 568 617 nobilitatis
581 559 686 618 bonor.
976 563 1011 620 ut
1027 564 1095 622 tulit
1109 565 1145 621 ed
1160 581 1281 624 sensum
1297 564 1415 640 singule
1430 566 1518 623 verbe
1532 583 1633 623 suum.

61 650 124 708 Non
141 650 213 706 alibi
228 651 323 722 poluit
338 651 445 708 melius
460 665 636 723 cognoscere
647 651 737 706 Roma
940 652 1021 708 Sicut
1034 653 1121 710 homo
1137 655 1282 712 discretus
1294 661 1367 725 eret,
1379 672 1436 712 non
1448 664 1546 712 metue
1558 655 1588 713 in
1606 655 1694 715 iram.

99 739 179 805 Quod
192 739 298 796 dubias
314 740 422 796 dubius
437 740 568 798 mundus
581 738 703 797 heberet
715 755 796 815 opes.
975 742 1135 816 Ambagem
1151 745 1247 800 dubia
1262 745 1358 801 sentio
1369 744 1459 814 vocis,
1478 745 1528 802 nil.

61 832 98 887 At
114 829 285 902 patricidam
303 845 369 885 cum
386 829 528 902 signifera
544 830 657 902 legione
941 833 1017 906 birgo
1033 835 1207 906 patricidam
1220 837 1284 907 (nec
1296 836 1373 893 enim
1391 834 1494 893 leudes
1506 836 1618 895 alienae

98 919 230 977 Ducebat
241 919 344 976 melior
358 937 422 976 sors
439 919 561 976 meliore
576 919 634 976 vie.
977 923 1065 995 Regis
1082 938 1164 981 mens
1179 941 1256 998 egre
1270 924 1409 997 sustinet)
1422 924 1603 998 alloquitur:

62 1007 119 1073 Qui
134 1005 235 1079 procul
251 1013 370 1079 aspecto
381 1005 495 1063 contusi
510 1006 628 1078 pulvere
642 1005 721 1074 belli,
941 1012 1103 1083 ojuvonis,
1119 1029 1207 1085 quem
1223 1014 1332 1087 siquis
1348 1016 1425 1073 inest
1438 1015 1521 1088 vigor
1544 1014 1654 1073 insitus
1668 1015 1771 1088 astris,

100 1096 234 1153 Protinus
248 1096 376 1153 intendit
390 1095 582 1152 succubuisse
597 1112 676 1152 suos.
977 1098 1152 1158 Neecentem
1166 1102 1239 1159 vidit
1252 1102 1357 1159 sideris
1372 1103 1444 1160 hora
1457 1104 1541 1173 beni,

62 1190 225 1245 occurrens
235 1186 326 1260 igitur
340 1189 505 1244 venientem
522 1187 662 1259 prevenit
672 1186 799 1258 hostem,
942 1190 995 1246 Cui
1008 1191 1125 1247 lortnna
1139 1193 1251 1262 iuvene,
1265 1208 1301 1248 oe
1316 1192 1471 1266 postmodo
1487 1209 1561 1250 osce
1576 1197 1707 1263 vocetur,

100 1279 279 1350 objectoque
294 1276 349 1334 sibi
366 1277 458 1334 milite
473 1276 584 1334 claudit
600 1278 674 1347 iter,
978 1280 1083 1337 12th
1094 1280 1230 1338 Excussit
1243 1281 1306 1339 vitii
1323 1280 1433 1338 crimen
1447 1297 1582 1354 onusque
1597 1283 1655 1340 eut.

63 1366 249 1439 Hostilesque
264 1367 368 1439 globos
380 1367 446 1423 tntis
463 1366 636 1424 unctioribus
647 1367 761 1425 inlruns
944 1369 974 1426 ln
991 1371 1076 1442 cujus
1092 1370 1164 1427 iecie
1179 1374 1290 1428 nature
1303 1375 1411 1428 cuncte
1428 1372 1556 1445 potentie

103 1457 233 1513 Devincit
247 1456 363 1523 Ponte,
380 1455 505 1529 protegit
518 1456 676 1515 Ausonios.
979 1465 1160 1532 Argumenta
1175 1466 1288 1532 patent,
1299 1460 1364 1518 leue
1386 1468 1435 1517 tua
1450 1460 1545 1519 sortus
1555 1461 1626 1519 dec.

65 1545 217 1605 Ridiculus
233 1545 387 1603 hominurn
401 1551 498 1602 verset
513 1562 577 1603 sors
590 1562 667 1604 caecs
682 1545 808 1620 labores,
944 1548 997 1605 Por
1007 1565 1094 1622 quem
1105 1549 1169 1622 (neo
1186 1550 1471 1624 pudoreetlereptus
1481 1549 1611 1608 ebhoste
1627 1554 1769 1622 revertor,

101 1635 213 1693 scenio
226 1642 326 1692 nestra
338 1637 425 1707 iocus
440 1634 661 1708 ludibriumque
677 1636 744 1693 diis.
980 1636 1124 1694 Redditus
1141 1640 1235 1709 uxori,
1253 1638 1428 1711 deliciisque
1442 1639 1525 1697 meis.

65 1726 219 1785 Conversis
234 1726 348 1783 vicibus
363 1727 438 1798 jacet
451 1727 559 1791 Attice,
576 1725 666 1784 Rome
681 1725 855 1800 triumphet,
905 1760 929 1824 B
945 1726 1016 1783 Ecce
1032 1727 1106 1795 dies,
1122 1728 1172 1801 qui
1185 1728 1358 1802 proveniens
1373 1745 1408 1785 ex
1421 1730 1522 1786 ordine
1539 1727 1590 1787 lati

98 1816 230 1875 Victores
239 1814 332 1873 dictos
346 1817 508 1873 extimuere
522 1831 603 1873 suos.
980 1817 1093 1876 Reddet
1112 1819 1212 1875 virtuti
1223 1817 1342 1893 premis
1358 1819 1447 1892 digne
1462 1823 1531 1876 tum.

60 1907 248 1979 litteuquern
260 1907 362 1963 timeat
373 1905 495 1962 Romam
511 1921 595 1963 secer
608 1903 680 1962 ordo
692 1904 827 1974 deornm,
943 1910 1062 1979 sceptro
1078 1914 1158 1978 tuus,
1175 1909 1277 1974 leteor,
1295 1907 1400 1964 tueruit
1414 1906 1505 1977 labor,
1519 1907 1619 1982 accipe
1640 1910 1770 1983 vceplre,

99 1997 238 2054 Protinus
253 2001 283 2053 et
296 1994 381 2053 celeri
392 1998 502 2053 demna
517 1994 618 2052 levsvit
636 2010 700 2068 ope.
979 1996 1014 2052 ut
1029 1997 1168 2054 meritum
1184 1997 1314 2072 regimen
1331 1996 1413 2055 urbis
1432 2000 1461 2053 et
1475 1996 1555 2054 orbis
1571 1996 1646 2054 habe

61 2087 213 2161 sicigitur
227 2088 323 2161 poluit
337 2085 451 2143 veniam
468 2086 586 2143 fortuna
600 2084 717 2152 mereri,
943 2082 1048 2142 Vicisti
1063 2090 1177 2156 Poenos,
1194 2093 1223 2144 et
1238 2102 1313 2160 quos
1326 2085 1378 2143 tibi
1393 2087 1486 2144 Rome
1500 2086 1616 2160 perovit

107 2176 182 2233 Dum
199 2177 280 2234 dedit
294 2180 415 2234 eventus
431 2180 496 2247 post
512 2174 590 2231 melo
605 2175 664 2230 iata
679 2175 773 2232 bonos
979 2173 1121 2232 Curribus
1136 2179 1166 2232 el
1181 2175 1297 2248 pompis
1313 2179 1394 2232 utere
1405 2191 1476 2248 poce
1491 2190 1567 2232 mee.

64 2267 137 2324 Sors
153 2267 255 2323 audite
270 2265 339 2322 meli
354 2265 451 2322 luctus
467 2265 630 2321 coniecerat
650 2263 764 2332 urbem,
942 2263 1027 2322 Juste
1041 2269 1133 2323 Rome
1147 2266 1237 2336 videt,
1252 2271 1426 2339 servatoque
1442 2265 1518 2323 lines
1533 2265 1606 2323 recti

101 2357 266 2430 Magnaque
281 2355 403 2424 mojorie
418 2355 526 2410 demus
544 2353 665 2426 pudoris
685 2359 767 2411 erent
978 2354 1031 2412 list
1044 2354 1074 2410 in
1090 2359 1261 2428 contemptu
1275 2354 1341 2427 plns
1354 2355 1426 2412 mihi
1442 2358 1527 2428 grate
1541 2369 1618 2411 meo.

64 2447 140 2503 tels
154 2444 365 2518 superveniens
380 2442 530 2515 premisso
544 2443 622 2498 lame
636 2439 729 2499 dolori
943 2444 1002 2502 Nec
1018 2461 1103 2502 meuc
1115 2446 1170 2502 iste
1186 2450 1282 2519 potest
1298 2444 1392 2518 pudor
1407 2449 1459 2502 snt
1471 2443 1581 2517 injuria
1596 2441 1664 2500 dici.

102 2539 141 2591 Ex
156 2535 229 2606 ipsis
244 2532 339 2606 potnit
353 2532 464 2605 gratior
479 2548 542 2589 esse
558 2530 655 2588 melis.
979 2534 1102 2592 iustitie
1118 2534 1216 2608 potius
1229 2549 1335 2591 nomen
1352 2534 1460 2591 hebere
1474 2538 1581 2605 potest.

66 2624 199 2681 Primum
217 2629 352 2679 narratur
366 2638 425 2693 que
439 2619 514 2677 volte
528 2620 671 2693 quibusve
684 2618 803 2676 lotebrie
944 2626 1020 2699 ltrgo
1037 2641 1090 2683 nec
1101 2625 1226 2690 invideo,
1239 2623 1354 2682 venturi
1369 2623 1489 2697 prescia
1503 2622 1604 2680 laturus

108 2714 262 2769 Poenorum
279 2716 397 2768 steterat
412 2710 554 2766 insidiose
568 2709 684 2776 cohors,
980 2713 1250 2785 crinibus-secedet
1261 2714 1350 2786 digna
1362 2729 1468 2771 corona
1480 2712 1549 2770 tuis.

68 2803 104 2860 Et
119 2807 248 2875 quuutus
264 2799 363 2857 Latios
374 2797 441 2856 belli
457 2803 614 2856 oaecsveret
628 2797 725 2868 ordor,
947 2803 1020 2879 lingo
1038 2820 1090 2861 neo
1104 2803 1230 2875 invideo,
1246 2820 1333 2861 curru
1348 2801 1481 2876 fulgente
1491 2800 1618 2871 veheris,

104 2892 146 2949 Nc
160 2892 266 2949 tacitos
282 2895 400 2963 possent
414 2896 481 2946 ente
495 2888 592 2945 videre
607 2888 698 2945 dolos.
981 2898 1115 2966 Laetaque
1131 2893 1224 2951 Roma
1240 2900 1320 2950 tuum
1337 2908 1443 2949 nemen
1460 2892 1495 2948 ed
1513 2894 1592 2949 estre
1607 2890 1690 2947 ieret.

69 2980 200 3049 Qualiter
215 2986 357 3052 augustos
372 2979 563 3049 Romanoque
576 2978 689 3035 viscera
704 2977 803 3035 Patres
944 2978 1770 3055 GrendevocomeritumquemdattibiRometriumphum.

103 3073 245 3130 truserat
256 3071 285 3127 in
300 3070 420 3142 loqueos
434 3070 532 3126 Airice
547 3068 610 3125 dira
624 3084 705 3125 suos.
983 3072 1064 3138 Quod
1077 3071 1131 3127 libi
1148 3087 1256 3129 munus
1271 3070 1414 3145 grandine
1428 3084 1494 3126 esse
1508 3076 1590 3142 puto.

68 3164 161 3230 Quem
179 3178 264 3234 perva
279 3159 423 3231 patricida
439 3175 529 3213 manu
544 3157 714 3214 contriverit
728 3156 838 3225 hostes,
908 3120 930 3190 c
949 3159 1088 3217 Romanis
1098 3158 1223 3232 aliisque
1239 3159 1313 3215 meis
1327 3162 1355 3214 te
1371 3157 1494 3231 pensiero
1509 3157 1619 3230 regnis,

105 3250 140 3307 ut
154 3249 218 3320 tibi,
236 3248 339 3315 Roma,
355 3252 421 3304 tuoe
437 3245 594 3302 reddiderit
613 3243 747 3318 populos.
985 3248 1094 3321 detque
1108 3247 1214 3305 iretum
1230 3263 1340 3303 munus
1356 3246 1473 3320 lateque
1488 3249 1565 3302 terre
1580 3260 1692 3303 meum.

70 3343 119 3399 Sic
135 3340 277 3413 petricids
290 3339 354 3398 suis
370 3339 518 3395 formosus
533 3341 561 3392 et
571 3335 697 3410 inclytus
713 3335 787 3393 actis
948 3335 1246 3411 Obstupuitjuvenis,
1257 3341 1286 3393 et
1301 3335 1377 3411 (quse
1392 3335 1544 3393 rarissime
1558 3335 1666 3408 virtue)

107 3432 213 3490 Creber
227 3436 257 3488 et
270 3431 300 3487 iu
311 3429 390 3504 vulgi
406 3428 551 3502 plurimus
566 3443 616 3485 ore
630 3430 724 3484 sonat.
984 3433 1024 3484 De
1034 3426 1089 3484 sibi
1104 3428 1209 3484 colluto
1224 3425 1318 3484 tristis
1333 3424 1444 3483 honore
1460 3426 1524 3482 init.

384 3519 528 3576 cellsus
543 3520 577 3577 V.
948 3518 1024 3576 Dum
1037 3535 1139 3593 parere
1154 3526 1251 3592 neget,
1266 3517 1416 3575 venientes
1431 3516 1532 3574 ordine
1547 3532 1671 3590 pempes

70 3612 130 3668 Rex
146 3611 195 3668 ubi
205 3609 323 3683 collegit
335 3625 408 3681 ques
424 3609 479 3665 tert
494 3607 616 3665 victorie
629 3607 754 3681 prodas,
984 3607 1137 3682 uspiciunt
1151 3608 1232 3665 illinc
1249 3605 1367 3680 vulgus,
1383 3612 1412 3664 et
1426 3606 1494 3664 inde
1505 3607 1627 3664 Petresz

105 3701 188 3774 (Nem
202 3701 277 3759 lucri
288 3700 438 3769 dominns,
455 3716 512 3754 uon
529 3706 628 3756 temen
643 3703 745 3756 euctor
759 3698 831 3770 eret)
947 3702 1007 3757 Rex
1021 3698 1124 3772 cepitis
1139 3697 1275 3755 diedeme
1287 3697 1345 3768 eui,
1361 3696 1430 3754 licet
1443 3697 1505 3769 ipse
1520 3699 1674 3769 repugnet,

68 3795 191 3849 Romam
206 3790 293 3847 vertit
307 3790 371 3857 iter,
388 3788 582 3860 Patribusque
594 3788 721 3864 legenda
735 3785 867 3846 verendis
982 3787 1110 3845 Collocal
1124 3786 1155 3844 iu
1167 3786 1287 3860 juvenis
1298 3786 1418 3855 vertice,
1435 3791 1550 3859 sceptro
1565 3801 1664 3842 manu.

102 3883 210 3940 Littera
225 3881 371 3953 dirigitur,
388 3877 485 3935 littere
499 3878 567 3934 talis
582 3885 664 3936 erut:
945 3878 992 3935 Sic
1007 3883 1116 3935 tectum
1133 3875 1242 3945 trabea,
1259 3876 1302 3935 sic
1317 3875 1417 3934 omnia
1429 3877 1507 3949 regis
1522 3874 1682 3932 habentem

65 3969 103 4028 Ut
117 3971 174 4028 sibi
191 3988 242 4044 pro
258 3971 334 4025 victa
348 3967 540 4041 Carthargioe
551 3966 650 4023 debita
662 3967 777 4036 laurus,
980 3966 1091 4025 Obtulit
1106 3965 1250 4033 oblatum,
1266 3970 1359 4024 Rome
1374 3966 1482 4039 recepit
1496 3982 1578 4036 enm,

103 4060 136 4117 iit
151 4060 274 4117 meritus
290 4057 373 4115 Latio
389 4073 469 4115 more
484 4058 602 4114 daretur
617 4056 720 4113 honor.
944 4057 979 4114 ut
994 4056 1191 4130 niveoesnper
1206 4054 1283 4113 altus
1298 4072 1398 4129 equos,
1414 4054 1571 4127 plaudente
1580 4057 1696 4124 senatu,

65 4150 189 4207 Romani
201 4165 290 4222 super
304 4148 351 4205 his
367 4147 441 4204 bene
456 4147 525 4219 quid
541 4150 699 4215 statuetur,
714 4149 800 4203 acuto
978 4147 1021 4205 Ad
1037 4145 1235 4219 Capitolinum
1251 4145 1368 4202 ducitur
1383 4160 1476 4215 usque
1489 4143 1602 4200 Jovem.

101 4239 230 4297 Consilio
244 4241 372 4305 versant,
387 4237 592 4310 exagitantque
602 4234 663 4292 diu.
1248 4233 1390 4292 cnutus
1412 4234 1456 4291 tlt.

67 4327 200 4402 Undique
216 4329 347 4401 pensetis
361 4325 483 4384 redonis
500 4325 635 4383 acumine
646 4325 732 4384 rebus
942 4326 1090 4388 Audierat,
1102 4340 1155 4382 nec
1165 4320 1547 4397 euimgeeterumdetlcitil.
1558 4316 1766 4393 deluitlindex,

101 4418 146 4476 Nil
162 4417 259 4478 meriti
275 4416 359 4474 iactis
375 4415 450 4488 regis
466 4416 562 4473 inesse
576 4415 676 4472 vident
978 4413 1137 4487 imperium
1154 4411 1216 4470 neti
1231 4415 1325 4469 mater
1340 4409 1436 4468 amica
1450 4409 1508 4467 sui.

64 4508 119 4574 Qui
131 4509 207 4565 male
223 4507 336 4564 insuete
349 4506 474 4563 Romani
491 4505 722 4576 laudedecorus‚
902 4498 927 4564 ll
942 4503 1029 4562 tdovit
1041 4503 1077 4560 ed
1095 4502 1148 4560 boc
1162 4501 1267 4576 pietas,
1279 4516 1362 4558 emor
1375 4504 1404 4558 et
1419 4504 1525 4557 nature
1540 4501 1705 4574 parentem,

100 4597 202 4655 Victus
216 4601 245 4655 et
259 4597 288 4653 in
303 4593 378 4652 bello
394 4596 491 4668 prede
506 4594 710 4653 luissetioere.
979 4593 1092 4651 iustitia
1106 4590 1198 4666 potuit
1212 4606 1287 4665 pene
1301 4589 1396 4663 perire
1408 4606 1473 4647 sua.

63 4686 139 4745 Neve
153 4692 251 4744 temen
266 4689 366 4759 posset
382 4683 460 4757 turpi
475 4683 606 4741 doluisse
620 4683 749 4756 repulse,
941 4685 973 4739 ln
989 4681 1135 4756 lecrymes
1150 4685 1250 4738 umen
1264 4684 1424 4753 erumpunt
1438 4678 1487 4753 pie
1500 4677 1610 4752 gendie
1623 4674 1739 4746 matris,

101 4776 174 4834 Ram
191 4775 264 4832 mele
280 4778 482 4846 contemptum
500 4772 555 4829 iert
570 4771 667 4846 grevis
682 4772 726 4828 ire
740 4771 860 4837 docum,
978 4773 1056 4839 oues
1070 4770 1154 4827 dolor
1167 4773 1197 4826 et
1211 4768 1309 4844 potius
1325 4769 1433 4826 demna
1448 4784 1551 4843 pecare
1566 4767 1670 4826 solent.

64 4866 173 4939 Pagine
188 4866 329 4936 signetur,
342 4865 427 4936 cujus
442 4861 511 4919 dare
525 4863 586 4919 sive
597 4877 704 4935 negare
941 4863 980 4919 tlt
994 4862 1067 4920 satie
1082 4858 1232 4934 applausit
1245 4865 1369 4934 cognato
1385 4865 1479 4918 mater
1497 4859 1612 4929 honori,

99 4957 263 5030 Ambignus
278 4971 384 5011 sensus
399 4951 565 5025 significare
580 4957 677 5025 queat.
978 4951 1121 5025 Legitimo
1135 4950 1214 5008 risus
1230 4950 1287 5006 line
1303 4967 1437 5024 repressa
1451 4967 1522 5009 suos

63 5047 180 5107 Nullius
192 5046 310 5102 obsistit
320 5045 445 5112 meritis,
460 5042 569 5100 servire
584 5046 686 5114 purete
941 5043 1072 5100 Pectoris
1088 5057 1230 5099 orcenum
1245 5039 1327 5097 velut
1341 5040 1370 5096 in
1382 5039 1529 5114 penetrale
1545 5042 1706 5112 receptum,

97 5143 217 5210 Semper
233 5135 334 5194 victori
352 5133 431 5203 regia
447 5134 540 5189 Rome
555 5148 619 5189 suo.
976 5133 1012 5190 ut
1026 5131 1104 5201 silet,
1119 5136 1149 5188 et
1164 5129 1237 5204 quid
1252 5138 1319 5204 egel
1333 5129 1460 5187 consulit
1473 5131 1634 5203 ingenium.

61 5229 134 5286 Nam
147 5227 193 5282 cni
211 5225 369 5296 laurigeros
383 5224 491 5279 meruit
507 5222 627 5279 victorin
641 5236 758 5294 corrue,
942 5220 1088 5294 Astrologi
1103 5234 1194 5295 super
1208 5221 1341 5293 eugunio,
1358 5235 1447 5292 snper
1461 5221 1563 5276 ordine
1579 5216 1646 5274 tecti

97 5319 162 5375 Non
177 5316 218 5372 illi
235 5316 354 5371 meritos
375 5315 466 5370 Romu
481 5314 598 5387 rogubit
613 5329 683 5382 eos;
977 5313 1130 5383 Obstupet,
1147 5313 1176 5368 et
1190 5308 1286 5367 stellis
1302 5310 1396 5366 sensit
1410 5311 1514 5367 edesse
1534 5310 1632 5366 fidem.

61 5410 116 5477 Qui
132 5405 256 5480 populus
270 5403 544 5477 vicilCertbeginis,
560 5403 620 5476 ille,
636 5405 772 5474 letemur,
940 5404 1005 5459 tem
1022 5400 1057 5457 de
1073 5398 1220 5473 preterito
1234 5397 1323 5455 trehit
1337 5405 1511 5472 argumenta
1526 5397 1626 5466 luturi,

99 5498 150 5555 llle
166 5492 341 5566 trimphsles
355 5493 496 5551 scandere
507 5493 592 5552 debet
606 5510 709 5568 equos.
977 5490 1087 5548 (tatem
1098 5487 1235 5564 predicto
1251 5487 1346 5545 credit
1362 5489 1441 5548 iture
1456 5490 1555 5548 modo.

66 5589 156 5663 Spem
170 5583 295 5643 mentite
309 5581 415 5641 bouem
430 5581 528 5643 teliaci
543 5584 641 5643 littere
651 5582 732 5645 vultu
940 5583 1015 5655 ltrgo
1030 5594 1061 5637 re
1074 5578 1198 5639 iaciente
1213 5576 1301 5637 licem
1316 5594 1371 5653 pro
1385 5583 1481 5639 morte
1495 5577 1605 5648 mariti,
