3802 6030
66 221 144 283 ttut

623 221 741 284 Llssutt
762 218 896 289 uendit
917 217 1216 283 CAPITULORUM.

1693 226 1774 290 stou

64 355 146 412 Unde
161 356 263 426 putent
277 356 414 420 tractum,
431 355 508 423 quod
521 371 605 412 musa
621 355 734 428 poetica
745 357 855 422 narrat,
904 351 980 421 Alo
996 368 1082 423 quem
1099 354 1252 426 perspicue
1267 354 1417 411 stellarum
1434 354 1520 428 culpa
1535 356 1700 428 redundat3

64 444 166 500 Mortis
184 441 361 498 adulterium
378 440 469 498 solem
486 444 665 515 Venerisque
679 451 807 501 notasse.

65 531 143 588 Mars
152 547 270 603 quoque
280 530 439 602 respiciens
448 534 607 588 Saturnum
620 532 768 590 ecbemnte
778 532 891 606 quadro

64 621 219 677 Stellarum
235 618 318 676 nulla
334 635 364 676 se
380 618 555 692 respiciente
568 619 712 676 bonarum

64 711 161 767 uturit
175 710 312 778 audaces,
328 709 516 781 gladiatores,
531 708 707 776 homicidas,

63 797 275 867 Demoniacos,
291 799 380 868 iures,
397 800 537 870 omniqua
551 797 674 855 libidine
690 796 805 870 plenos.

64 893 137 946 Cum
153 887 222 944 Jove
232 888 338 959 junctu
352 886 451 943 Venus
467 886 543 960 parit
556 885 695 944 omnibus
708 884 891 948 omnialaete,

64 978 94 1033 Si
111 983 208 1033 tamen
224 977 319 1033 obstat
331 976 374 1032 eie
390 976 512 1032 radiatio
528 976 608 1032 nulla
623 974 762 1048 maligna.

64 1067 148 1124 Unde
162 1069 241 1122 Mero
257 1070 400 1122 memorat
415 1067 492 1138 quod
508 1066 623 1138 Jupiter
635 1062 734 1122 oscula
746 1068 820 1122 natm

64 1156 221 1214 Praelibans
236 1155 329 1226 vultu,
346 1155 448 1212 laevum
465 1156 545 1228 luget
558 1170 655 1220 omne,
671 1169 783 1211 sereno.

65 1246 169 1304 1000
184 1245 262 1302 litans
277 1245 337 1301 lere
354 1243 430 1300 bella
445 1249 541 1302 movet
554 1262 561 1314 ;
576 1243 645 1301 belli
661 1243 734 1300 deus
752 1242 821 1299 indo
840 1257 890 1297 vo·

751 1334 855 1407 [catur.

66 1424 197 1482 Pessima
211 1429 384 1482 cunctarum
400 1423 519 1482 Saturni
536 1423 621 1481 stella
636 1428 766 1496 putatur.

64 1513 205 1571 Mercurio
221 1513 357 1586 lunaeque
373 1531 441 1571 euos
457 1531 504 1570 ars
515 1513 620 1570 dividit
634 1519 729 1580 actus,

63 1603 135 1658 Vite
150 1604 223 1659 dans
238 1603 326 1659 astris
342 1602 477 1658 bumuuae
494 1602 559 1674 jure
574 1602 730 1674 necisque:

943 446 1001 498 Aut
1015 443 1105 514 igitur
1121 444 1238 516 genesis
1253 461 1372 514 prorsus
1389 444 1573 517 reprobanda
1593 445 1718 517 videtur,

944 535 1001 585 Aut
1015 532 1114 602 genesi
1130 531 1222 599 solve,
1238 534 1352 589 salvum
1368 532 1443 588 nibil
1463 549 1528 590 ease
1548 534 1698 607 probetur.

943 621 1010 676 ilinc
1025 620 1096 676 satis
1112 638 1177 678 esse
1193 639 1268 689 reor,
1286 623 1394 694 quibus
1409 623 1493 679 cedat
1508 622 1618 695 impius
1636 640 1738 691 error,·

943 706 973 761 Si
990 711 1087 763 tamen
1103 715 1147 764 est
1162 707 1268 780 aliquis
1284 708 1449 782 superhaec
1465 708 1515 782 qui
1532 709 1617 781 plura
1632 710 1773 797 requirat,

944 797 979 851 iit
995 802 1073 869 petat
1088 797 1223 870 opposita
1237 797 1367 870 genesim
1383 798 1467 870 qussi
1484 798 1578 854 leonte
1593 797 1683 865 sariri,

944 885 1104 943 Possumus
1121 887 1196 942 bano
1212 888 1269 943 alia
1285 886 1389 944 falsum
1405 886 1515 944 ratione
1531 887 1665 960 probare.

944 973 1019 1029 Sunt
1034 975 1167 1047 quaedam
1184 992 1256 1047 quas
1267 975 1348 1031 nulla
1359 981 1454 1032 movet
1465 976 1612 1033 discordia
1622 981 1736 1049 gentes,

946 1061 1125 1134 Bragmanae
1138 1066 1283 1136 Ceresque
1297 1069 1402 1121 vocant
1416 1065 1466 1131 qui
1483 1081 1551 1123 vera
1570 1065 1737 1138 probarent.

945 1150 1049 1207 Nullue
1064 1151 1105 1207 ibi
1121 1156 1229 1224 raptor,
1246 1169 1388 1226 spargens
1404 1154 1539 1211 incendia
1553 1154 1665 1224 nullus,

945 1240 1048 1297 Nullus
1064 1239 1242 1297 adulterium
1259 1242 1350 1310 novit,
1368 1240 1496 1314 perjuria
1511 1261 1617 1313 nemo;

945 1330 1093 1387 Incestum
1109 1329 1239 1402 lugiunt,
1256 1330 1367 1388 iaciunt
1382 1331 1542 1388 homicidis
1564 1350 1720 1406 nusquam.

945 1418 1084 1492 Nunquid
1100 1419 1128 1474 in
1146 1418 1193 1476 bis
1208 1418 1320 1492 aliquid
1331 1418 1409 1491 luris
1427 1423 1506 1477 tanet
1525 1425 1576 1477 aut
1601 1425 1709 1490 Venus,
1725 1425 1778 1479 aut

1626 1510 1738 1583 [Marsi

946 1614 1003 1666 Aut
1018 1609 1151 1681 nunquid
1169 1608 1269 1666 nullus
1283 1609 1339 1665 sub
1355 1624 1457 1665 eorum
1474 1610 1606 1666 nascitur
1624 1608 1720 1665 bora?

62 1692 112 1749 llis
127 1691 216 1764 lucra,
233 1693 342 1747 damno
354 1691 463 1759 volunt,
475 1691 521 1747 bia
532 1688 786 1764 corporasnnavel
797 1705 889 1762 egrs;
904 1724 928 1791 B
944 1703 1020 1759 gunt
1035 1700 1099 1756 21}ae
1114 1705 1214 1756 ponem
1228 1699 1335 1773 quibus
1349 1702 1395 1754 est
1408 1698 1539 1755 inceptus
1554 1698 1584 1754 in
1599 1713 1665 1770 usu,

63 1782 115 1839 llis
130 1787 159 1838 et
170 1782 293 1839 virtutes
308 1798 420 1848 omnes,
437 1786 466 1837 et
480 1780 605 1837 crimina
623 1786 746 1849 cuncta;

63 1870 116 1928 His
132 1875 320 1944 paupertates
335 1874 363 1926 et
378 1885 448 1942 opce
464 1869 611 1926 ascribere
626 1869 734 1936 cuneis,

61 1961 127 2017 llaec
141 1960 218 2033 apud
234 1960 398 2032 astrologos
413 1963 562 2032 quondam
575 1959 647 2015 mibi
658 1958 733 2015 lecta
743 1957 887 2015 recordor.

60 2049 204 2106 Firmicus
220 2047 346 2104 infirmis
362 2047 525 2105 rationibus
538 2046 594 2105 ista
605 2047 728 2120 probare

60 2138 225 2205 Contendit,
243 2136 328 2208 cnjus
345 2137 416 2192 mibi
434 2136 562 2194 themata
577 2137 650 2194 iolas
664 2137 815 2206 videntur;

58 2229 132 2285 Nam
144 2230 229 2301 juxte
244 2230 321 2302 quod
337 2227 363 2284 ei
380 2227 474 2300 placet
487 2227 628 2301 inquisite
644 2231 746 2285 notare

59 2318 209 2374 atumem
227 2319 304 2390 quod
320 2317 359 2373 sit
374 2333 439 2373 mea
457 2316 641 2376 constellatio
657 2316 755 2384 tellas,

57 2406 138 2463 Sicut
152 2407 182 2462 iu
198 2406 252 2463 boc
268 2405 364 2463 studio
379 2421 499 2463 versans
512 2405 670 2478 aliquando
686 2405 816 2479 probavi,

62 2495 98 2552 Ni
113 2511 212 2553 vereor
227 2512 264 2552 ne
279 2512 326 2552 me
344 2495 443 2567 potius
459 2494 524 2568 quia
539 2495 640 2551 tallere
654 2495 762 2565 credat,

57 2588 113 2641 dut
127 2584 157 2641 in
173 2583 287 2642 difficili
303 2584 364 2639 ialli
381 2599 504 2640 numero
518 2582 660 2657 potuisse,

57 2674 88 2731 Si
105 2691 162 2730 noo
177 2673 238 2730 baec
252 2677 321 2730 nota
335 2673 450 2730 cunctis
465 2673 579 2731 ratione
594 2674 729 2731 refutem.

60 2762 191 2821 Primum
207 2763 232 2819 ei
247 2762 424 2819 verisimiles
438 2762 560 2819 assertio
575 2762 649 2818 lalea

59 2853 162 2908 Posset
176 2851 283 2908 babere
298 2850 387 2918 locos,
405 2870 438 2908 ac
454 2851 592 2925 gentibus
608 2850 752 2909 insinuari

57 2941 138 3008 Quod
155 2941 271 3013 genesis
287 2945 372 3014 cogat
382 2939 525 3012 quidquid
540 2939 744 3007 committitur,
758 2954 884 3012 usquein

941 1797 1068 1861 Quarum
1081 1793 1151 1846 eunt
1165 1789 1302 1846 beruines
1320 1787 1431 1844 assueti
1446 1787 1540 1844 vivere
1555 1795 1649 1861 rapto,

941 1879 1101 1954 Sanguinis
1121 1878 1245 1934 humani
1262 1877 1371 1951 quibus
1386 1881 1431 1933 est
1444 1875 1549 1932 allusio
1565 1875 1642 1943 vitis,

940 1971 994 2038 Qui
1011 1985 1064 2024 nee
1080 1967 1273 2033 adulterium,
1290 1983 1342 2023 uec
1357 1970 1461 2022 catara
1475 1963 1602 2021 crimino
1616 1962 1719 2029 vitant,

940 2061 1017 2124 Quos
1039 2074 1095 2114 uon
1112 2056 1224 2124 auditu,
1239 2057 1290 2112 sed
1305 2055 1371 2112 visu
1387 2054 1533 2111 movimus
1547 2053 1622 2126 ipso.

939 2149 1080 2221 Nunquid
1095 2153 1123 2205 et
1138 2147 1193 2203 bos
1210 2146 1344 2220 probibet
1356 2144 1440 2202 sidus
1455 2159 1574 2218 peccare
1584 2139 1771 2214 benignum?

938 2241 995 2295 Aut
1011 2239 1113 2294 borum
1130 2253 1215 2293 nemo
1227 2234 1304 2292 valct
1318 2234 1374 2292 buo
1388 2234 1442 2291 sub
1457 2233 1553 2290 sidera
1568 2230 1674 2289 nescit

940 2329 1041 2385 aaut
1057 2327 1187 2396 Denique
1201 2324 1312 2382 Judsris
1327 2327 1471 2397 quotquot
1485 2327 1640 2379 versantur
1662 2318 1770 2393 ubique

939 2417 1046 2474 Octava
1060 2421 1177 2472 curtata
1191 2415 1240 2471 die
1255 2417 1326 2471 suut
1346 2413 1479 2468 membra
1497 2411 1645 2485 pudenda,

939 2507 1083 2564 Omnibus
1099 2511 1128 2563 et
1142 2510 1242 2562 tenero
1257 2504 1339 2560 derit
1353 2504 1389 2559 de
1405 2518 1526 2575 corpore
1538 2499 1671 2574 sanguis,

939 2597 1011 2664 Quis
1025 2598 1148 2652 cunctos
1165 2610 1224 2650 uun
1239 2593 1354 2665 genitos
1368 2590 1473 2648 deliret
1487 2589 1517 2647 in
1535 2590 1616 2658 bora,

937 2688 999 2751 Qua
1013 2685 1089 2742 llars
1105 2682 1289 2757 sanguineus
1305 2682 1382 2738 natis
1395 2682 1463 2737 dare
1478 2677 1678 2736 vulnerat'ecit

938 2775 1047 2832 Omnes
1061 2781 1090 2830 ut
1108 2774 1239 2830 membro
1255 2769 1371 2844 plagam
1386 2773 1557 2844 paterentur
1567 2768 1598 2824 in
1610 2782 1679 2825 uno.

937 2867 1012 2938 Ergo
1028 2864 1187 2922 voluntatis
1203 2879 1261 2919 non
1277 2859 1383 2918 sideris
1397 2876 1463 2918 essa
1478 2859 1619 2932 probatur

936 2957 968 3014 ln
986 2955 1063 3012 bivio
1079 2954 1209 3027 positum
1225 2950 1328 3008 lavam
1343 2952 1533 3021 dextramque
1549 2952 1668 3014 tenste;

57 3029 132 3086 Ulllss
147 3029 217 3102 (inid
235 3031 356 3097 ΝΜΟ,
373 3045 491 3100 PlfflssOlr
508 3028 733 3101 ha‘1⁰l>⁰¹'⁸¹¹⁸⁸io
750 3030 846 3100 leticie
938 3046 996 3104 Nee
1012 3046 1111 3101 miuus
1126 3048 1171 3100 eat
1186 3041 1308 3108 clerum,
1324 3040 1403 3114 quod
1418 3055 1495 3113 aaepe
1509 3038 1615 3094 timore
1632 3033 1772 3090 voluntas

55 3117 174 3176 Scilicet
190 3120 222 3172 ut
238 3116 335 3173 nullus
351 3133 533 3189 quecunque
549 3119 674 3175 neianda
686 3133 797 3189 cavere,

56 3207 112 3263 Sed
129 3205 289 3279 patrocinio
304 3203 420 3278 cognati
435 3205 541 3261 siderio
555 3210 641 3262 utens

55 3295 150 3353 Vellet
164 3295 291 3367 quisque
311 3310 399 3351 suum
413 3294 510 3350 scetus
526 3294 580 3350 beo
594 3294 708 3351 rotione
726 3293 811 3350 tueri.

53 3386 111 3442 Cur
127 3384 198 3441 mibi
215 3385 281 3457 quis
296 3388 363 3457 post
378 3383 440 3440 beo
451 3384 543 3455 iudex
560 3385 710 3458 imponere
730 3383 848 3455 culpem

54 3474 167 3546 leniet,
184 3478 212 3530 et
227 3473 336 3530 insonti
352 3489 469 3545 paenam
486 3471 775 3544 decernatiniquam,

57 3565 216 3635 Cogentem
231 3562 326 3630 feriat,
343 3567 445 3636 parcat
456 3579 580 3619 censura
595 3564 705 3620 coacto.

55 3655 108 3708 Vel
126 3653 222 3719 potius
234 3651 333 3710 laudet
349 3651 493 3725 quidquid
509 3651 635 3708 delectet
649 3657 794 3723 agentem,

54 3741 160 3799 Omnia
176 3757 243 3797 com
259 3745 373 3798 constet
386 3740 564 3797 descendere
579 3739 703 3796 erimina
717 3739 813 3796 coalui

52 3837 129 3904 Ergo
145 3835 242 3887 metus
259 3846 348 3903 poene
364 3828 506 3885 cohibens
524 3844 641 3901 peccare
656 3827 785 3887 volentes

51 3922 209 3994 Postquam
222 3918 356 3989 deluerit,
373 3918 469 3990 ruptis
482 3917 578 3974 malus
594 3916 691 3974 omnis
708 3918 829 3975 babenia

51 4013 173 4068 Proruet
188 4009 217 4064 in
234 4007 357 4074 lacinus,
373 4022 515 4080 peragens
530 4008 726 4080 quodcunque
746 4007 846 4064 libebit

52 4101 156 4174 Aspice
172 4104 283 4174 quanta
299 4098 384 4155 malis
399 4096 542 4154 scelerum
559 4097 599 4153 sit
619 4101 720 4172 aperta
744 4099 882 4168 fenestra,

53 4192 120 4261 fur,
136 4189 222 4252 latro,
240 4187 412 4260 sacrilegus,
430 4191 541 4260 raptor,
557 4187 699 4259 perjurus,
721 4188 846 4262 adulter,

52 4284 90 4340 Bt
104 4281 301 4353 quodcunque
317 4278 397 4335 naias
412 4281 472 4334 toto
490 4277 611 4350 punitur
627 4278 655 4334 in
671 4279 740 4334 orbe

54 4371 120 4427 Jum
136 4367 216 4426 velut
231 4369 261 4424 in
278 4367 391 4424 licitum
407 4366 511 4422 vetitos
526 4370 699 4439 prorumpet
710 4366 739 4423 ln
751 4373 845 4426 actua.

54 4461 136 4526 Quod
152 4459 176 4516 si
192 4475 278 4531 poena
293 4456 350 4514 reis
365 4455 463 4513 deberi
480 4456 560 4513 nulla
570 4455 720 4528 probatur,

51 4553 86 4606 ut
101 4553 202 4605 contra
218 4547 291 4604 nulli
307 4545 452 4603 debentur
466 4545 689 4617 pramiajueto,

54 4639 127 4710 Spes
140 4636 216 4709 perit
230 4640 317 4707 etque
333 4642 438 4701 metus,
450 4634 526 4706 perit
535 4633 689 4706 paradisus
705 4638 733 4691 et
747 4652 844 4704 orcus,

54 4727 185 4783 Libertas
201 4724 276 4796 perit
288 4722 411 4789 arbitrii,
427 4722 471 4777 via
487 4731 591 4777 cuneta
605 4727 743 4780 coarctat.

53 4818 102 4874 Sic
118 4815 198 4889 legee
214 4815 335 4884 trustra,
351 4814 394 4871 sic
404 4814 474 4886 jura
490 4813 616 4869 sorensis
637 4814 756 4886 trustra,

53 4906 215 4964 Consilium
234 4906 353 4971 trustra,
374 4904 481 4960 mentis
498 4901 655 4974 prudentia
669 4901 786 4976 trustra,

51 4994 175 5068 Templa
190 4993 242 5050 Dei
259 4994 379 5061 trustra,
395 4990 518 5064 supplex
533 4989 626 5046 oratio
641 4991 760 5048 trustra.

54 5086 89 5143 ut
105 5099 289 5157 quecunque
300 5085 405 5156 juvant
420 5080 542 5137 miseros
562 5083 633 5135 sunt
647 5079 746 5136 omniu
760 5081 881 5142 trustra.

52 5174 126 5245 Ergo
142 5189 194 5229 neo
209 5172 311 5245 ignaro
328 5174 411 5227 nocet
431 5168 542 5241 absque
556 5167 654 5224 labore
670 5184 783 5242 vacare,

54 5261 112 5318 Neu
124 5262 209 5334 juvat
223 5259 379 5330 agricolam
397 5256 496 5314 multis
509 5272 575 5313 cum
591 5255 685 5312 bobus
704 5273 796 5328 arare,

54 5352 85 5408 Si
102 5350 181 5406 male
195 5350 282 5406 stella
297 5348 433 5422 probum,
449 5346 493 5402 vel
508 5346 533 5402 ei
547 5344 734 5418 bonsgignat
744 5348 881 5410 inertem.

939 3136 989 3194 Vel
1005 3150 1055 3208 spe
1072 3137 1214 3198 mutatur,
1229 3132 1394 3203 refugitque
1409 3130 1486 3202 quod
1502 3133 1570 3185 ante
1586 3125 1713 3200 patebat,

937 3226 975 3283 Ut
986 3226 1011 3282 si
1027 3223 1094 3296 quie
1110 3222 1231 3295 plenum
1247 3220 1370 3293 cupieos
1385 3218 1520 3276 incedere
1535 3216 1640 3274 callem

937 3315 1064 3388 Aspiciat
1077 3312 1176 3370 subito
1192 3312 1293 3368 scissas
1310 3308 1426 3364 telluris
1441 3307 1567 3377 bialum,

938 3404 1095 3461 interitum
1113 3409 1247 3458 metuens
1263 3401 1375 3469 obJecta
1390 3397 1520 3471 pericula
1534 3396 1624 3466 vitut;

936 3494 971 3549 Et
987 3508 1090 3548 rursus
1107 3492 1215 3563 pariter
1229 3504 1368 3546 saxosum
1385 3487 1502 3543 tendere
1517 3483 1631 3550 nolens,

936 3584 964 3638 ui
979 3581 1078 3639 subito
1093 3581 1191 3638 videat
1206 3596 1263 3635 uun
1281 3575 1361 3651 parvi
1376 3576 1514 3649 ponderis
1530 3589 1635 3630 aurum

934 3677 992 3745 Spe
1007 3670 1079 3727 lucri
1097 3685 1256 3743 properans
1272 3669 1377 3740 pensat
1392 3663 1526 3722 mercede
1535 3663 1677 3728 laborem,

935 3760 1163 3834 ingrediturque
1176 3758 1252 3814 viam
1268 3773 1319 3829 per
1335 3771 1425 3829 quam
1441 3754 1522 3826 prius
1537 3753 1580 3809 ira
1598 3751 1729 3808 timebat.
1810 3802 1813 3809 .

936 3849 1073 3925 lmpellat
1086 3849 1225 3922 juvenem
1240 3851 1329 3916 Mars,
1345 3849 1375 3902 et
1395 3846 1491 3901 Venus
1506 3846 1596 3915 atqua
1619 3838 1731 3911 Cupido

934 3938 1101 4006 Quamlibet
1114 3938 1149 3995 ad
1165 3937 1273 3994 coitum
1287 3933 1431 4009 cupientis
1446 3933 1523 3990 idern
1540 3930 1683 3998 mulieris,

934 4033 1028 4102 Atque
1043 4026 1242 4099 superveniat,
1257 4041 1323 4081 cum
1335 4025 1399 4096 jam
1416 4023 1454 4078 sit
1464 4027 1586 4093 uterque
1597 4027 1726 4093 paratus,

934 4136 981 4194 pra
995 4117 1049 4173 viri
1066 4116 1179 4190 gladios
1192 4116 1357 4186 infestaque
1372 4111 1430 4168 tela
1446 4109 1583 4181 gerentis,

934 4209 1144 4280 Suspensaque
1160 4220 1247 4260 manu
1266 4201 1417 4275 permittet
1428 4214 1502 4271 opus
1513 4195 1675 4259 morituris,

933 4301 1036 4353 Nonne
1051 4295 1106 4352 sub
1121 4291 1243 4350 articulo
1260 4290 1340 4347 necis
1356 4285 1552 4360 impendentis
1568 4284 1686 4357 utrique

934 4384 1019 4440 Victa
1032 4384 1138 4438 timore
1153 4381 1227 4452 sugit
1243 4376 1380 4451 peccandi
1394 4379 1455 4433 tota
1475 4372 1622 4440 voluntas,

898 4453 920 4519 ὓ
936 4476 969 4532 dt
984 4472 1097 4529 lacinus
1114 4469 1271 4543 prohibens
1286 4466 1374 4523 timor
1389 4470 1433 4522 est
1447 4461 1603 4520 violentior
1616 4458 1730 4517 astris?

935 4564 984 4620 Sic
998 4560 1085 4618 etiam
1102 4557 1226 4631 populos
1241 4573 1344 4630 regum
1366 4555 1484 4613 decreta
1498 4551 1647 4616 timentem

936 4650 989 4718 Oui
1006 4647 1110 4722 punire
1125 4663 1189 4703 reos
1204 4645 1283 4703 soliti
1298 4643 1405 4701 delicta
1424 4643 1567 4709 coercent,

934 4743 1037 4799 Vivere
1051 4742 1191 4814 perpetuu
1205 4737 1368 4810 gaudentes
1381 4750 1452 4808 pace
1470 4731 1616 4795 videmus,

934 4837 972 4890 ut
987 4847 1040 4888 neo
1054 4833 1146 4902 agunt
1162 4827 1285 4900 predas,
1309 4840 1363 4883 nee
1377 4826 1413 4880 ab
1428 4822 1477 4879 bie
1488 4817 1624 4877 incendia
1638 4816 1725 4884 liunt,

935 4922 993 4978 Nae
1008 4919 1118 4977 violare
1132 4923 1212 4975 toros
1228 4915 1340 4973 alienos
1354 4913 1478 4983 turpiter
1492 4910 1611 4977 audent,

935 5010 993 5067 Nea
1008 5011 1080 5066 daut
1095 5007 1210 5065 infestis
1225 5006 1281 5065 sibi
1297 5010 1402 5060 mutue
1419 5000 1541 5057 vulnera
1553 4996 1631 5055 talis.

935 5101 1011 5172 Ergo
1025 5098 1125 5165 timor,
1142 5114 1198 5153 uon
1212 5094 1295 5152 atella
1311 5093 1380 5150 lacit
1395 5109 1431 5149 ue
1445 5089 1571 5147 crimina
1591 5086 1672 5142 dant.

937 5195 973 5244 at
988 5204 1061 5260 quos
1077 5185 1160 5243 nulla
1174 5187 1250 5258 regit
1264 5183 1343 5240 vitiis
1358 5181 1477 5239 inimica
1496 5180 1639 5252 potestas,

936 5280 995 5333 Aut
1009 5275 1107 5348 legum
1118 5274 1229 5346 jurisve
1245 5272 1344 5328 minax
1358 5286 1483 5327 censura
1499 5267 1622 5324 coercet.

937 5363 1070 5420 cedibus
1085 5364 1161 5418 inter
1176 5379 1208 5418 se
1222 5363 1321 5417 videas
1336 5360 1441 5416 saevira
1456 5355 1597 5421 eruentis,

52 5440 87 5496 Εἰ
101 5444 201 5496 lamen
217 5439 292 5496 alter
306 5442 383 5511 egei,
397 5453 464 5494 cum
482 5433 651 5506 sumptibus
665 5433 740 5492 ulier
753 5438 883 5500 abundei
936 5455 1077 5510 Andelos
1092 5452 1202 5509 crebris
1218 5468 1317 5524 pacem
1330 5450 1450 5506 turbare
1463 5444 1585 5520 rapinitt,

50 5527 125 5593 Quid
141 5530 220 5602 quod
235 5532 264 5585 at
280 5532 428 5585 auctorem
444 5525 618 5582 condemnat
632 5524 732 5596 opinio
747 5528 828 5600 talis,

208 5649 344 5712 Persou.
369 5647 494 5709 CLXXI.

937 5543 973 5598 Et
987 5542 1089 5600 vetitos
1102 5540 1199 5598 coitus
1216 5540 1324 5597 lasciva
1333 5535 1452 5597 licentia
1466 5532 1580 5592 miscet.

1578 5648 1620 5707 tt
