3802 6030
90 168 169 234 1463
612 168 785 232 MARBODI
809 165 1053 232 RED⁰NENSlS
1075 167 1252 231 artacem
1561 168 1565 175 '
1722 162 1800 224 ttdt

87 323 204 386 gaeum
220 307 252 367 si
266 306 420 376 Hiretum,
437 322 542 364 rentum
559 305 832 384 Andegavensium
848 301 1272 383 historiagraphos,pahiieis
1286 299 1567 381 andegavensibus
1577 297 1700 360 scholia
1710 296 1799 359 dede·

90 393 140 450 rat
154 386 277 448 initium
296 386 349 458 ;in
367 385 509 448 medum.
526 391 560 445 at
577 385 675 456 aiunt,
693 386 856 464 cujusdam
882 384 1111 456 Universitatis,
1128 384 1224 444 siseris
1238 384 1333 444 etiam
1356 382 1501 445 Ecclesiae
1531 379 1651 441 scholis
1668 396 1800 458 praeesse

93 469 206 546 diguus
221 475 267 527 est
282 465 420 526 habitus.
435 465 669 544 Andegaveusis
685 486 779 544 porro
796 465 1010 526 laudationem
1022 465 1270 527 Universitatisa
1293 464 1442 527 ldarbodo
1457 463 1588 523 inuuere
1603 459 1734 522 videtur
1749 459 1798 523 Ul·

92 548 196 628 gerius
207 547 374 624 episcopus
389 546 633 623 audegavensis,
651 549 725 606 dum
738 546 769 606 in
784 545 853 625 ejus
868 546 1017 624 tipicedio
1032 545 1077 605 sic
1091 546 1136 606 ait
1153 564 1160 608 :

91 631 327 690 13884884
346 626 513 687 Transtulit
526 626 583 688 huc
597 627 741 705 studium,
758 627 913 688 transtulit
924 629 1085 705 r'npeaium.

128 709 193 768 Huc
205 716 309 768 autem
326 706 504 768 scholastici
523 726 650 768 munere
666 709 790 786 egregie
806 709 947 768 invictum
965 707 1058 766 luisse
1076 724 1130 785 per
1146 710 1227 766 tetes
1242 703 1481 785 quatuordecim
1493 720 1603 774 annos,
1621 700 1745 763 scilicet
1758 700 1797 761 nh

89 806 128 849 aa
147 786 222 848 teat
235 789 273 847 ad
290 807 342 848 an.
361 788 448 855 1801.
468 789 721 866 pateteduobus
745 787 971 865 diplomatibus
986 786 1117 864 insignis
1143 790 1280 847 ecclesiae
1306 785 1496 845 cathedralis
1524 784 1635 846 Sancti
1658 782 1794 843 Mauritii

89 869 324 948 audegavensis
339 869 416 949 (et),
433 869 463 928 in
481 870 595 947 quihus
611 888 756 947 expresse
771 870 886 929 dicitur
902 891 916 926 ιι
932 867 1139 928 scholasticus
1155 866 1299 927 Ecclesia
1311 864 1557 944 audegavensis,
1575 888 1590 919 u
1609 881 1703 936 cutus
1723 881 1792 941 pes·

90 955 142 1010 tea
156 950 447 1011 archidiaconatum
464 963 510 1009 est
526 956 712 1010 consecutus
729 967 737 1021 ;
753 949 784 1009 in
800 948 1028 1027 quadignitate
1043 965 1061 1007 e
1076 947 1169 1008 uariis
1185 951 1277 1008 etiarn
1295 948 1435 1024 ejusdem
1452 944 1591 1007 ecclesiae
1606 942 1791 1021 diplomati-

91 1029 151 1091 bus
166 1037 288 1090 cottstat
302 1030 404 1108 ipsum
419 1031 463 1089 ita
479 1029 628 1108 praeclare
643 1049 675 1090 se
687 1030 817 1109 gessisse
836 1028 894 1090 sub
923 1029 1023 1089 trihus
1038 1029 1225 1107 praesulibus
1244 1026 1533 1105 enaegavensihus,
1553 1025 1689 1086 Eusebio
1710 1023 1790 1084 scili·

92 1117 152 1182 aet,
165 1111 333 1172 Gadeiride
350 1111 359 1170 l
376 1118 406 1170 et
422 1111 589 1171 Gedelrido
607 1111 643 1180 ll,
661 1122 696 1170 ut
712 1112 837 1170 tandem
853 1108 1052 1186 exigentibus
1068 1109 1196 1177 meritis,
1213 1116 1243 1168 et
1255 1109 1387 1181 jubente
1404 1110 1530 1170 Urbano
1541 1107 1567 1167 ll
1582 1121 1789 1184 summopeu·

93 1190 189 1264 tilica,
205 1189 236 1251 in
251 1191 319 1271 ipso
332 1191 506 1251 Turonensi
523 1191 656 1252 concilio
672 1210 723 1251 an.
742 1193 831 1263 toea,
848 1198 883 1251 ut
894 1193 939 1250 ait
954 1189 1098 1268 Ulgerius
1112 1189 1143 1250 in
1156 1188 1399 1269 ejasEpicedio:

331 1269 393 1331 Hie
405 1274 519 1350 praesul
531 1273 639 1350 iactum
654 1271 752 1332 nolens
768 1272 837 1332 lecet
850 1281 938 1352 atque
951 1279 1079 1343 coaetus,

92 1354 124 1413 et
138 1349 271 1411 solemni
292 1351 351 1411 ritu
365 1358 565 1412 consecratus
579 1352 671 1413 luerit
690 1352 833 1414 Ecclesiae
862 1350 1053 1413 ttedenensts
1068 1349 1246 1430 epiecopus.
1263 1351 1349 1411 lianc
1373 1367 1447 1410 sero
1475 1365 1547 1410 cum
1563 1365 1621 1426 per
1635 1364 1737 1407 annos
1750 1346 1786 1407 vi·

92 1430 172 1512 ginti
193 1439 224 1492 et
238 1437 308 1492 octo
324 1431 372 1511 pie
387 1450 511 1511 semper
526 1438 557 1493 et
571 1433 800 1511 sapientissime
815 1433 954 1505 rexisset,
970 1432 1098 1492 tandem
1122 1431 1162 1491 ad
1178 1431 1335 1492 coelastetu
1356 1431 1490 1509 patriam
1507 1427 1675 1505 anhelans,
1701 1427 1787 1487 abdi·

93 1518 166 1574 cate
182 1517 292 1588 sponte
304 1511 497 1590 pentiiicatu,
511 1512 540 1573 in
559 1513 781 1574 monasterium
798 1515 831 1573 S.
857 1511 956 1573 libini
981 1512 1228 1590 audegavensis,
1254 1512 1306 1572 uhi
1325 1509 1514 1570 monachum
1531 1508 1590 1568 sub
1619 1508 1744 1585 Regula
1756 1510 1784 1569 S.

93 1592 254 1655 Benedicti
269 1593 440 1672 professus,
456 1593 639 1673 aliquandiu
655 1594 843 1672 regulariter
858 1593 945 1661 vixit,
966 1599 997 1653 ct
1011 1593 1122 1672 plenus
1144 1592 1264 1652 dierum
1281 1599 1313 1653 et
1336 1591 1490 1652 benorum
1513 1606 1647 1667 operam
1663 1587 1788 1648 sanctis·

95 1672 172 1734 sime
187 1672 319 1733 decessit
333 1689 367 1733 ιιι
384 1673 458 1734 Idus
473 1673 666 1753 Septembris
678 1693 729 1734 an.
744 1673 832 1745 1123,
862 1692 961 1734 annos
987 1679 1080 1734 natus
1106 1671 1267 1752 octogiuta
1295 1671 1419 1732 circiter
1432 1677 1463 1732 et
1490 1674 1572 1741 octo,
1605 1674 1640 1728 ut
1657 1673 1745 1747 patet
1757 1687 1789 1728 ex

94 1752 227 1832 epistole
243 1755 495 1832 congregationis
506 1755 594 1815 Beati
608 1754 719 1816 Albini
733 1756 974 1834 delegaveram
985 1754 1135 1833 episcopi,
1151 1772 1205 1813 seu
1223 1753 1450 1813 monachorum
1465 1751 1497 1811 in
1524 1748 1719 1810 monasterio
1731 1749 1791 1826 ejus

94 1833 211 1895 ibidem
228 1832 286 1894 sub
301 1834 420 1914 Regula
431 1837 463 1896 S.
479 1833 638 1896 Benedicti
657 1839 718 1896 lieo
736 1834 949 1910 militantium,
966 1853 1030 1914 qua
1042 1833 1193 1895 universis
1208 1832 1356 1894 Ecclesiae
1372 1832 1445 1894 liliis
1460 1831 1696 1892 sanctissimum
1713 1828 1790 1889 hiar-

95 1912 301 1975 hediobitum
318 1914 517 1975 denuntiant.
535 1918 633 1988 Quam
645 1916 773 1995 quidem
785 1916 962 1994 epistolam,
980 1915 1065 1975 velut
1077 1914 1251 1974 sanctitatis
1278 1915 1346 1992 ejus
1362 1915 1589 1974 monimentum
1606 1929 1670 1972 aere
1686 1928 1792 1989 peren·

100 1993 183 2066 nius,
198 1993 240 2054 ad
254 1994 386 2055 studiosi
401 1994 527 2057 lectoris
542 1996 796 2068 aedificationem,
814 1996 864 2058 hic
876 2014 915 2056 cx
927 1997 1052 2073 integro
1068 1994 1294 2070 subjiciendam
1311 1994 1469 2054 duximus.

97 2070 241 2156 Epistola
253 2075 403 2157 encyclica
418 2077 627 2137 monoclerum
642 2085 670 2136 et
684 2086 839 2138 conuentus
856 2076 960 2139 Sancti
984 2074 1092 2137 Albini
1112 2075 1335 2152 Andrpaeensis
1350 2073 1384 2136 de
1407 2072 1491 2135 editu
1519 2069 1661 2134 Mariedi
1672 2070 1794 2153 episcopi

563 2157 752 2228 Redonensr's,
770 2157 921 2218 acdeinrle
935 2155 1073 2218 monachi
1079 2161 1115 2219 S.
1139 2153 1246 2216 Albini
1260 2155 1337 2235 (55).

142 2258 157 2292 ιι
169 2234 328 2299 Universis
343 2236 435 2297 anius
449 2247 658 2300 sacrosanctas
671 2239 819 2300 Ecclesia
834 2238 918 2309 filiis,
936 2237 1065 2299 humilis
1093 2240 1295 2315 congregatio
1324 2235 1411 2297 Beati
1431 2232 1537 2296 albini
1555 2231 1796 2314 Andegavoruat

103 2337 118 2376 ιι
141 2317 278 2396 episcopi
295 2317 419 2395 plenam
436 2317 474 2378 de
490 2321 576 2378 hoste
593 2319 766 2386 victoriam,
785 2326 814 2379 et
829 2320 868 2379 de
884 2319 1012 2380 victoria
1028 2335 1188 2378 curoaatn.

140 2419 154 2452 u
177 2400 360 2474 Apostoliea
376 2417 432 2458 nus
450 2399 601 2459 informat
615 2399 796 2477 aucteritas,
813 2407 847 2458 ut
875 2417 930 2477 pre
946 2399 1077 2458 invicem
1103 2403 1239 2468 orentes,
1269 2396 1350 2457 alter
1364 2394 1493 2456 alterius
1508 2413 1606 2456 onera
1624 2398 1794 2473 portemus,

98 2499 113 2532 ιι
137 2483 167 2537 el
182 2479 226 2538 sic
242 2479 470 2556 adimpleamus
485 2479 585 2557 legem
603 2479 726 2539 Christi.
745 2482 855 2558 Legem
871 2479 967 2555 igitur
980 2479 1093 2540 Christi
1110 2497 1166 2537 nos
1182 2476 1262 2538 servi
1277 2477 1390 2539 Christi
1403 2477 1454 2555 pia
1470 2476 1684 2537 sollicitudine
1699 2475 1795 2536 adim·

99 2579 115 2613 ιι
138 2559 222 2635 plere
236 2565 427 2636 satagentes,
444 2560 669 2620 denuntiamus
683 2560 772 2620 vobis
787 2559 907 2619 obitum
920 2559 1029 2619 domni
1051 2557 1193 2618 Marbedi
1211 2559 1399 2618 venerabilis
1415 2556 1566 2637 episcopi,
1583 2575 1711 2634 semper
1730 2573 1792 2616 eam

99 2657 114 2695 ιι
135 2637 229 2697 laude
246 2638 452 2708 memorandi,
467 2639 575 2716 lingua
590 2640 726 2711 incundi,
742 2639 893 2717 religione
914 2639 1075 2718 praecipui,
1101 2656 1224 2699 morum
1251 2637 1414 2700 honestate
1440 2637 1593 2715 praeclari,
1623 2636 1792 2697 litterarum

99 2739 115 2774 ιι
137 2717 312 2777 eruditione
327 2718 500 2778 doctissimi
518 2736 526 2788 ;
551 2719 639 2790 cuius
654 2739 756 2781 sermo
772 2720 836 2780 sale
865 2738 989 2799 semper
1003 2718 1148 2780 conditus
1172 2726 1240 2779 erat
1262 2727 1317 2790 ;et
1340 2737 1377 2778 ex
1394 2735 1447 2779 ore
1462 2718 1547 2779 illius
1574 2717 1663 2777 omni
1678 2717 1794 2776 dulcior

100 2816 117 2856 s
138 2795 230 2857 melle
247 2795 365 2858 lluebat
377 2798 489 2858 oratio.
507 2801 546 2860 Et
557 2800 699 2878 quamvis
714 2801 822 2861 eodem
840 2804 980 2877 tempere
989 2801 1082 2860 variis
1097 2801 1208 2861 studiis
1223 2805 1288 2859 teta
1302 2799 1405 2861 Gallia
1421 2805 1591 2869 resonaret,
1610 2800 1679 2876 ipse
1696 2806 1794 2857 tamea

101 2896 115 2936 ιι
139 2886 299 2938 oratorum
316 2896 381 2950 rex,
394 2879 566 2940 Gallicanus
582 2898 684 2941 arcem
697 2880 884 2959 eloquentiae
898 2879 1072 2941 obtinebat.
1093 2881 1198 2942 Tertio
1218 2880 1372 2958 siquidem
1397 2879 1471 2939 ldus
1491 2877 1700 2955 Septembris,
1717 2895 1794 2937 aeuo

102 2980 118 3014 ιι
139 2957 265 3018 Domini
290 2957 454 3019 millesimo
471 2960 640 3022 centesImo
652 2961 802 3040 vigesimo
817 2961 921 3033 tertie,
937 2961 1115 3021 infirmatus
1126 2978 1232 3033 carne,
1259 2961 1313 3021 sed
1343 2959 1455 3039 spiritu
1470 2959 1592 3036 sortior,
1612 2963 1794 3020 excedensa

101 3060 117 3094 ιι
139 3038 265 3111 saecule,
283 3038 388 3099 vivens
403 3040 434 3100 in
446 3040 581 3114 Christo,
599 3059 655 3102 sua
671 3061 728 3103 nos
742 3040 882 3102 viduavit
896 3041 1074 3134 praesentia,
1090 3047 1121 3102 et
1143 3040 1260 3102 amotis
1273 3041 1320 3101 sui
1333 3039 1441 3118 jaculo
1455 3039 1638 3099 vulneratos
1652 3038 1793 3099 intolera-

98 3140 115 3176 ιι
135 3118 194 3180 bili
207 3118 316 3181 dolore
331 3120 474 3180 coniecit.
492 3122 550 3190 Qui
575 3129 647 3202 post
662 3122 757 3202 leuga
786 3122 962 3183 liberaltum
986 3122 1159 3182 studiorum
1176 3123 1268 3200 lenge
1297 3120 1421 3198 lateque
1436 3117 1654 3181 efficacissime
1669 3116 1790 3190 claruit,

99 3220 115 3258 ι
136 3199 254 3260 electus
270 3219 288 3260 a
304 3200 528 3261 revendissime
544 3221 627 3283 papa
639 3205 765 3265 Urbauo
781 3203 812 3264 in
840 3202 1015 3265 Turonensi
1036 3202 1169 3262 concilio
1195 3207 1311 3263 sanctae
1326 3200 1408 3262 sedis
1423 3200 1580 3272 Ecclesiae,
1602 3198 1793 3260 [ledonensis

100 3301 115 3336 ιι
137 3280 295 3349 Ecclesia,
313 3288 470 3342 annuente
486 3281 633 3345 Domiuo.
653 3285 793 3362 pontifex
808 3284 972 3344 ordinatus
991 3287 1037 3342 est
1068 3285 1167 3352 Quem
1196 3285 1263 3360 ipse
1279 3283 1476 3361 dignitatem,
1494 3282 1557 3341 imo
1581 3298 1675 3352 onus,
1691 3279 1792 3340 accin-

100 3382 116 3418 ιι
140 3367 208 3421 ctus
223 3361 329 3438 gladio
344 3363 479 3437 Spiritus
494 3366 604 3430 salicti,
622 3364 693 3423 lieet
708 3364 963 3433 intermulieres,
981 3370 1011 3423 et
1028 3362 1306 3438 naturaliquadsm
1328 3370 1466 3422 armatos
1483 3361 1617 3424 leritate.
1634 3379 1735 3420 annos
1750 3360 1792 3419 vi·

101 3462 115 3498 v
138 3441 214 3518 giuti
231 3450 301 3500 ecte
318 3441 449 3501 feliciter
470 3450 500 3503 et
517 3447 687 3517 prudenter
701 3444 898 3521 gttbernavit.
912 3445 1124 3522 Superhotum
1142 3444 1222 3503 cutia
1235 3444 1363 3519 justitiae
1379 3460 1510 3503 censura
1525 3441 1728 3519 perdomuit;
1744 3459 1792 3499 ar·

99 3545 113 3579 ιι
138 3522 273 3599 guende,
291 3521 496 3587 obsecrando.
523 3525 726 3593 increpando,
749 3530 991 3585 ausa-tm
1019 3525 1200 3583 dissidentia
1219 3525 1403 3599 pacilicavit.
1429 3523 1635 3601 'l'attdemque
1652 3527 1792 3599 leugaeve

99 3624 114 3658 ιι
137 3604 297 3660 constectus
313 3603 409 3672 seuits,
429 3604 667 3677 pt.·uustttumm
684 3605 712 3662 in
737 3615 844 3665 sancta
866 3605 1066 3683 preirssionc,
1083 3611 1116 3664 ut
1133 3606 1328 3682 ptaetuissum
1351 3612 1408 3668 est.
1426 3604 1455 3663 in
1478 3602 1610 3669 Domino
1628 3604 1790 3671 requievit.

98 3705 113 3737 ιι
137 3684 296 3757 ingressus
312 3681 417 3754 itaque
434 3703 514 3740 vtarn
533 3686 682 3743 universas
698 3685 811 3749 cttrnis,
830 3693 1025 3759 martemque
1050 3686 1182 3744 vicinam
1203 3685 1419 3761 ptaesentieus,
1435 3701 1530 3743 onere
1556 3683 1733 3760 potttiiicali
1747 3682 1794 3741 dc·

97 3784 113 3818 ιι
136 3764 248 3839 posite,
266 3763 451 3823 sanctissimi
466 3764 621 3824 ltetiedicti
636 3766 774 3823 liubitutu
793 3766 1066 3842 humilitatemque
1081 3767 1229 3842 suscepit.
1243 3765 1494 3842 monachumque
1511 3764 1681 3841 protessus,
1701 3766 1792 3823 Beata

97 3864 111 3895 ιι
135 3841 249 3901 Albino
265 3859 296 3899 se
311 3845 437 3901 trutlulit
456 3863 462 3911 ;
478 3862 514 3902 ac
538 3847 581 3904 sic
598 3856 795 3913 exusseratus,
816 3864 986 3924 praeparem
1015 3845 1173 3907 Christum
1192 3865 1309 3924 pauper
1322 3846 1388 3922 ipse
1404 3853 1529 3904 secutus
1544 3852 1591 3903 est
1608 3861 1615 3915 ;
1633 3850 1709 3904 ante
1724 3842 1792 3920 qui·

98 3942 114 3976 ιι
136 3920 207 3978 dem
225 3929 257 3978 at
273 3921 394 3981 ilartha
409 3924 560 3984 sellicitus
577 3932 653 3994 erat,
672 3933 701 3984 et
717 3933 888 4003 occupatas
903 3945 978 4004 erga
994 3926 1140 4003 plurima,
1160 3944 1253 3993 nur-rc,
1267 3928 1352 3986 velat
1366 3924 1465 3985 altera
1481 3925 1595 3997 Maria,
1613 3942 1714 3985 unum
1730 3940 1792 3985 esse

99 4024 116 4057 ιι
139 3999 348 4061 necessarium
366 4021 600 4075 recttgnoscens,
615 4005 768 4083 eptimam
786 4013 905 4084 partem
923 4006 1027 4084 elegit,
1045 4025 1114 4084 quae
1130 4026 1192 4066 nun
1208 4008 1367 4066 attl‘eretur
1382 4007 1480 4066 abeo.
1499 4029 1513 4060 u

138 4080 213 4141 Tam
230 4082 411 4143 authentice
429 4086 570 4145 hiarbedi
585 4085 733 4144 virtutum
751 4086 939 4157 testimonie,
963 4105 1025 4147 nen
1041 4088 1097 4147 abs
1119 4105 1152 4147 re
1167 4087 1260 4147 fuerit
1275 4093 1413 4146 attexere
1429 4085 1513 4165 quod
1529 4085 1569 4146 de
1593 4083 1651 4144 illo
1669 4083 1793 4164 posteri-

96 4161 154 4222 teti
169 4161 366 4241 consignavit
382 4165 560 4244 tipicedium
579 4166 734 4242 Ulgerius,
750 4166 817 4239 ejus
832 4174 1004 4244 suppar,et
1019 4168 1050 4226 in
1065 4166 1321 4228 archidiaconatu
1343 4165 1562 4245 Andagavcnsi
1577 4184 1753 4235 successor,
1766 4170 1795 4226 et

97 4243 226 4304 undem
245 4243 474 4321 andegavensis
490 4245 668 4324 episcopus,
681 4245 733 4323 qui
747 4247 850 4306 vivum
868 4248 999 4317 viderat,
1016 4246 1125 4326 eteius
1142 4248 1373 4326 mereseptime
1389 4252 1528 4313 neverat.
1546 4245 1601 4325 qui
1615 4247 1738 4308 etillud
1753 4252 1796 4306 lu·

98 4324 184 4385 mulo
198 4324 266 4404 ejus
280 4327 441 4406 appendit.
456 4327 506 4389 Sic
522 4334 626 4386 autem
645 4335 707 4386 tatu
724 4327 755 4386 in
771 4327 856 4387 edite
873 4328 1047 4388 tiedonensi
1063 4347 1157 4405 quem
1175 4329 1205 4387 in
1224 4327 1363 4404 pluribus
1375 4346 1448 4389 mss.
1462 4327 1651 4407 insignitur:

527 4423 637 4468 vassus
658 4422 798 4468 steterat
822 4422 939 4469 uto-stt
961 4423 1190 4470 sanaasvassts
1213 4425 1358 4471 satscoet.

414 4491 454 4552 Si
489 4489 669 4569 uriqueatus
682 4496 748 4547 erat
762 4486 926 4547 Mardndus
936 4506 1057 4548 nascere
1070 4499 1194 4570 quaerat,

454 4507 593 4629 Igestulut
608 4566 662 4628 ltec
675 4569 754 4648 qued
767 4587 820 4647 epe
835 4568 936 4628 dr'cere
947 4587 1030 4649 pesse
1044 4589 1128 4648 arpa.

414 4647 450 4708 In
467 4659 526 4708 tete
544 4649 653 4708 munde
667 4667 725 4708 aen
736 4649 883 4709 inuenitur
896 4649 1003 4721 eunde,

457 4727 540 4790 Unus
554 4748 675 4805 compar
686 4731 714 4789 ci
728 4730 854 4789 uernint's
868 4739 957 4811 atque
971 4729 1025 4790 rei.

416 4808 521 4870 Omnes
534 4808 679 4888 iucundos
688 4807 748 4869 sthi
758 4809 887 4870 uidimus
900 4828 959 4871 esse
971 4807 1128 4870 secundus:

454 4888 565 4950 Nullus
580 4896 612 4949 in
623 4891 744 4970 ingenie
755 4909 818 4970 par
833 4909 884 4950 nec
898 4895 931 4950 in
947 4888 1073 4972 eloquio.

417 4970 547 5029 Cessitei
559 4968 676 5041 Cicero,
693 4970 781 5030 cessit
796 4971 883 5031 Mare
896 4969 1017 5050 junctus
1030 4969 1160 5031 Homero
1178 4988 1184 5029 ε

453 5047 493 5112 Ut
507 5049 602 5110 dicam
620 5049 757 5122 breuiter,
775 5051 847 5110 uicit
861 5069 907 5110 ens
917 5052 1043 5131 partiar.

411 5130 472 5190 Per
487 5139 605 5190 cunctas
626 5140 716 5191 rnetas
727 5149 783 5212 per
796 5149 870 5211 quas
884 5149 940 5191 sua
954 5149 983 5190 se
996 5128 1064 5190 tulit
1077 5138 1160 5199 alas,

453 5208 551 5272 Nulla
560 5210 622 5270 sibi
627 5213 746 5292 placuit
760 5229 808 5271 res
823 5211 882 5271 nr'si
896 5230 962 5292 qua
976 5209 1084 5271 decuit.

416 5295 532 5355 Carens
547 5302 578 5351 ut
591 5292 674 5371 fieret
690 5297 828 5352 uirtutem
844 5292 925 5371 qued
937 5289 1093 5361 redoleret,

458 5371 622 5432 Transtulit
633 5371 690 5433 huc
704 5373 845 5443 studium,
860 5375 1017 5432 transtulit
1030 5371 1195 5450 ingenium.

413 5451 467 5512 lte·
477 5454 518 5512 sic
533 5469 600 5512 nete
615 5451 699 5512 detlit
712 5451 763 5520 eis,
780 5451 831 5511 sed
843 5455 907 5511 sine
921 5462 999 5527 vete,

455 5533 574 5596 Christi
582 5531 734 5611 judicium
743 5532 920 5612 perdificum
934 5531 1054 5592 aelium.

143 5626 196 5703 st)
211 5629 236 5690 E
257 5628 450 5690 chartulario
466 5631 574 5691 Sancti
590 5630 737 5703 Mauritii,
755 5630 807 5689 lol.
820 5631 859 5689 ut
874 5634 904 5688 el
920 5627 970 5703 36,
983 5637 1013 5689 et
1027 5647 1065 5691 ex
1080 5628 1189 5689 eodem
1204 5627 1257 5689 iel.
1271 5625 1322 5691 ta.

144 5708 194 5787 55)
210 5711 254 5770 Ex
270 5711 398 5772 archivo
413 5714 444 5772 S.
461 5712 566 5773 Albini
582 5710 741 5787 andegav.
760 5717 790 5768 et
805 5727 842 5769 ex
866 5709 1039 5789 examplari
1067 5710 1142 5770 anai
1160 5709 1235 5772 teat
1264 5708 1399 5772 liudonis
1421 5725 1549 5783 excuso,
1563 5706 1656 5790 jussu
1673 5708 1795 5777 riona

96 5780 291 5852 Redoneasis
303 5791 452 5872 episcopi,
465 5791 549 5871 qaod
561 5796 740 5852 asservatur
754 5789 785 5851 in
800 5788 992 5854 bibliotheca
1007 5789 1131 5871 collegii
1146 5789 1333 5854 Mazarinai.
