3802 6030
648 257 698 318 DE
719 256 864 319 ORDINE
885 255 1024 320 MUNDl.
1611 265 1689 328 taio

74 411 101 450 m
121 394 231 467 peccati
248 393 321 448 dans
337 397 449 448 carnola
466 390 639 462 posteritati,
822 389 939 464 Alirgo
958 391 1013 447 lide
1028 389 1135 463 clarus,
1152 391 1334 464 Dominoque
1349 408 1400 465 per
1414 395 1514 451 omnia
1528 395 1648 468 charus,

72 485 167 541 nortis
182 483 275 540 moles
293 481 349 538 luit
363 482 460 539 enanis
477 484 636 554 posthuma
652 480 756 552 proles.
863 486 918 537 Pro
934 480 1000 538 lidei
1017 488 1112 554 pacto,
1130 484 1317 554 naturejure
1332 485 1465 551 subacto,

75 579 156 647 patre
171 573 445 629 decisodetrnditar
461 589 476 625 a
493 571 637 642 paradiso.
863 572 983 636 accepit
1000 579 1099 628 natura
1118 588 1222 646 rugosa
1235 578 1327 629 matre
1343 580 1473 631 creatum
1488 574 1521 628 ⁸⁸.

72 664 153 720 triam
171 663 412 735 sadempatriam
429 678 546 733 quoque
564 659 691 731 perdidit
706 659 808 714 edem.
861 658 954 727 lianc,
970 659 1039 716 licat
1056 668 1134 718 esset
1149 667 1175 717 ei
1189 679 1257 735 spes
1273 663 1360 719 unica
1375 662 1534 735 progeniei,

74 759 104 809 at
119 753 217 809 omnis
234 754 320 808 boario
337 758 455 824 grutato
472 768 537 805 cum
555 756 634 821 patre
651 764 746 818 pronao.
860 749 969 806 iussus
985 768 1057 821 pene
1072 753 1146 817 litat,
1160 753 1210 808 sed
1227 753 1304 809 idem
1321 757 1505 812 revocamine
1520 756 1592 812 vitat
1605 756 1631 793 ⁸⁸

75 841 114 898 ibi
124 842 219 913 prima
231 841 316 897 Ceres
328 847 484 913 postquam
500 839 532 894 tit
543 838 676 895 criminis
690 836 783 893 barse
799 856 808 906 ς
861 837 923 896 Uno
939 849 1089 913 spectatus
1105 843 1192 911 lacto,
1210 845 1335 917 piusque
1349 845 1522 914 sceleratus,

74 931 193 1003 epatris
205 932 316 988 donum
330 932 361 985 tlt
373 930 517 985 adomnia
530 928 657 1000 pessima
669 926 807 999 prirnum.
861 928 915 984 Sed
933 932 1052 987 sceleris
1069 932 1180 989 nullam
1196 933 1303 989 conii-at
1317 933 1568 994 dilrotinbullam.

72 1018 172 1077 lolorl
193 1021 221 1076 in
239 1023 322 1093 pejus
339 1020 431 1092 stirps
442 1017 668 1090 semperdrliuit
679 1016 743 1087 rjus
759 1033 767 1085 ;
860 1019 1007 1091 Despicis
1022 1027 1136 1094 raptus,
1154 1029 1299 1079 mactatur
1311 1022 1423 1098 laniger
1438 1030 1526 1097 aptus

77 1111 162 1184 quasi
175 1126 365 1166 communem
383 1114 535 1181 gestarunt
565 1107 672 1163 sacaria
694 1106 806 1176 l'unem,
860 1113 912 1166 Pro
927 1128 1017 1183 puero
1032 1113 1141 1181 vincto,
1154 1130 1341 1187 nequaquam
1358 1116 1501 1184 sanguine
1513 1115 1616 1175 tincto.

72 1201 128 1256 tad
142 1201 339 1272 internasper
352 1203 645 1269 quem,morscuuctu
656 1211 804 1251 cavernat-
861 1201 889 1256 {a
906 1217 1019 1270 «auoque
1030 1202 1072 1256 vir
1083 1202 1211 1274 prudens
1222 1204 1351 1276 typicum
1364 1205 1419 1260 sub
1433 1212 1548 1276 pectore
1558 1208 1682 1278 cudens,

72 1297 104 1347 ast
118 1290 249 1361 eclipsis,
266 1307 329 1361 quae
347 1289 479 1361 patribus
495 1287 601 1359 accipit
616 1285 697 1356 ipsis,
858 1288 939 1354 Quod
953 1290 1040 1345 dictis
1056 1291 1142 1357 celat,
1159 1298 1236 1348 rccte
1254 1292 1386 1349 iaciendo
1403 1294 1520 1349 revelat.

72 1381 126 1436 line
139 1381 175 1435 de
191 1396 316 1449 quorum
334 1395 428 1451 genus
442 1376 555 1432 ratllusit
572 1373 755 1446 populorum.
857 1382 880 1432 0
895 1378 990 1433 meriti
1006 1381 1105 1450 quanti
1121 1387 1202 1452 pater
1216 1380 1325 1437 exstitit
1343 1380 1392 1437 ille
1407 1381 1533 1438 Tonanti
1547 1381 1553 1439 l

72 1486 87 1525 a
103 1470 220 1527 soboles
235 1469 333 1536 crevit,
351 1466 453 1523 vitiosa
469 1466 543 1521 silex
557 1461 687 1532 inolevit,
859 1467 957 1524 MS!
977 1469 1053 1525 Sunt
1067 1470 1153 1541 cujus
1167 1476 1280 1544 gentas,
1295 1475 1362 1542 post
1377 1470 1463 1537 ee,de
1474 1487 1506 1528 se
1520 1471 1683 1545 venientes,

77 1578 160 1634 saque
176 1561 253 1618 taras
268 1559 403 1616 humane
421 1557 527 1613 montis
541 1556 644 1612 edaces
857 1557 958 1614 Steltis
973 1560 1096 1629 collatu,
1112 1559 1155 1616 rel
1169 1560 1266 1617 arenis
1282 1567 1492 1631 annumeratas,

72 1669 89 1707 n
106 1666 238 1707 accensas
254 1650 359 1707 suadet
374 1653 474 1704 utatur
489 1650 520 1702 ut
536 1661 615 1702 ense.
856 1650 888 1702 Et
904 1651 989 1719 quasi
1005 1647 1135 1721 depicta,
1154 1651 1232 1722 quod
1249 1650 1278 1706 in
1294 1651 1359 1723 ipso
1374 1659 1443 1707 suut
1459 1651 1629 1713 benedictn.

72 1759 90 1811 ·,
106 1740 243 1806 ardescit,
259 1741 416 1810 fratrisque
431 1753 534 1792 cruore
551 1731 694 1789 madescit
707 1732 740 1789 ⁸¹.
818 1764 842 1832 Β
894 1736 932 1792 Er
948 1736 1005 1793 ista
1020 1738 1121 1810 planta
1135 1739 1242 1795 seritur
1256 1740 1406 1813 generatio
1421 1745 1513 1810 tanta,

87 1848 195 1888 vesana
211 1827 336 1886 manual
353 1825 395 1883 vel
412 1842 499 1899 qnam
517 1823 572 1880 tait
594 1821 644 1877 ille
663 1821 803 1895 protenus
858 1827 951 1892 Quam
968 1827 1100 1884 numeris
1115 1827 1192 1885 clare
1206 1828 1307 1901 nequit
1320 1829 1455 1887 itabacuc
1470 1830 1662 1905 equiparare,

72 1921 164 1979 rimus
180 1920 286 1994 pressit
299 1917 436 1991 capulum
454 1933 512 1989 quo
528 1912 598 1970 talia
612 1910 723 1986 gessitl
858 1916 953 1990 Hujus
964 1923 1026 1975 erat
1040 1919 1129 1976 sortis
1142 1920 1233 1977 Jacob
1248 1920 1406 1978 luctamine
1424 1922 1518 1993 tortis,

72 2029 79 2069 s
96 2017 125 2068 ct
138 2017 255 2068 exertus
271 2008 429 2066 crudeliter
445 2006 493 2062 ille
508 2004 646 2071 lacertus,
856 2008 909 2064 Cui
925 2007 974 2064 dat
990 2024 1042 2082 per
1057 2010 1191 2066 fraudem
1207 2014 1337 2067 nostram
1355 2011 1517 2068 benedictio
1532 2011 1661 2073 leudam.

72 2100 184 2169 triente,
201 2117 268 2156 caro
284 2098 343 2154 ruit
357 2098 416 2153 icta
430 2094 527 2152 iratris
543 2108 653 2149 umaro.
857 2097 930 2154 Hinc
948 2101 1022 2156 Deus
1037 2099 1067 2155 in
1083 2100 1162 2157 scala
1175 2117 1241 2158 cum
1257 2101 1350 2158 coelite
1365 2101 1471 2159 visitur
1486 2102 1533 2159 ala
1547 2102 1582 2174 ⁸⁸,

72 2191 152 2245 liele
163 2206 248 2245 cruor
257 2187 370 2260 primus
381 2184 485 2242 Genesi
496 2182 574 2239 veliti
585 2180 679 2236 indice
690 2178 802 2236 scimus
856 2187 1012 2245 Alter-nans
1028 2205 1134 2245 nomen
1151 2195 1278 2247 venturae
1294 2190 1396 2264 stirpis
1408 2192 1444 2248 gd
1460 2207 1546 2249 pmcn
1561 2211 1571 2263 3

72 2279 205 2335 liliosum
221 2276 349 2334 similem
367 2274 509 2348 processit
524 2273 553 2328 in
571 2287 670 2341 usum,
857 2276 939 2333 Unde
955 2279 1026 2335 satis
1041 2279 1114 2336 scite
1128 2280 1198 2336 dicti
1214 2288 1284 2336 sunt
1299 2282 1448 2349 israelite,

72 2367 115 2440 plo
127 2368 179 2424 tali
196 2367 370 2424 mortalibus
385 2362 513 2431 exitiali;
893 2368 957 2425 Nati
973 2370 1079 2428 deiude
1095 2371 1156 2427 seni
1173 2371 1344 2443 patriarche
1360 2378 1431 2431 sunt
1445 2373 1595 2431 duodeni:

72 2462 136 2515 *ater
148 2458 239 2528 tratri,
254 2473 306 2513 nen
322 2458 447 2527 parcunt
463 2453 586 2526 pignora
601 2450 688 2524 patri,
854 2457 959 2517 iunior
973 2465 1066 2530 alata,
1083 2462 1255 2533 grandevus
1268 2463 1301 2519 ut
1315 2463 1435 2536 pietate.

72 2549 188 2605 cibusve
205 2552 297 2620 paler,
313 2562 365 2602 nec
379 2543 551 2617 plsstwtibttfl
566 2558 620 2597 ⁵1¹³
641 2544 744 2595 mator.
856 2548 945 2612 Quem
960 2550 1004 2607 eol
1019 2554 1049 2607 et
1063 2550 1135 2607 luna
1150 2557 1327 2608 venerantur
1342 2561 1425 2610 nocte
1440 2554 1496 2611 sub
1512 2571 1580 2624 una,

72 2655 93 2694 as
108 2639 228 2694 serviles
238 2635 337 2708 juguli
355 2635 509 2707 patiuntur
523 2629 642 2688 heriles.
854 2638 926 2695 Cum
943 2637 1037 2695 stellis
1053 2639 1187 2705 totidem,
1204 2641 1282 2712 quod
1299 2641 1440 2698 iratribus
1456 2641 1563 2699 accidit
1585 2641 1675 2713 idem,

72 2744 84 2782 e
100 2731 169 2783 aurit
181 2725 242 2793 irae,
258 2742 323 2780 mor
337 2722 469 2795 suggerit
484 2721 527 2777 ira
543 2722 636 2777 lerire.
856 2725 939 2782 Hunc
951 2727 1037 2801 plaga
1051 2728 1222 2801 Memphitis
1241 2730 1372 2803 suscepit
1384 2731 1420 2787 ad
1437 2730 1604 2790 ismaelitis.

78 2815 101 2872 si
112 2816 209 2872 verbis
225 2818 376 2885 exasperat
391 2811 462 2866 alter
479 2809 602 2878 acerbis,
854 2816 1682 2894 Cumlugitincestumloseph⁸⁸‚pnrathuucsibiquaeutum

90 2905 213 2961 ultorem
228 2904 370 2976 gladium,
388 2900 540 2971 tunditque
554 2913 697 2954 cruorem.
854 2904 891 2961 Ut
906 2912 986 2978 regat
1000 2906 1288 2980 AEayptum⁵⁸,vclut
1303 2915 1348 2965 est
1363 2912 1391 2964 in
1408 2911 1507 2967 codice
1521 2913 1677 2986 scriptum,

72 2996 88 3052 li
100 2995 182 3052 lucro
197 2998 294 3050 madet
309 2993 406 3049 omnis
417 2992 561 3061 sangnine
574 3005 685 3046 mucro.
854 2993 1071 3066 Praelectusque
1088 2995 1171 3052 bonis
1188 2995 1374 3068 dispensator
1389 2997 1561 3070 Pharaonis,

72 3104 108 3160 go
125 3086 236 3143 morbis
252 3087 321 3141 durn
340 3085 452 3155 [rricius
466 3081 573 3152 desipit
588 3079 678 3145 orbis,
855 3083 973 3140 Samaria
988 3085 1057 3141 duru
1075 3086 1237 3155 solvitque
1253 3103 1323 3155 sapa
1335 3096 1430 3144 mente
1446 3089 1574 3146 resolvit.

72 3193 95 3231 a·
109 3175 236 3248 peccatis
251 3176 317 3246 plus
330 3172 521 3229 accumulans
537 3166 706 3236 cumuletis,
817 3132 1035 3247 C'temperiem
1052 3174 1156 3229 duram
1174 3175 1260 3231 tamis
1272 3176 1381 3231 indicat
1396 3193 1461 3234 esre
1477 3179 1606 3237 laturam
1622 3197 1631 3250 ς

72 3284 96 3323 rs
112 3265 251 3322 humanis
268 3265 405 3327 caelestia,
424 3264 492 3317 lana
508 3262 648 3332 profanis,
848 3262 1015 3335 Temperies
1028 3262 1120 3319 tristis
1137 3268 1247 3335 septem
1264 3266 1380 3321 durarit
1394 3264 1504 3323 aristis.

77 3375 90 3413 r
105 3357 235 3414 offensus
249 3372 333 3426 quem
350 3353 443 3410 nescit
458 3353 593 3407 claudere
609 3363 724 3418 sensus,
884 3352 997 3409 Desunt
1012 3369 1134 3408 annonas
1150 3353 1235 3409 retuli
1251 3353 1342 3410 lactrb
1358 3354 1388 3410 in
1409 3355 1527 3426 regione
1538 3355 1563 3392 ⁸⁸

72 3463 80 3503 a
95 3446 265 3502 immundas
282 3444 401 3500 ultrices
415 3443 491 3512 cogit
507 3442 541 3498 ad
560 3440 666 3510 undas,
849 3440 886 3497 Ut
900 3441 989 3522 laniat
1003 3440 1126 3509 cladem,
1145 3442 1240 3512 patria
1255 3441 1386 3500 descedit
1400 3443 1513 3501 eadem.

75 3553 92 3594 o
107 3538 192 3593 docto
203 3536 304 3607 justus
320 3534 379 3590 Noc
395 3533 501 3589 liberat
511 3537 576 3587 octo
588 3529 622 3586 ⁸².
849 3529 917 3586 lei
932 3530 1068 3602 Maiestas
1079 3531 1167 3602 jubet
1181 3530 1247 3599 hoc,
1263 3540 1290 3589 ct
1305 3532 1384 3605 cogit
1397 3538 1522 3604 egestas.

71 3627 110 3683 rla
126 3626 264 3700 baptismi
281 3627 388 3697 quibus
402 3625 482 3680 unda
494 3623 547 3678 luit
562 3617 740 3693 cataclysmi.
848 3619 920 3676 Cum
937 3621 1024 3677 turba
1040 3638 1127 3694 parva
1143 3638 1209 3677 moa
1225 3623 1315 3677 intrat
1330 3621 1502 3695 Memphecs
1516 3638 1585 3680 arra
1601 3636 1609 3679 τ

72 3717 143 3774 aucis
159 3718 262 3773 mundi
278 3725 453 3788 reparantur
469 3713 577 3769 damna
592 3709 724 3775 secundi,
848 3708 941 3765 Natus
955 3710 1113 3767 adoratur:
1129 3711 1172 3766 sic
1187 3712 1261 3768 visio
1276 3711 1453 3768 verificatur.

80 3823 168 3863 suum
180 3822 300 3862 cursam
316 3802 449 3858 volvebat
463 3807 596 3870 tempora
611 3813 740 3854 rursum.
883 3799 988 3873 Ampla
1004 3802 1089 3856 datur
1103 3800 1191 3856 tellas
1204 3799 1237 3867 ⁸⁰,
1254 3816 1307 3857 nec
1323 3801 1433 3859 suflicit
1447 3801 1502 3859 iste
1524 3799 1671 3876 popellus,

72 3940 74 3951 .
91 3895 296 3968 patrissabant,
314 3892 368 3948 hoc
384 3896 429 3947 est
442 3890 532 3959 geniti
545 3888 733 3960 gcuerabant,
848 3889 902 3944 Sed
919 3905 1063 3962 generans
1079 3888 1197 3944 tandem
1213 3889 1319 3960 genitis
1335 3888 1466 3963 implevit
1481 3890 1627 3963 eamdem,

74 3991 198 4056 nturque
213 3983 266 4040 viri
284 3999 388 4055 magno
404 3983 440 4036 ds
455 3991 575 4049 corpore
589 3975 666 4043 miri,
849 3978 904 4046 Qui
924 3978 1009 4051 quasi
1024 3979 1143 4036 calones
1158 3985 1187 4036 et
1199 3980 1328 4053 despecti
1345 3980 1497 4038 cinillones
1511 3979 1546 4052 ⁶¹,

75 4074 99 4129 ri
112 4090 238 4146 quorum
255 4071 386 4127 variatur
401 4066 624 4126 roalabiurum.
849 4074 904 4126 Per
919 4068 1028 4126 multos
1043 4086 1137 4126 annos
1150 4077 1300 4144 coguntur
1310 4071 1391 4127 obire
1406 4079 1545 4144 tyrannos
1557 4070 1613 4144 (53)
1630 4085 1640 4129 r

72 4168 168 4223 lentes
184 4167 275 4223 turba
291 4164 409 4239 gemina
424 4163 571 4218 lactantur
587 4158 615 4213 iu
642 4157 714 4213 urbe
730 4155 796 4229 (51⁸)
851 4161 980 4225 Quorum
994 4177 1143 4218 merorem
1161 4160 1306 4218 miserans
1320 4166 1399 4217 Deus
1416 4165 1504 4233 atque
1531 4159 1676 4227 laborem,

72 4255 112 4311 iac
127 4271 263 4321 mamma,
280 4270 354 4325 quos
369 4251 444 4307 ussit
461 4247 560 4305 cmlica
576 4245 716 4311 ssamma;
851 4249 940 4307 Btaos
954 4249 1053 4324 elegit,
1064 4251 1171 4324 quibus
1186 4250 1260 4325 ipsis
1277 4250 1392 4323 pondus
1407 4248 1515 4321 abegit.

72 4345 162 4402 ieritis
173 4345 289 4416 justum
306 4343 359 4398 Lat
373 4337 557 4398 conservavit
571 4335 704 4391 inustum
718 4331 752 4389 ⁵⁸.
851 4340 940 4413 signa
954 4340 1036 4397 dedit
1051 4356 1103 4414 pap
1118 4357 1182 4413 quae
1198 4341 1323 4396 decer-ier
1340 4338 1431 4393 frater
1442 4340 1575 4408 uterque,

73 4434 141 4490 ebat
152 4435 278 4490 Pboebus
293 4432 348 4487 sub
362 4430 471 4486 eisdem
488 4429 560 4484 torte
578 4425 691 4494 dictiue,
852 4431 948 4486 Aaron
962 4429 1119 4499 facundus,
1137 4430 1250 4502 Moyses
1265 4429 1300 4484 ad
1317 4427 1401 4500 signa
1417 4425 1566 4482 secundus
1580 4423 1622 4494 ⁸⁸3

75 4525 177 4580 boebus
194 4524 268 4589 coeli,
285 4523 335 4578 ted
353 4519 507 4588 Abrabam,
524 4515 576 4588 (lui
603 4519 700 4571 mente
720 4511 799 4568 fid0ll
814 4517 837 4583 D
854 4517 906 4575 Hic
922 4517 1008 4576 labiis
1021 4523 1167 4591 comptus,
1184 4517 1278 4573 biead
1296 4513 1439 4572 miracula
1454 4519 1622 4589 promptus.

72 4633 75 4667 r
90 4615 277 4686 splendorum
294 4611 360 4666 fidei
377 4608 458 4666 dedit
473 4616 561 4679 atque
577 4604 714 4662 calorem.
891 4610 996 4664 Astant
1014 4624 1082 4680 ergo
1097 4606 1167 4662 boni
1182 4622 1280 4662 coram
1293 4605 1446 4662 Pharaone
1461 4605 1587 4677 patroni,

89 4719 213 4774 namque
229 4703 313 4757 fratem
331 4700 426 4754 tribas
442 4697 470 4752 in
487 4696 585 4770 pueris
601 4692 671 4751 colit
684 4694 772 4762 idem,
856 4697 950 4754 Plebis
966 4696 1115 4761 ductores,
1132 4695 1399 4765 mandatorumque
1414 4694 1543 4751 datores.

72 4795 138 4849 itate
153 4793 212 4862 pari
229 4810 285 4847 non
304 4791 422 4846 tardans
437 4795 497 4843 tres
512 4785 651 4844 venerari.
856 4789 923 4856 lira,
940 4788 1016 4844 lacto
1030 4789 1129 4855 verbo,
1145 4786 1308 4842 subsannat
1323 4786 1410 4841 corde
1425 4784 1566 4857 superbo,

72 4884 145 4940 imus
162 4883 246 4939 donis
258 4882 361 4937 divinae
373 4877 534 4951 religonis,
856 4873 1679 4948 aspernandobean1⁶³‚popatamquiposcirttebrsum.

73 4975 199 5030 ibatores
216 4979 338 5045 pascunt
354 4969 476 5025 decimis
492 4968 623 5023 seniores
856 4967 897 5023 Ne
912 4966 1043 5022 videatur
1058 4966 1157 5033 hebes,
1174 4983 1232 5022 nun
1249 4965 1311 5022 vult
1325 4965 1475 5022 dimittere
1491 4963 1601 5038 plebes.

72 5064 150 5135 prius
165 5062 241 5119 bella
257 5062 309 5117 luit
325 5061 401 5115 idem
419 5059 531 5130 primus
550 5057 649 5128 Apella
664 5057 729 5127 (525.
857 5052 902 5111 ad
918 5052 1045 5125 primum
1060 5060 1182 5110 martam
1198 5054 1342 5125 magicam
1359 5059 1507 5127 pugnatur
1519 5053 1547 5109 in
1564 5056 1679 5110 artem:

73 5153 189 5226 apicum
205 5152 307 5219 credit,
325 5151 372 5206 cui
389 5150 496 5204 damno
511 5146 611 5202 carnis
626 5145 747 5202 obedit:
855 5144 941 5199 Alma
956 5140 1028 5199 tides
1043 5148 1120 5201 certe
1137 5142 1212 5214 potis
1227 5142 1274 5199 hic
1291 5142 1463 5201 monstratis
1479 5142 1599 5215 apertat

78 5279 84 5316 r
98 5261 226 5317 Sodoma
242 5264 268 5314 et
283 5258 458 5314 Gomorrha.
893 5250 948 5325 (53)
963 5249 1019 5307 Pro
1033 5247 1145 5307 obedire
1157 5250 1301 5321 tyrannis.

72 5354 74 5389 ι
89 5332 121 5389 ld
136 5340 180 5389 est
193 5331 396 5389 circumcisus.

72 5531 178 5589 κων.
216 5527 374 5586 ”Genu
412 5524 436 5561 ⁶⁸
453 5528 519 5581 Gen.
536 5537 593 5578 xix.
632 5519 656 5556 ⁵⁸
671 5519 736 5579 Gen.
751 5536 800 5577 xx.
837 5517 1025 5576 “denaria
1063 5516 1282 5576 eumuna.
1319 5516 1537 5579 nasama.
1574 5514 1680 5575 “eoa

76 5601 259 5659 “cenans
296 5599 320 5636 ⁸⁰
335 5600 399 5658 Gen.
416 5614 503 5655 xavrr.
541 5593 703 5651 “linctu
741 5591 925 5653 narcara.
962 5589 1127 5648 “Ecum

122 5720 261 5786 Pariana.
284 5717 415 5783 cuxxt.
1529 5708 1571 5768 Ν
