3802 6030
70 288 83 346 3
344 279 461 343 LIBER
482 283 534 343 DE
555 283 815 349 ,ORNAMEN'HS
839 284 1067 348 vuuuotttllt.
1095 316 1131 329 -
1156 279 1353 344 ubuttutt.
1624 278 1711 339 1686

72 438 107 478 uo
128 418 228 477 divisit
243 415 383 487 quidquid
400 415 512 471 inorbo
528 417 593 474 luit.
845 420 873 487 Α
888 418 967 476 tttstt
982 418 1107 493 legatum
1123 437 1174 493 per
1188 419 1299 478 Gallica
1313 434 1404 494 regna
1418 416 1572 490 probatum
1587 433 1596 485 ς

243 511 257 573 †
279 504 361 562 LVll.
383 506 593 563 Guermundar.
887 509 994 566 Contra
1007 511 1156 567 Simonem
1171 511 1262 581 jussit
1277 523 1407 582 pugnare
1424 507 1584 562 Milonem:

76 601 113 656 do
127 597 338 655 Gonrmundus
354 600 444 663 curet,
460 600 489 650 et
501 594 669 652 diedemate
684 599 832 671 mundus;
886 598 1020 656 Ecclesia
1037 618 1142 673 presso
1156 599 1302 672 lapsuque
1312 598 1434 670 jubetur
1448 597 1571 663 adosse;

77 696 123 746 ter
141 686 325 745 Gnnrmuudi
342 691 465 741 mortem
480 685 683 754 promitomus
698 689 812 743 mundi.
886 690 996 746 Pressa
1012 689 1143 758 tutelam,
1160 689 1248 762 lapsos
1263 688 1400 746 donando
1417 687 1573 745 medelam.

70 797 78 835 t
94 778 143 833 ubi
161 776 358 833 Guarinundo
373 775 462 844 venit,
480 774 564 830 dolor
579 774 658 831 illico
674 778 795 843 mundo,
886 778 938 836 Hic
952 780 1049 852 gladio
1064 781 1138 836 Petri
1156 780 1240 836 ducis
1256 780 1371 850 impetit
1389 777 1507 848 agmina
1525 776 1601 833 tetri.

71 868 339 925 rteGuarmnndurn
356 864 660 936 rapietmorsborrida
674 865 829 931 mundum,
886 867 1079 941 Indignisqua
1093 869 1179 923 datus
1194 868 1326 924 aulertur
1343 867 1543 938 pontificatus,

71 959 145 1016 stibi
161 953 456 1020 tiuarmunrle,dolor
469 956 630 1019 etuemilus
642 956 692 1011 tibi
709 957 830 1018 muritta.
886 961 919 1012 ut
934 958 1020 1012 datur
1034 956 1158 1030 insignis
1174 958 1258 1014 sedes
1274 957 1338 1013 sine
1356 972 1477 1013 munero
1491 953 1610 1027 dignis:

75 1065 143 1106 cum
159 1044 433 1118 Guarmundo,q·1ia
447 1043 493 1100 vix
506 1043 535 1099 in
554 1044 608 1101 boc
623 1044 697 1102 benc
708 1047 828 1122 mundo,
884 1046 1006 1117 Propter
1019 1047 1179 1102 vendentes
1194 1063 1252 1103 non
1268 1051 1447 1103 excusantur
1460 1051 1601 1101 ementes.

229 1135 360 1208 †tvltt.
376 1135 462 1204 Nape
476 1134 601 1206 postirae.
885 1133 971 1191 tltilis
986 1134 1130 1191 adventus
1143 1142 1216 1206 erat,
1233 1138 1266 1191 ut
1280 1150 1326 1192 ree
1342 1134 1480 1206 postulat¹
1497 1133 1580 1207 ejus:

71 1246 83 1286 s
100 1243 196 1286 mooe.
212 1225 317 1282 firmus
328 1241 412 1298 pons.
427 1221 519 1281 libera
530 1222 740 1280 trous.vltreus
750 1222 828 1282 tous,
884 1224 959 1281 Nam
973 1228 1045 1280 sunt
1059 1222 1171 1297 prelati
1189 1223 1347 1297 vigilantes
1363 1222 1495 1279 utilitati.

71 1335 91 1373 ir
106 1332 177 1373 nux.
206 1330 291 1372 secra
315 1328 395 1370 crux.
415 1311 461 1370 lec
486 1317 564 1369 trux.
582 1311 659 1370 bona
682 1312 741 1369 lux.
759 1311 829 1386 vigi·
883 1313 938 1381 Qui
953 1311 1063 1370 leolunt
1078 1317 1227 1385 questum,
1244 1313 1268 1369 si
1284 1311 1424 1369 oona-nel
1444 1311 1646 1383 manifestum,

633 1400 710 1475 [lans
723 1401 792 1460 dux.
883 1404 917 1460 ut
931 1402 1078 1461 Christum
1094 1402 1235 1466 vendunt.
1252 1418 1305 1460 nce
1320 1419 1370 1458 eos
1385 1401 1434 1459 clii
1451 1401 1672 1460 reprehendunt

71 1497 127 1554 lida
142 1496 200 1552 nix.
216 1493 301 1568 nigra
322 1493 380 1567 pir.
397 1493 485 1549 homo
502 1492 567 1549 lrirr.
582 1507 659 1563 aqua
675 1491 760 1565 Styx.
775 1507 828 1549 vo·
882 1494 1005 1561 Quidam
1021 1498 1131 1549 terrore
1147 1492 1280 1560 tolerant,
1295 1493 1401 1565 aliique
1417 1493 1534 1549 tinore:

591 1580 692 1655 [lucris
707 1580 791 1636 strix.
881 1582 961 1640 Nulli
977 1584 1101 1639 donatus
1113 1582 1204 1653 gratis
1219 1591 1262 1640 eet
1279 1583 1478 1655 pontificatus.

73 1674 101 1730 le
116 1690 175 1731 rus.
189 1672 337 1744 corruptio
356 1688 421 1744 pus,
438 1675 467 1726 et
481 1669 575 1726 umioa
589 1668 652 1726 luto
668 1685 731 1726 sus.
880 1674 908 1730 Sl
924 1673 964 1730 sit
980 1673 1051 1729 tarto
1070 1689 1186 1738 manus,
1204 1674 1254 1728 liet
1268 1689 1342 1743 puer
1357 1672 1405 1728 ille
1420 1672 1563 1741 decanus,

71 1780 127 1834 :um
141 1779 220 1819 crus.
236 1765 338 1818 ourvrt
352 1760 514 1832 gruere-tit
525 1776 600 1815 mus.
618 1759 731 1816 redolet
742 1758 822 1815 thus.
881 1762 916 1819 tu
930 1762 1003 1818 bens
1018 1761 1164 1817 nummati
1180 1765 1251 1818 eunt
1265 1760 1342 1816 illleo
1356 1758 1520 1816 canonieati

71 1854 185 1912 nordax
200 1852 283 1919 dens,
299 1856 403 1923 estque
427 1866 540 1907 memor
555 1866 647 1919 mens,
663 1855 709 1906 cst
726 1851 823 1922 patric
877 1853 1051 1910 provehitur
1066 1868 1184 1920 census,
1202 1851 1269 1907 vilet
1284 1851 1348 1907 sine
1363 1850 1481 1906 nomine
1495 1866 1613 1908 sensus.

693 1941 788 2011 [gens
878 1943 928 1999 Est
941 1958 1029 1999 sensu
1046 1941 1132 2013 plena
1147 1940 1278 1997 nummis
1294 1939 1415 2012 impleta
1429 1956 1580 2008 crumena,

71 2051 85 2091 s
109 2033 200 2105 plebs.
217 2032 310 2088 virtue
334 2047 413 2101 spes,
429 2031 529 2086 omnia
544 2045 601 2099 res,
612 2031 747 2103 graditur
763 2046 823 2104 pes.
878 2031 983 2090 Omnia
995 2031 1101 2088 divitior
1115 2031 1236 2088 vincunt
1250 2030 1425 2086 documenta
1440 2028 1561 2102 sophie,

71 2131 80 2180 t
95 2124 150 2181 ris.
166 2124 265 2178 turbet
279 2121 326 2186 lis,
342 2122 372 2177 in
388 2121 482 2177 tribus
496 2121 658 2194 aequivocat
675 2121 742 2195 glis.
877 2120 912 2177 ut
926 2120 1035 2177 cedunt
1048 2121 1101 2177 dili
1118 2120 1210 2177 deliro
1224 2121 1313 2176 verba
1328 2118 1422 2191 periti.

71 2211 157 2282 tdos,
169 2218 270 2268 vernat
284 2215 345 2267 llos.
363 2209 454 2266 stillat
469 2227 527 2277 ros,
544 2211 622 2266 acuit
638 2227 699 2268 cos.
877 2209 945 2267 Plus
959 2215 1004 2266 est
1019 2211 1095 2268 dona
1110 2210 1189 2278 dare,
1205 2225 1291 2281 quam
1308 2209 1384 2266 veris
1400 2206 1473 2265 laisa
1488 2208 1621 2280 probare.

71 2301 188 2357 ·lrmris
203 2301 278 2373 glos,
295 2300 389 2372 mugit
405 2300 468 2366 bos,
485 2305 591 2356 cuneta
607 2300 698 2357 trahit
713 2316 788 2358 mos
877 2298 908 2355 ln
925 2299 1017 2356 sacris
1032 2299 1159 2356 summis
1174 2303 1335 2371 assurgunt
1350 2299 1478 2372 undique
1494 2297 1647 2356 nummis:

72 2407 144 2455 sors,
161 2392 255 2446 aulert
271 2406 360 2455 mors,
377 2395 494 2445 resonet
509 2389 657 2456 vox‚lurta
672 2389 744 2462 tegit
755 2406 822 2448 nox.
876 2386 972 2444 Nullis
988 2389 1112 2445 decretis
1127 2389 1307 2444 damnantur
1321 2390 1398 2444 dona
1416 2386 1576 2460 loquentis.

72 2481 174 2550 carnis,
191 2481 234 2536 vis
247 2478 380 2544 rectoris,
396 2479 423 2534 id
441 2486 487 2535 est
498 2480 549 2549 jus
560 2480 638 2552 juris
654 2485 822 2554 utrumque.
876 2477 947 2536 Plus
960 2477 1036 2535 volet
1051 2485 1201 2543 cruentum
1218 2495 1306 2552 quum
1323 2477 1453 2552 Gregorii
1474 2478 1696 2534 documentum.

256 2572 276 2640 †
292 2567 359 2624 tut.
374 2569 422 2622 l'os
437 2572 565 2638 tractum.
876 2566 961 2625 Nunc
975 2573 1070 2625 slatus
1085 2567 1115 2624 in
1132 2568 1217 2625 rionis
1232 2573 1276 2625 est
1291 2568 1388 2624 omnis
1404 2567 1567 2639 religionis,

72 2663 130 2716 icus
145 2664 191 2714 rst
205 2658 309 2725 Roma,
325 2674 382 2729 quir
398 2658 467 2712 (turn
482 2657 637 2730 spatiando
654 2657 712 2715 lero
729 2675 774 2716 me
876 2659 941 2716 Jam
958 2663 1029 2714 runt
1045 2660 1200 2715 buccarum
1218 2665 1348 2730 pastores
1365 2675 1422 2714 non
1438 2659 1614 2714 animarum.

72 2749 228 2823 quaerendo
246 2762 346 2808 novas.
364 2747 461 2802 inueni
474 2746 509 2799 da
525 2746 651 2820 saphyro
666 2764 717 2804 vas
876 2747 985 2804 Munus
1000 2747 1028 2803 in
1046 2749 1190 2804 absconso
1211 2748 1264 2812 ris,
1281 2749 1332 2802 dal
1346 2748 1494 2804 dimittere
1509 2762 1628 2818 sponso,

76 2846 121 2896 tor
134 2839 266 2912 ignotus,
282 2836 424 2893 vendebat
440 2853 505 2892 cum
521 2837 648 2910 saphyro
663 2837 745 2909 thus,
876 2836 988 2893 sivetu
1003 2853 1122 2892 uxorem
1140 2838 1247 2893 ducere
1263 2836 1306 2891 vel
1323 2835 1506 2894 nobiliorem.

72 2929 192 2985 teocius
208 2932 305 2983 noster
321 2931 378 2981 tres
392 2926 464 2981 emit
478 2925 644 2983 denotorias
660 2931 704 2982 ter
875 2924 904 2980 sl
920 2925 1016 2982 bonus
1030 2942 1095 2982 esse
1111 2925 1181 2982 velis
1197 2925 1297 2989 sociis.
1311 2925 1491 2998 dominoque
1507 2923 1614 2992 tidelis,

73 3018 170 3074 tribus
185 3021 214 3072 el
228 3015 302 3072 semi
318 3015 420 3072 solidis
435 3031 487 3087 ego
510 3015 649 3087 prodigus
664 3015 733 3083 emi,
876 3013 1002 3086 Incipies
1019 3013 1080 3070 lteri
1097 3013 1204 3069 derisio
1221 3014 1351 3071 maxima
1365 3013 1453 3069 oleri:

74 3108 283 3164 inconcussum
297 3106 368 3160 dum
384 3104 484 3160 tollere
499 3103 714 3161 sollicituesum
878 3106 930 3158 let
944 3104 1104 3159 insectator
1119 3103 1278 3165 sociorum.
1297 3102 1408 3157 fraudis
1425 3106 1549 3168 amator,

72 3200 164 3256 culino
178 3196 289 3253 mundo
305 3196 341 3251 de
355 3194 513 3251 viminibus
529 3194 653 3265 pretium
670 3194 707 3251 dc
837 3177 859 3244 C
877 3191 930 3249 Hic
946 3190 1120 3248 formidatur
1134 3198 1161 3249 el
1178 3192 1213 3248 ab
1230 3190 1368 3248 omnibus
1384 3191 1433 3248 hio
1449 3193 1613 3247 veneratur.

72 3293 118 3343 tur
134 3288 293 3344 introrsum
311 3301 415 3341 sanum
432 3300 483 3338 vas
498 3283 566 3339 inda
582 3299 694 3339 memor
708 3299 784 3353 sum,
877 3280 929 3338 His
942 3279 1046 3349 plenus
1061 3281 1139 3336 vitiis
1154 3288 1197 3336 est
1212 3284 1291 3336 totus
1306 3279 1436 3337 Gallicus
1450 3279 1542 3347 orbis,

72 3379 167 3435 abitur
182 3377 297 3444 lissum,
313 3376 418 3440 tristis,
435 3375 525 3430 miser
540 3372 604 3431 inde
620 3374 708 3429 nimis
724 3390 803 3432 sum.
876 3370 930 3425 sed
948 3367 1015 3424 fldei
1033 3368 1092 3437 pilo
1107 3369 1266 3440 penetravit
1278 3369 1313 3423 od
1329 3368 1435 3425 intima
1451 3368 1529 3424 Milo.

72 3467 228 3526 convivas
245 3467 343 3538 magni
360 3466 430 3522 leret
446 3465 500 3521 hoo
516 3465 599 3536 pretii
617 3481 667 3520 vas
879 3454 969 3512 Xenis
984 3454 1065 3511 nulla
1081 3456 1190 3512 bonum
1208 3472 1260 3512 nee
1276 3472 1360 3512 amor
1376 3455 1480 3512 flexere
1496 3460 1663 3524 patronum,

72 3566 121 3617 ret
136 3558 270 3627 allatum,
287 3557 364 3612 sicut
380 3556 504 3628 positum
519 3556 611 3611 luerat
626 3560 689 3611 tom
879 3545 961 3602 Mens
976 3544 1033 3601 sibi
1048 3545 1131 3601 tortis
1145 3550 1218 3612 erat,
1234 3545 1259 3602 si
1274 3545 1318 3602 vis
1332 3561 1349 3602 a
1363 3561 1482 3618 corpore
1496 3546 1604 3602 deerat.

73 3667 86 3703 r
102 3653 131 3704 st
147 3647 200 3704 bric
217 3647 334 3717 pressit,
350 3647 396 3700 rui
413 3661 551 3716 prospera
567 3644 646 3701 nulla
661 3645 723 3702 dies
738 3645 786 3702 stt.
877 3636 1032 3707 Εωβῑθΐθθ
1045 3635 1102 3692 Vidi
1118 3636 1195 3692 'eibi
1215 3652 1353 3693 m⁰⁰l⁰¹¹⁰
1368 3635 1469 3704 recidi·

72 3741 93 3797 ζ,
111 3739 238 3809 cloptom
256 3737 370 3791 lllrtonis
386 3733 555 3790 monacbis.
572 3735 666 3790 Albini
674 3752 685 3799 ‚·
699 3736 826 3794 deiocoi·
879 3731 916 3784 st
928 3726 1028 3781 Simon
1047 3725 1220 3782 immundus
1236 3727 1292 3783 sibi
1307 3727 1465 3783 succubuit
1479 3727 1681 3798 pudibundus.

73 3813 113 3884 tri
125 3809 296 3866 rennerunt
309 3808 360 3862 ⁸¹⁴⁶
377 3807 484 3864 Uriam>
499 3805 536 3870 ΙΙ.
551 3821 587 3861 ec
602 3808 746 3864 lturbodo.
880 3814 994 3873 Gaudia
1008 3821 1121 3888 quanta
1134 3816 1220 3872 bonis
1240 3816 1336 3872 virtus
1351 3815 1497 3872 dedititia
1512 3815 1649 3884 Milonis;

126 3899 177 3970 (Ei
194 3914 249 3953 ¹¹¹⁹·
266 3897 409 3952 00‘15003·
425 3893 523 3949 ᾹῙΜῦῙ
540 3895 701 3966 Andflsslli
881 3907 915 3961 El
930 3903 1023 3961 multo
1039 3904 1123 3976 plura
1136 3906 1220 3963 nobis
1237 3907 1310 3963 toret
1324 3905 1374 3962 illa
1390 3906 1505 3974 dature,

73 4005 132 4044 ‘ml
149 3988 232 4042 betta
247 3984 347 4048 nimis.
369 4000 433 4056 qv&
447 3984 490 4039 ³5⁰
503 3983 629 4039 ‘melli
643 3985 678 4039 ⁸¹¹
692 3983 772 4054 imis,
880 3993 916 4050 ut
929 3993 1002 4050 leret
1016 3993 1156 4060 invictus,
1171 3995 1222 4052 sed
1239 4011 1318 4051 mors
1334 3993 1391 4051 sibi
1406 3993 1526 4051 sustulit
1540 3993 1627 4052 ictos.

73 4094 115 4135 ¹¹1¹
130 4076 255 4146 difflui,
270 4073 442 4146 ffll-'liilssqffl
454 4073 516 4129 ⁸⁰³³
532 4073 673 4129 blbffllll'
880 4087 964 4139 tiens
980 4082 1107 4140 nimium
1124 4089 1188 4140 tuta
1201 4083 1380 4157 Patremque
1395 4084 1491 4156 rigore
1507 4089 1616 4150 secuta,

73 4168 139 4224 θθῖθ
158 4165 269 4234 lumen»
286 4180 437 4220 summum
454 4162 617 4235 mundiqufi
631 4179 782 4232 mummi
882 4172 966 4229 Nunc
981 4173 1062 4245 cepis
1077 4173 1107 4229 in
1123 4173 1204 4230 ecelis
1216 4178 1268 4230 tua
1279 4173 1410 4246 premia,
1428 4188 1508 4230 serve
1523 4172 1629 4230 tidelis.

73 4275 110 4314 lm
127 4256 253 4329 let'liffll
269 4255 388 4311 libllssl
403 4263 427 4310 0¹
446 4253 652 4326 P⁰⁰iifl0⁸¹0m2
882 4260 967 4318 Nunc
981 4278 1069 4333 super
1083 4268 1162 4318 astra
1177 4261 1432 4329 situs‚diadsmatc
1448 4278 1525 4319 nuno
1541 4261 1707 4321 redimitus.

73 4366 93 4405 *⁵
111 4347 244 4405 doctrina
260 4344 378 4401 fulcitus
392 4348 494 4400 notit&
509 4345 605 4410 ruint,
882 4348 1005 4408 Nostros
1019 4355 1119 4408 oratus
1136 4350 1205 4407 audi
1221 4351 1359 4409 solvendo
1373 4355 1481 4409 rectus.

73 4454 130 4495 iens
145 4435 304 4493 Ecclesium
319 4434 431 4492 turbari
447 4450 499 4506 per
515 4433 685 4505 simoniam,

73 4722 95 4843 l
127 4718 452 4844 Ltssutttl
484 4720 978 4869 SEQUENTEN
1003 4724 1284 4847 BREVE
1313 4720 1708 4847 MONITUM

77 5033 200 5092 661ιὶ
210 5031 291 5088 m
306 5025 364 5087 llic
385 5025 466 5087 liber
480 5026 715 5106 manuscriptos
729 5026 892 5090 codicibus
907 5034 1016 5092 erotus
1030 5035 1088 5102 est,
1107 5031 1228 5092 scilicet
1241 5048 1280 5091 ex
1295 5030 1512 5110 andegavensi
1527 5029 1589 5092 600
1604 5030 1642 5091 ed
1655 5031 1710 5092 mi·

80 5126 236 5170 annorum
252 5127 290 5170 ex
305 5108 452 5169 Beccoosi
470 5106 564 5185 paulo
582 5109 759 5178 recentiori,
777 5128 865 5171 rrum.
881 5112 932 5179 98.
950 5119 981 5172 et
995 5129 1012 5172 e
1028 5111 1269 5172 Gemmcticensi
1283 5111 1342 5172 tuo
1357 5110 1480 5171 circiter
1494 5129 1663 5182 annorum,
1680 5118 1712 5173 et

74 5191 195 5251 ditione.
213 5192 337 5250 tandem
356 5188 533 5251 Redooeni
550 5206 602 5248 an.
621 5187 710 5249 lost.
727 5190 761 5250 lu
778 5189 909 5259 sinentis
925 5200 1030 5252 autem
1047 5195 1133 5252 varie
1148 5193 1304 5265 reperitur
1318 5191 1486 5269 inscriptus
1510 5199 1540 5253 et
1568 5193 1712 5267 praetitu·

76 5291 100 5331 s.
118 5273 157 5331 El
172 5270 299 5348 quidem
315 5269 553 5346 Anrlrgaveneis
567 5269 708 5329 omnium
725 5271 962 5348 antiquissimus
978 5273 1099 5332 nullum
1113 5272 1207 5334 habet
1223 5273 1362 5344 titulum,
1379 5279 1410 5332 et
1425 5273 1535 5350 incipit
1546 5271 1710 5331 absolute:

74 5351 241 5411 sitientum.
259 5357 319 5410 etc.
338 5349 439 5410 Habet
454 5349 604 5408 antemio
622 5350 724 5425 capite
739 5352 893 5430 cujusque
908 5352 1032 5414 articuli
1047 5353 1253 5414 summarium
1272 5352 1423 5432 cujusque
1440 5352 1599 5431 praecepti,
1625 5350 1713 5429 quod

74 5432 210 5509 requitur
223 5432 401 5506 exemplum
420 5430 547 5489 metrice
562 5427 694 5490 editum.
711 5431 777 5490 lloc
791 5439 823 5492 et
835 5431 979 5494 similiter
994 5433 1088 5493 hebet
1104 5433 1202 5495 codex
1217 5434 1487 5511 Gemcncticensis,
1498 5432 1552 5492 sed
1568 5449 1638 5490 eum
1653 5430 1713 5493 boe

74 5516 99 5574 lo
116 5529 125 5570 ι
142 5511 315 5575 Morbodus
327 5509 482 5586 discipulo
496 5527 565 5571 suo.
584 5512 626 5570 De
641 5512 837 5573 ornamentis
852 5513 1032 5586 verborum,
1058 5514 1293 5586 versificaturo,
1309 5520 1369 5574 etc.
1393 5511 1557 5576 Becccnsic
1581 5528 1654 5571 vero
1669 5511 1712 5573 ti-

74 5611 110 5657 m
125 5592 233 5666 habet,
249 5591 304 5654 sed
317 5591 363 5654 ita
376 5589 524 5653 ebrorum
540 5595 573 5652 et
586 5590 736 5666 deletum.
754 5598 790 5655 ut
803 5592 905 5656 visum
917 5594 1048 5659 omniuo
1062 5595 1163 5675 lugiet
1175 5615 1183 5670 ;
1199 5613 1258 5658 nec
1272 5595 1346 5657 inde
1361 5593 1451 5673 cujus
1462 5592 1502 5656 sit
1512 5591 1712 5658 auctorisde·

74 5673 164 5744 bsudl
177 5672 289 5758 pouit,
305 5672 360 5738 sed
383 5676 509 5738 testu·
523 5689 563 5740 ex
586 5671 660 5752 flue.
675 5671 731 5740 ubi
754 5673 799 5742 sic
820 5674 956 5758 ¹⁸8³in
980 5675 1118 5759 Explicit
1142 5675 1268 5740 libellas
1293 5673 1435 5738 ttarbodl
1450 5677 1493 5738 ne
1514 5674 1710 5741 ornamentis
