3802 6030
609 283 660 345 DE
681 281 832 346 ORDINE
854 280 991 345 MUNDI.
1579 282 1657 344 1230

72 414 189 473 esaltus
204 413 298 489 placet
312 419 340 472 et
356 432 441 473 mous
457 416 581 489 quilibet
594 416 688 486 altus;
786 443 815 506 Α
830 415 962 480 Quodam
977 413 1093 469 decreto
1110 413 1185 468 lacto
1200 429 1257 469 non
1274 412 1344 469 alito
1357 411 1434 484 leto,

74 513 102 563 to
118 506 167 562 lito
182 507 260 573 tecti,
276 508 326 563 sed
344 506 471 579 tegmine
488 507 546 574 vili,
822 509 897 560 Cum
914 521 945 560 se
961 504 1149 560 subdendum
1163 501 1271 576 populo
1287 503 1372 572 toret,
1388 506 1440 558 aut
1455 502 1656 579 moriendum,

72 613 138 667 ipra
153 596 217 653 vilis
234 603 390 669 paupertas
409 599 500 653 texuit
514 597 592 667 illis;
823 594 896 650 Nam
913 610 1003 666 supra
1019 599 1132 650 rtroates
1148 610 1205 649 nou
1221 597 1292 650 suut
1308 594 1386 665 putei
1404 609 1497 665 usque
1513 593 1619 652 tontes.

72 685 140 742 raim
157 686 227 741 nudi
245 688 365 741 suntad
382 688 529 742 contraria
543 685 638 756 crudi,
826 683 932 740 118⁴
944 682 1019 740 Vota
1034 683 1194 740 sacerdotis
1209 682 1380 738 melioribus
1396 681 1585 754 incitaretis,

72 782 191 842 clantes,
207 782 365 832 venturum
377 778 463 832 corde
477 784 630 843 vocantes;
826 772 949 829 Cautius
964 776 1093 842 enervat,
1110 771 1209 844 populi
1225 787 1344 844 quoque
1360 771 1454 827 millia
1468 774 1574 829 servat.

72 881 100 922 m
117 866 353 938 credebantque
370 871 467 921 mente
483 867 582 920 sutura
596 864 742 938 videbant,
828 861 893 918 Mox
909 861 1030 917 viduum
1048 861 1172 931 cultum,
1190 877 1258 917 mox
1270 865 1364 917 mutat
1389 861 1491 919 sedula
1518 860 1653 919 vultum:

72 971 150 1011 tuon
167 955 252 1024 lusci,
270 956 421 1027 signorum
438 954 502 1011 luce
521 955 645 1011 corusci.
827 951 925 1007 Sumit
939 951 976 1007 ad
992 956 1128 1007 ornatum
1145 950 1291 1023 quidquid
1318 955 1403 1023 putat
1431 965 1497 1007 esse
1512 952 1654 1008 beatamt

73 1044 214 1110 curando,
231 1043 384 1101 defunctos
399 1045 456 1101 buc
472 1045 643 1112 revocando,
831 1040 990 1097 lateralem
1008 1040 1125 1113 qualem
1142 1040 1269 1112 pretium
1286 1040 1390 1113 probat
1404 1040 1483 1095 baud
1501 1041 1655 1108 venialem,

72 1140 92 1190 tt
107 1139 217 1202 mutos,
232 1134 339 1190 surdos
353 1135 520 1207 mentisque
537 1137 661 1192 solutos.
833 1129 866 1187 Ut
880 1131 963 1186 decet
977 1129 1056 1185 hunc
1069 1129 1301 1199 seram,crinem
1311 1128 1429 1185 cohibet
1439 1128 1527 1186 mitra
1539 1144 1658 1202 pexum,

72 1241 90 1295 t,
107 1224 287 1293 monuistis,
305 1225 374 1295 quid
392 1224 511 1297 dignius
527 1224 626 1280 attulit
641 1222 730 1280 istis?
832 1220 927 1277 Sumit
942 1219 1099 1276 sulllameu
1115 1235 1252 1277 croceum
1268 1219 1372 1290 capitis
1388 1219 1559 1293 religamen,

72 1330 77 1368 t
93 1313 130 1368 ob
145 1312 200 1367 boc
217 1316 272 1367 tuti
289 1317 407 1385 quaudo
423 1321 491 1369 sunt
507 1329 593 1368 carne
609 1311 708 1369 soluti.
832 1316 937 1367 Pectus
950 1326 1008 1367 non
1025 1309 1090 1365 vilis
1106 1309 1220 1365 claudit
1236 1325 1352 1381 quoque
1380 1325 1498 1382 gemma
1526 1305 1656 1375 monilis,

74 1407 143 1458 robo
159 1403 271 1470 charta,
284 1418 356 1473 quta
371 1402 502 1458 nondum
515 1401 607 1474 gloria
623 1408 717 1474 parte,
834 1400 954 1457 Brachia
967 1399 1154 1472 constringit,
1172 1415 1235 1470 que
1251 1400 1341 1454 vestis
1356 1397 1432 1454 linea
1447 1398 1550 1469 cingit,

72 1492 104 1547 ni
120 1508 229 1547 crvnren
246 1491 344 1547 ditexit
356 1492 451 1562 janua
465 1492 554 1547 limen
834 1492 901 1558 Qua
917 1506 983 1547 oum
999 1489 1157 1561 crispatur,
1175 1489 1221 1544 vir
1237 1488 1387 1562 unguibus
1402 1486 1617 1558 accumulatur,

72 1588 193 1636 aecosta
210 1581 287 1653 quod
304 1579 495 1652 persuadetur
509 1582 546 1636 ab
563 1580 655 1636 buste.
834 1580 932 1637 Serica
948 1579 1190 1651 resplendetque
1206 1578 1311 1634 subtus
1326 1594 1457 1650 suppara
1471 1575 1588 1651 pendet,

72 1687 130 1726 uus
147 1671 285 1736 intactos,
300 1686 450 1742 nunquam
466 1673 627 1726 certamine
640 1671 746 1727 fractos
836 1669 926 1725 Orbss
943 1668 1062 1724 arruillae
1079 1668 1174 1726 crisos
1189 1683 1313 1737 genuere
1326 1665 1439 1737 lavillae,

82 1764 182 1827 tortos,
200 1757 308 1815 multus
325 1777 376 1831 pro
392 1759 455 1832 lege
471 1761 615 1829 cobortes,
836 1758 870 1814 tlt
886 1757 986 1831 digitis
1002 1774 1110 1814 munus
1126 1757 1207 1813 dedit
1223 1759 1350 1814 annulus
1367 1774 1444 1813 unus
1459 1763 1486 1812 et
1503 1772 1591 1813 uuus.

72 1854 121 1906 tus
135 1848 247 1922 parmis
262 1854 430 1905 straverunt
445 1851 569 1906 l'ortibus
586 1850 686 1906 armis.
797 1827 932 1905 BVerrit
945 1854 974 1906 et
988 1848 1123 1906 incessus
1139 1848 1267 1922 pretioso
1283 1854 1411 1920 syrmate
1426 1864 1566 1920 gressus,

72 1952 132 1994 sreo
148 1937 251 2005 David,
269 1938 354 2009 cuius
370 1955 477 1995 manus
493 1939 627 2012 improba
643 1937 746 1995 stravit
837 1939 895 1995 Nec
912 1938 1124 1996 minuscatollo
1139 1955 1202 2009 quae
1214 1939 1319 2011 pendet
1330 1936 1429 1994 fistule
1443 1937 1528 1995 eollo.

72 2027 250 2084 temnentem
267 2027 345 2084 lauto
362 2028 451 2085 nimis
465 2045 514 2085 ore
529 2029 677 2102 gigantem
693 2028 726 2098 ⁸⁸,
836 2028 955 2086 Ancilla
969 2034 1058 2086 testes
1075 2029 1127 2085 bas
1142 2033 1263 2085 comunt
1280 2028 1407 2100 audique
1422 2033 1528 2095 vestes,

72 2117 219 2174 rilistbaeis
234 2117 291 2174 luit
302 2134 373 2175 usus
388 2117 467 2174 mille
484 2119 629 2191 tropbaeis.
835 2124 876 2181 Ne
892 2124 952 2180 sint
964 2139 1087 2196 rugosa,
1104 2121 1149 2177 vel
1161 2119 1331 2194 disparitate
1347 2135 1465 2192 peroeae.

86 2209 248 2266 Psalmistae
269 2210 378 2266 meruit
392 2227 508 2283 quoque
523 2210 646 2284 belliger
657 2210 724 2282 isto,
837 2214 891 2270 Pro
907 2212 987 2270 radio
1005 2212 1078 2268 lucis
1094 2210 1181 2267 iacies
1198 2227 1253 2267 nsu
1269 2213 1314 2266 est
1328 2209 1380 2265 lita
1395 2210 1503 2268 succis.

72 2304 150 2356 itaut
162 2299 269 2372 psalmi
284 2302 355 2356 dant
369 2316 479 2373 organa
502 2299 671 2356 Paeurnatis
701 2298 781 2368 almi,
836 2304 910 2360 Naar
927 2303 999 2359 tacis
1013 2302 1123 2358 munda
1137 2299 1212 2356 nulli
1226 2299 1301 2356 valet
1315 2315 1381 2356 esee
1395 2300 1521 2356 secunda
1534 2314 1543 2369 3

72 2405 132 2445 vero
148 2390 276 2461 quodam
293 2391 329 2445 de
346 2391 460 2446 Christo
477 2393 587 2445 texeret
606 2390 704 2446 odam.
837 2392 947 2450 Callida
963 2396 1132 2466 perspector
1147 2391 1245 2446 torma
1259 2387 1341 2461 paris
1356 2393 1444 2460 atque
1460 2395 1597 2460 revector,

72 2496 94 2536 ts
104 2496 197 2551 preco
212 2480 260 2536 cui
278 2482 406 2536 mundus
422 2485 564 2537 consonet
578 2481 661 2546 echo,
837 2483 917 2539 Hanc
931 2482 957 2539 si
972 2485 1003 2537 tu
1020 2496 1123 2537 nosses
1135 2483 1260 2550 raptam,
1278 2478 1319 2534 nil
1335 2476 1430 2534 elicere
1446 2493 1558 2549 posses.

72 2569 178 2627 saltans
194 2572 265 2626 ordo
282 2571 376 2644 magis
398 2572 494 2627 utitur
518 2571 570 2627 hoo
590 2569 782 2637 decachordo,
838 2573 937 2630 ludole
952 2572 1008 2629 sub
1024 2570 1083 2627 vita
1099 2587 1156 2627 non
1173 2569 1216 2625 sic
1233 2569 1285 2625 luit
1301 2569 1366 2641 ipsa
1381 2568 1471 2642 polita

72 2659 122 2716 ,dei
138 2665 229 2717 ternae
243 2660 382 2733 mysteria
399 2678 481 2718 more
495 2661 621 2718 lucerua
837 2668 909 2719 Cum
926 2662 1060 2736 prefiniti
1077 2660 1199 2734 polleret
1214 2659 1242 2715 in
1259 2675 1308 2716 ore
1324 2657 1445 2715 maritis

72 2754 80 2804 t
94 2751 208 2807 cunctis
224 2753 369 2807 aCbristo
386 2750 505 2807 nornine
521 2750 638 2820 iunctis,
838 2752 896 2810 Nec
913 2753 993 2811 dedit
1007 2752 1082 2810 hauc
1097 2767 1243 2821 normam,
1254 2748 1525 2806 nonhanclascivia
1536 2747 1664 2807 formam

72 2841 160 2896 raudo
174 2856 274 2913 preces
290 2840 393 2896 anime
409 2841 487 2897 valet
502 2842 610 2898 abdere
625 2841 719 2898 taces.
838 2845 949 2903 Sensus
964 2846 1066 2912 astuti,
1079 2843 1131 2902 sed
1146 2844 1189 2901 sic
1204 2847 1268 2900 vult
1282 2843 1394 2898 viribus
1410 2843 1463 2900 uti.

72 2928 144 2986 libus
156 2929 302 2984 includam
310 2930 503 2997 llaebnbeos3
514 2930 782 3003 sedmageludam,
838 2936 972 2992 Conferat
988 2940 1020 2991 ut
1033 2934 1143 2992 bellum
1154 2951 1221 2991 oum
1238 2933 1370 3006 principe
1386 2933 1448 2988 sole
1462 2931 1606 3000 duellum,

72 3020 134 3075 rtris
148 3019 293 3092 exemplo,
308 3025 391 3076 vacat
410 3021 491 3076 omni
518 3027 647 3094 tempore
662 3019 781 3093 ternplo,
838 3025 872 3080 tlt
888 3028 986 3097 percat
1000 3024 1135 3097 prinecps
1148 3028 1261 3096 reparet
1276 3039 1312 3078 ue
1327 3020 1403 3078 bella
1418 3021 1565 3095 deinceps,

77 3106 142 3181 lege
157 3112 275 3180 patrum
290 3110 400 3179 potitur
411 3109 553 3166 solamine
568 3111 704 3176 fratrum,
838 3118 910 3170 cum
927 3113 1022 3169 cordis
1039 3112 1106 3185 nigo
1123 3113 1191 3183 liget
1207 3127 1261 3167 sua
1272 3110 1328 3168 tela
1339 3109 1455 3183 cupido.

72 3197 185 3270 iganteo
201 3214 252 3271 pro
269 3197 341 3253 scito
359 3204 471 3270 pugnat
485 3197 623 3267 Hebrae03
796 3192 818 3259 C
837 3204 976 3260 Feminea
991 3203 1063 3258 vitta
1078 3219 1136 3258 non
1152 3202 1259 3258 certior
1271 3200 1332 3257 ulla
1347 3199 1463 3271 sagitta.

72 3303 101 3343 as
114 3288 209 3359 postia
222 3304 309 3359 quem
331 3286 431 3343 nullus
448 3289 562 3344 territat
577 3287 681 3357 bostis,
838 3294 884 3350 sio
898 3309 972 3366 pana
989 3293 1119 3349 velamus
1134 3306 1192 3362 quo
1209 3290 1305 3363 pisces
1321 3289 1450 3347 attrahat
1464 3287 1582 3358 hamus,

81 3376 237 3446 insomnis,
255 3385 287 3432 ut
304 3379 425 3450 perfuga
441 3377 552 3433 corruit
567 3377 674 3445 omnis,
839 3388 910 3440 Cum
926 3382 1072 3440 volucrum
1089 3381 1199 3437 mulces
1214 3382 1265 3437 dat
1279 3379 1380 3437 listula
1394 3378 1505 3435 dulces.

72 3470 200 3522 satorum
217 3469 374 3541 populatus
389 3475 485 3523 castra
499 3482 632 3523 suorum.
874 3474 915 3529 lis
929 3473 1038 3530 montis
1053 3488 1143 3546 pyrgo
1158 3471 1349 3527 descenderat
1364 3472 1398 3524 ut
1413 3484 1487 3524 nova
1503 3466 1596 3541 virgo,

75 3555 157 3612 meisi
173 3557 198 3612 si
214 3563 285 3612 sunt
300 3574 367 3612 curn
384 3558 487 3613 rubore
505 3557 570 3625 visi,
840 3563 950 3634 Perque
964 3579 1064 3619 cavam
1081 3561 1187 3618 vallem
1202 3559 1342 3631 carpebat
1352 3558 1461 3615 lernina
1475 3555 1592 3627 callem,

72 3661 137 3701 vanu
153 3646 240 3717 digna
256 3653 378 3718 portans
395 3647 537 3702 nravurtia
551 3645 636 3718 signa
840 3655 905 3709 Mox
919 3652 975 3709 iter
988 3653 1073 3709 enixa
1088 3651 1169 3707 venit
1182 3653 1217 3706 ad
1234 3649 1359 3706 tentoria
1375 3648 1441 3705 lixa.

71 3750 98 3790 ¹⁰
114 3750 201 3791 Μΰῢῠ
218 3736 337 3808 Signum
351 3754 418 3792 curn
432 3737 523 3792 mittit
539 3751 642 3808 patim,
840 3742 953 3798 Assurii
968 3739 1257 3815 properant,quevel
1273 3738 1345 3811 quid
1360 3738 1505 3795 utordine
1517 3738 1665 3809 querant3

82 3828 164 3880 teuta
178 3825 243 3881 sitis
261 3842 313 3897 pto
329 3824 443 3898 legibus
460 3826 661 3891 installantis,
842 3834 903 3898 Quo
920 3833 1041 3904 propius
1055 3830 1187 3898 veniunt,
1205 3829 1271 3902 plus
1286 3846 1319 3884 ac
1336 3829 1402 3901 plus
1416 3826 1629 3900 obstupefiunt,

82 3930 256 3970 mucronem
271 3916 407 3987 impellit,
424 3916 500 3970 sicat
517 3916 560 3970 ira
576 3913 700 3985 leonem,
843 3918 937 3992 thue
953 3936 1033 3976 nov¹ae
1050 3919 1140 3976 stellas
1156 3920 1272 3974 radium
1288 3918 1422 3975 mirando
1439 3917 1552 3990 puella,

72 4008 90 4059 it
104 4003 230 4076 insignis
245 4005 404 4061 sarmentis
417 4006 547 4077 pascitur
562 4003 651 4075 ignis.
843 4008 877 4077 Ο,
894 4010 918 4065 si
934 4024 982 4066 me
996 4007 1094 4075 velles,
1113 4009 1167 4064 lert
1181 4024 1281 4064 secum
1297 4007 1421 4080 quisque
1437 4005 1572 4064 satellesl

72 4092 160 4150 Marte
176 4095 287 4163 iurene,
303 4105 331 4149 ut
343 4095 433 4150 taedas
448 4094 523 4165 ignis
539 4095 678 4165 adurens,
843 4098 891 4154 Sic
903 4114 961 4154 uon
978 4097 1094 4153 auditos
1107 4113 1211 4153 omnes
1226 4096 1313 4152 babet
1327 4095 1377 4152 illa
1393 4095 1525 4151 maritos.

72 4199 114 4240 tre
128 4183 272 4240 distortus
288 4200 339 4239 cau
354 4184 447 4255 poscit
464 4185 560 4239 navita
575 4187 689 4256 portus,
842 4187 858 4243 J
864 4187 948 4244 udith
961 4192 1060 4244 mente
1075 4186 1153 4242 bona
1168 4184 1260 4258 plebis
1276 4183 1402 4241 vallante
1415 4199 1521 4239 corona

72 4273 129 4330 usis
146 4274 227 4330 mille
242 4272 383 4329 famosior
397 4277 490 4330 exstat
504 4273 626 4331 Achille.
844 4277 917 4334 Cam
933 4276 1008 4333 duce
1023 4276 1064 4334 sic
1079 4277 1166 4346 tatur,
1182 4274 1366 4348 genibusque
1384 4272 1481 4327 minor
1503 4272 1669 4325 veneratur.

84 4379 153 4438 ergo
170 4363 254 4431 mori,
272 4381 361 4435 quam
377 4363 423 4421 lex
440 4368 593 4437 raperetur
608 4363 718 4420 honori.
846 4367 963 4440 Optime
978 4367 1136 4440 majoram,
1153 4365 1264 4421 clarum
1280 4364 1368 4419 decus
1381 4359 1580 4434 Assyriorum,

84 4454 162 4512 velut
177 4454 281 4511 alludit
296 4455 455 4511 notissima
470 4454 579 4511 femina
592 4454 695 4511 iudith
845 4456 944 4514 Gloria
955 4456 1000 4512 cui
1018 4456 1110 4524 lloret,
1128 4469 1216 4526 quem
1231 4452 1355 4524 supplex
1372 4449 1501 4506 mundus
1517 4447 1627 4514 adoret,

75 4543 227 4601 beatorum
243 4542 338 4599 titulis
351 4543 414 4598 vuli
428 4559 493 4599 esse
509 4542 647 4600 vitorum·
807 4574 832 4637 D
846 4547 898 4604 cui
914 4547 974 4603 sera
989 4545 1144 4614 silvestris,
1160 4542 1208 4598 oui
1220 4541 1315 4598 bestia
1329 4538 1418 4596 servit
1432 4537 1568 4612 agrestis,

72 4648 115 4706 [uc
132 4650 221 4690 saum
237 4632 343 4702 noscit,
359 4632 470 4704 vulgari
488 4633 616 4689 carmine
631 4631 726 4705 poscit
846 4636 929 4693 Mitis
944 4652 1010 4692 cum
1027 4635 1122 4704 saevis,
1137 4633 1341 4704 metuitquem
1357 4628 1456 4687 bellua
1472 4628 1593 4703 quasvis,

73 4740 90 4780 a
103 4722 219 4780 virtutis
236 4724 325 4779 luerit
340 4739 406 4778 cum
423 4739 511 4778 causa
526 4724 641 4778 salutis.
848 4726 1002 4798 Omneqae
1018 4721 1298 4796 pennatum,veldat
1313 4719 1512 4793 quibusunda
1527 4721 1672 4787 natatum,

72 4813 158 4868 uibus
174 4814 332 4868 eetdertra
346 4811 474 4868 uonvult
486 4814 545 4868 lore
557 4810 792 4880 laudibueextra,
850 4817 924 4887 Apta
939 4820 996 4871 tue
1011 4813 1090 4869 laudi
1101 4814 1266 4886 dignanter,
1282 4811 1307 4869 si
1322 4810 1427 4883 placet,
1443 4808 1522 4866 audi.

72 4906 113 4961 vis
131 4906 237 4978 indago
249 4911 276 4961 to
290 4904 406 4960 claudet
420 4903 544 4959 honesta
558 4903 668 4974 virago,
849 4904 900 4959 llio
912 4903 1038 4976 populus
1055 4904 1185 4969 demens,
1202 4902 1250 4958 cui
1266 4917 1324 4957 nou
1338 4904 1389 4957 tue
1404 4899 1499 4973 gratia
1513 4896 1654 4966 clemens,

72 5010 162 5051 nmen
174 5002 307 5051 nostrum
317 4992 792 5066 quoddamdecorabitutostrum,
849 4993 912 5051 Non
926 4994 1014 5050 habet
1028 5008 1177 5050 armorum
1194 5007 1263 5064 spes
1277 4989 1350 5046 ullas
1364 4994 1416 5046 aut
1430 4986 1611 5062 clypeorum,

72 5100 99 5139 m
114 5083 221 5156 linguae
234 5084 259 5139 si
275 5085 323 5138 det
338 5083 475 5138 facundia
491 5081 620 5154 pingue,
851 5083 997 5140 llontibas
1012 5090 1063 5139 aut
1077 5081 1171 5137 muris
1185 5098 1241 5138 aon
1258 5079 1322 5135 lldit
1336 5078 1521 5148 corruituris,

77 5179 165 5245 queat
180 5174 260 5228 calta
275 5173 375 5244 paucis
391 5178 423 5227 at
434 5171 572 5226 claudere
588 5169 690 5225 matta.
850 5174 908 5230 Nec
919 5177 1000 5229 tutus
1017 5172 1087 5237 letti,
1105 5170 1172 5244 quia
1188 5170 1317 5244 cingitur
1331 5186 1437 5242 aggere
1449 5167 1528 5225 valli.

72 5270 133 5318 erat
148 5264 223 5318 veris
239 5263 328 5332 bajus
344 5278 447 5317 sensus
463 5260 610 5327 mulieris,
851 5262 947 5319 Altera
962 5277 1029 5332 spes
1044 5259 1102 5315 illis
1118 5259 1281 5330 majoribus
1296 5265 1386 5332 atque
1402 5257 1539 5328 pusillis;

71 5358 81 5407 t
96 5351 240 5418 bellatrix,
256 5357 285 5407 et
297 5351 426 5423 prudens
442 5348 637 5405 consiliatrix.
851 5351 911 5407 Hoc
925 5355 970 5406 cst
985 5349 1138 5405 munimen
1153 5348 1268 5404 nullum
1280 5349 1464 5405 committere
1478 5346 1613 5415 crimem

72 5459 106 5500 »rc
120 5459 179 5516 quo
194 5441 320 5516 spernis,
338 5439 482 5507 Bethulia,
495 5441 544 5511 jus
561 5437 741 5508 Holofernis,
852 5440 884 5497 si
900 5443 999 5512 peccat
1015 5438 1126 5510 nullus,
1142 5444 1232 5511 parte
1256 5454 1314 5496 aon
1331 5444 1444 5495 corruet
1460 5434 1550 5492 ullus.

72 5643 138 5714 liep.
154 5659 222 5703 svn.
261 5641 284 5678 ⁸⁰
299 5641 410 5701 laniet.
422 5658 442 5698 r.
