3802 6030
131 212 210 279 itte

20 312 40 370 Ἰ
133 354 199 409 Fert
214 350 332 420 misero,
348 350 452 407 tribuit
467 347 610 423 peccanti,
626 352 723 406 cenat
737 348 831 406 emico

42 480 47 487 .
169 439 330 506 Auxilium,
347 439 473 505 veniam,
488 435 717 510 continuamque
732 438 831 494 iidem.

134 530 218 587 flauo
233 546 316 586 ruens
331 530 366 584 ad
383 528 487 584 coelum
503 527 643 584 uirtutum
656 528 866 597 sublevatclis,

167 621 292 691 Jamque
306 636 360 675 sue
372 619 480 675 fruitur
492 635 562 692 pace
576 618 701 697 yidendo
717 622 803 674 ocum
819 618 886 689 (45).

50 728 53 733 ·
131 707 178 764 Sic
194 712 292 764 tamen
309 712 389 764 estre
403 708 489 780 petit,
505 711 538 763 ut
552 723 611 764 nou
624 711 757 764 terr-cna
771 706 912 778 relinquat

168 799 321 853 Pastorem
337 797 565 854 revocatseduls
580 812 650 853 cura
665 798 768 868 greci.

54 938 60 945 .
134 885 275 942 Ascendit
290 886 469 959 speculando
484 886 589 954 Deum,
606 882 803 942 descenditis
818 885 904 940 tmere

170 973 275 1030 Curam
292 975 456 1032 commissas
471 975 587 1049 plebis3
603 980 762 1047 utrumque
777 974 896 1030 boaunr.

132 1068 230 1122 Mente
244 1065 333 1120 tiaris
349 1069 441 1134 vacat,
457 1066 507 1122 sed
525 1065 556 1122 iu
572 1068 638 1121 ectu
655 1063 768 1121 lfartbu
783 1062 920 1120 lab-oroi.

87 1184 90 1191 ·
171 1152 222 1209 Est
237 1153 349 1210 intente
364 1154 444 1227 gregi
462 1154 589 1222 Martha,
605 1154 697 1210 Maria
711 1153 779 1210 bec.

134 1241 181 1298 Sic
195 1242 274 1315 apud
290 1243 368 1299 buno
379 1249 481 1315 regnat
496 1246 572 1300 Deus
583 1244 672 1310 intus,
688 1242 853 1315 proximum
865 1244 957 1311 cxira3

170 1330 223 1387 Hic
237 1330 395 1402 desiderio,
412 1331 563 1403 prosimus
578 1331 719 1404 obsequio

23 1502 27 1507 Ι
47 1447 51 1453 ·
136 1420 240 1492 Diligit
255 1421 304 1477 ille
318 1421 435 1493 Rachel,
451 1438 505 1479 nac
520 1422 598 1480 bicor
615 1422 689 1479 ferre
703 1426 830 1492 renent,

171 1508 353 1584 Uxoremque
368 1528 462 1568 novus
485 1511 567 1568 duxlt
582 1517 738 1584 utramque
751 1512 851 1570 iacob.

22 1572 43 1689 ι’
134 1598 228 1673 liujus
249 1604 330 1657 amat
344 1601 469 1672 vultum,
480 1603 566 1674 Juvat
579 1603 668 1675 huius
683 1619 802 1677 carpere
817 1604 957 1674 fructum,

171 1690 243 1746 Cum
259 1690 298 1745 sit
313 1689 434 1763 pulchra
450 1691 568 1760 Rachel,
584 1691 762 1765 fertiliorque
776 1692 837 1750 Lis.

241 1793 351 1852 CXVII.
367 1798 404 1854 De
420 1796 526 1854 Pictavi
539 1799 660 1867 ciuitate,
676 1805 703 1855 ct
717 1799 775 1872 ejus
791 1814 854 1872 repe

20 1950 24 1963 Ι
432 1887 465 1959 (ii
481 1887 659 1959 Marianae.)

29 1966 35 1987 ”
133 1972 236 2031 Servili
251 1974 390 2046 depressa
401 1975 475 2048 jugo
490 1976 671 2050 longumque
686 1977 809 2052 sepulta,

27 2056 30 2061 '
170 2061 256 2136 Erige
268 2062 390 2120 Pietatis
406 2064 497 2122 libera
512 2067 588 2122 facta
602 2070 700 2138 caput.

136 2151 270 2209 Libertas
285 2152 339 2208 tibi
359 2169 425 2210 seru
438 2155 522 2224 redit,
539 2156 574 2212 de
590 2155 707 2229 pulvere
723 2172 815 2231 eerge,

171 2240 253 2297 'folle
264 2242 382 2314 jugum,
400 2247 479 2317 terge
494 2243 619 2316 fumiae,
636 2245 742 2319 plaude
757 2262 857 2304 mauu.

136 2329 314 2387 Consulibus
328 2331 450 2389 seducta
465 2332 537 2401 tuis,
555 2334 605 2390 tibi
621 2333 815 2392 consuluisti:

170 2417 231 2475 Rex
245 2423 314 2476 tuus
328 2435 394 2477 ecce
408 2420 459 2477 tibi
477 2420 556 2479 mitis
573 2428 601 2479 ct
613 2439 680 2480 acer
694 2424 786 2481 adest.

39 2526 42 2543 2
136 2509 169 2566 (ῃ
184 2508 242 2564 gibi
257 2509 406 2581 subjectos
420 2509 607 2578 mitissimus,
622 2529 689 2569 acer
704 2513 733 2569 in
750 2513 869 2582 bostes;

171 2595 293 2670 Expedit
309 2599 379 2655 urbs
394 2598 444 2655 iiio
460 2599 538 2672 regia
553 2618 619 2672 rege
634 2602 704 2676 regi.

134 2683 186 2742 lile
201 2685 341 2742 salutaris
357 2687 427 2743 dum
444 2687 547 2746 lucifer
561 2691 620 2747 exit
635 2691 664 2748 in
679 2697 773 2763 ortus,

172 2771 313 2831 Occasum
330 2775 430 2833 Martie
443 2777 528 2835 stella
542 2785 663 2837 cruenta
680 2782 761 2856 petit.

135 2864 195 2922 Pes
209 2864 296 2938 viget,
313 2867 518 2937 armajacent,
534 2869 616 2927 labor
630 2871 746 2942 occidit,
762 2874 820 2930 otia
844 2874 957 2935 vivunt.

169 2953 273 3010 Cesset
287 2953 350 3028 lege
365 2956 462 3029 dolus,
479 2958 630 3018 fertilitate
646 2963 749 3023 lernae.

624 215 717 275 VEN.
741 212 977 277 blebbBtlll'll
999 213 1200 277 carolites.
1223 214 1348 278 EPISG.

1761 179 1842 278 aaa

970 351 996 417 Α
1012 349 1141 408 infectus
1156 351 1263 407 factam
1280 354 1365 407 nocte
1380 351 1434 408 bec
1448 351 1478 407 in
1494 351 1602 408 foedere
1617 350 1712 409 iactus
1723 350 1794 422 (tr).

1045 439 1093 496 Sol
1109 440 1192 512 prsit
1206 456 1354 507 aurorem,
1369 440 1581 513 luciferumque
1597 441 1670 499 dies.

1009 530 1068 598 sol,
1084 532 1215 601 inquam,
1230 547 1327 599 verus,
1342 530 1392 586 lux
1414 547 1491 598 nera,
1514 531 1660 604 iubarque
1675 547 1839 601 serenum

1047 619 1120 677 iliud
1136 625 1165 676 et
1181 621 1230 677 ilie
1245 621 1334 691 Deua,
1350 620 1427 678 sicut
1442 624 1470 678 et
1484 620 1534 678 iile
1549 621 1637 681 Deus.

1012 709 1088 783 [(iil
1103 709 1193 783 Virgo
1217 710 1309 766 Deum
1334 709 1458 783 peperit,
1483 709 1534 766 sed
1557 710 1582 767 si
1606 711 1673 782 quis
1688 710 1841 782 quomodo

1668 798 1804 873 [quaerit

1046 894 1109 947 Nou
1125 895 1170 949 est
1184 908 1271 948 nosse
1287 907 1396 957 meum,
1413 890 1464 946 sed
1480 890 1541 946 scio
1556 904 1641 962 posse
1656 888 1777 961 licum]

1011 979 1103 1038 cxlx.
1120 983 1154 1037 in
1177 980 1363 1038 visitationem
1392 980 1485 1036 beuter
1507 979 1602 1037 itariae
1619 980 1655 1035 od
1679 979 1838 1036 Etimdetb.

1189 1071 1223 1144 (ft
1238 1087 1291 1127 ms.
1307 1068 1570 1142 Elucnenci-ltcglo
1583 1068 1659 1141 274.)

1013 1161 1129 1217 ianuba
1143 1161 1168 1216 si
1183 1161 1281 1233 grauis
1297 1164 1352 1227 cst,
1368 1174 1442 1215 nove
1456 1173 1516 1225 res,
1532 1162 1561 1214 et
1574 1157 1674 1214 caelica
1688 1157 1733 1214 vis
1748 1162 1805 1214 est.

1013 1251 1118 1306 miii
1132 1251 1177 1306 itit
1191 1249 1370 1323 gravie‚ergo
1385 1264 1492 1305 novum
1509 1248 1837 1320 sidereumquebonum.

1013 1343 1121 1400 Oscula
1140 1344 1189 1399 dat
1213 1341 1338 1415 gravide
1361 1340 1449 1397 verbo
1471 1340 1587 1413 grauis3
1603 1339 1718 1397 innuba
1740 1345 1837 1413 nepte

1014 1432 1142 1506 Utraque
1157 1433 1226 1489 duur
1244 1430 1341 1504 gravis
1356 1435 1411 1499 est,
1428 1430 1519 1488 maris
1541 1429 1635 1487 silere
1646 1428 1767 1487 conscia
1781 1446 1836 1486 acu

1736 1519 1800 1590 [est.

1227 1609 1307 1666 CXX.
1320 1609 1446 1666 allartus
1460 1609 1494 1666 de
1506 1625 1536 1665 ce
1550 1610 1621 1681 ipso.
1885 1626 1887 1630 “

1303 1699 1353 1770 (dx
1366 1700 1468 1757 eodem
1486 1701 1551 1769 us.)

1014 1795 1136 1859 Pontus,
1153 1797 1238 1858 terra,
1255 1787 1338 1862 polus
1359 1789 1431 1845 mibi
1447 1788 1587 1858 subdita;
1603 1788 1661 1844 ilex
1674 1803 1731 1862 ego
1746 1788 1835 1846 solus.

1013 1879 1099 1937 Seius
1114 1881 1150 1936 ab
1166 1883 1273 1935 aterno
1288 1893 1353 1934 creo
1368 1882 1485 1946 cuncte,
1501 1882 1599 1934 create
1610 1877 1755 1950 guberno.

1012 1971 1083 2027 Sum
1098 1969 1143 2024 viu
1157 1967 1286 2036 virtutis,
1302 1983 1369 2040 spes
1383 1967 1458 2033 viis,
1474 1970 1558 2039 porta
1573 1964 1700 2035 saiutisq

1013 2063 1054 2119 Ad
1068 2062 1191 2134 patriam
1205 2060 1269 2117 vitae
1286 2060 1336 2132 qui
1351 2058 1484 2127 tenditis,
1499 2072 1576 2127 ecce,
1592 2058 1701 2115 venite.

1049 2154 1144 2211 CXXI.
1163 2154 1240 2222 Quod
1255 2151 1322 2207 bono
1340 2148 1425 2214 mute,
1442 2157 1469 2207 ct
1482 2150 1555 2206 molo
1572 2149 1638 2206 icae
1648 2148 1803 2222 proueniat.

1223 2243 1254 2312 (ii
1271 2257 1325 2298 rus.
1340 2240 1421 2297 Golb.
1439 2239 1519 2308 3019,
1536 2240 1556 2294 i.
1573 2239 1631 2310 78.)

1014 2333 1065 2388 list
1081 2331 1241 2404 aliquando
1256 2329 1341 2399 bene,
1357 2345 1393 2385 ue
1407 2328 1545 2401 gravibus
1560 2332 1729 2400 superetur.

1014 2422 1065 2480 Est
1080 2422 1156 2478 mele
1170 2420 1247 2494 quod
1256 2419 1387 2476 maculas
1399 2417 1679 2490 iavet,cdrersisque
1691 2417 1836 2491 probetur.

1014 2512 1065 2567 Est
1079 2509 1237 2582 aliquando
1251 2508 1327 2565 malo
1342 2508 1415 2564 bene
1432 2524 1489 2580 quo
1504 2507 1623 2580 gravius
1638 2507 1769 2564 feriatur.

1014 2604 1063 2656 list
1078 2599 1152 2656 male
1162 2600 1237 2672 quod
1246 2596 1684 2669 reducereturbic,quoquejern
1697 2596 1835 2668 patietur.

1167 2687 1276 2745 cxxii.
1292 2692 1331 2743 Dc
1348 2685 1439 2743 decem
1453 2684 1548 2758 pionis
1561 2685 1685 2758 AEqypti.

1128 2777 1159 2847 (ii
1174 2793 1229 2833 ms.
1245 2776 1327 2832 Ccib.
1347 2776 1428 2846 3019,
1445 2775 1464 2833 i.
1480 2775 1526 2844 80,
1545 2775 1609 2831 bbr.
1627 2774 1725 2847 nie.)

1014 2869 1123 2936 Prima,
1139 2869 1247 2925 rubens
1264 2869 1360 2924 unda:
1377 2883 1454 2923 rane
1467 2867 1620 2939 tabesque,
1637 2866 1785 2935 secunde;

1014 2960 1085 3017 iude
1099 2957 1184 3015 culex
1199 2958 1292 3014 tristis
1304 2977 1311 3026 ;
1328 2960 1395 3030 post
1410 2972 1512 3013 musca
1526 2955 1657 3012 nocivior
1670 2956 1758 3025 istis3

135 3045 203 3103 Urbe
216 3045 339 3104 latro-ue
362 3052 446 3105 vacet
461 3049 529 3124 (le),
545 3052 589 3110 via
605 3055 743 3127 aradibus,
760 3074 829 3115 arva
844 3059 957 3133 rapina,
984 3113 1000 3141 .‚
1014 3050 1123 3116 Quinia
1138 3064 1227 3121 pecus
1243 3046 1365 3115 stravit;
1381 3045 1494 3103 mim
1509 3050 1590 3103 texit
1604 3045 1735 3108 metit:

171 3134 260 3191 iiocttr
273 3135 446 3207 frende-ntis
462 3139 612 3200 obsidione
625 3144 710 3202 iores.

134 3223 194 3280 lion
208 3224 305 3296 pallet,
321 3226 431 3294 pulsi-s
446 3229 580 3299 canibus,
596 3232 752 3293 formidine
767 3236 838 3294 civis

20 3358 24 3375 ,
173 3312 233 3369 lion
249 3315 462 3389 impictvuigus
478 3319 622 3378 seditione
637 3323 742 3383 icrunt.

20 3476 25 3483 .
135 3401 279 3459 Praemia
295 3403 438 3463 militibus
454 3408 586 3482 redeunt,
603 3414 631 3466 et
645 3413 758 3472 ciuibus
773 3432 890 3488 aurum,

173 3491 206 3545 Et
219 3507 293 3548 suus
309 3493 424 3550 obaesus
439 3494 598 3555 inviolatus
615 3498 718 3560 honor.

137 3578 236 3636 Servis
250 3579 382 3649 libertas,
399 3583 485 3641 iussis
500 3587 595 3643 tutuia
610 3589 730 3659 colonia,

173 3667 247 3740 Spes
263 3669 390 3738 miseris,
407 3671 486 3730 risus
503 3674 651 3748 ilentibuS,
669 3679 713 3736 ire
728 3681 825 3740 maiis.

298 3757 478 3817 exibere
502 3764 650 3823 Natiuitntc
676 3770 801 3829 Domini.

139 3842 238 3916 (Paulo
265 3844 350 3903 aliter
372 3853 401 3905 ct
425 3850 565 3922 prolixior
588 3856 738 3917 invenitur
757 3859 787 3918 fn
803 3878 860 3920 ms.
875 3860 963 3921 iiiuc·

50 4016 54 4021 Ι
214 3933 298 3990 ncasi
311 3936 399 4008 Regio
415 3955 495 3998 num.
512 3944 576 4013 eti,
592 3963 662 4003 ann.
679 3951 795 4008 circiter
807 3952 883 4024 500.)

137 4019 188 4077 Sol
204 4019 289 4079 bodie
304 4024 389 4081 nobis
404 4032 552 4100 apperuit,
568 4049 645 4091 unus
660 4039 688 4092 et
704 4036 794 4108 alter;

175 4108 228 4166 Hic
242 4126 327 4183 opus,
344 4113 392 4170 ille
406 4117 522 4190 opifes;
539 4119 587 4178 bic
602 4121 686 4196 leuis,
701 4125 750 4182 ilie
766 4144 899 4187 manens.

139 4199 266 4273 imperet
281 4201 329 4259 bic
345 4204 450 4277 stellis,
466 4212 497 4265 at
512 4214 544 4266 ut
559 4210 693 4285 imperet,
708 4215 832 4290 imperat
847 4217 925 4289 illla3

176 4288 228 4345 liic
242 4290 327 4363 iubet
340 4291 382 4350 ire
396 4294 468 4365 dies,
485 4296 533 4354 iile
545 4299 648 4370 jubere
659 4303 753 4375 iubet.

33 4414 36 4419 -
139 4377 187 4435 Sci
202 4380 296 4436 oritur
310 4397 376 4439 cum
392 4385 452 4441 soie
467 4384 536 4458 ileo,
552 4405 619 4447 cum
635 4388 746 4451 iumine
760 4392 881 4467 lumen;

176 4471 319 4525 Luscum
335 4473 410 4544 luce,
426 4475 489 4532 dies
503 4492 571 4536 cum
588 4480 711 4540 faciente
726 4484 804 4543 diem

138 4556 229 4629 Virgo
244 4559 320 4631 parit
334 4561 399 4619 sine
415 4569 498 4623 nocte
512 4567 600 4637 diem,
611 4571 675 4628 sine
690 4573 801 4632 semine
816 4574 959 4651 fructum

174 4646 328 4722 Fitgrnvis
349 4652 460 4726 absque
486 4656 557 4723 uiro,
583 4659 617 4717 iit
640 4662 703 4721 sine
718 4670 800 4738 patre
823 4671 907 4739 pater
926 4668 959 4741 [f.

785 4753 904 4828 [parens
919 4801 926 4814 .

138 4825 189 4883 Est
206 4843 240 4884 ca
255 4845 301 4886 ree
316 4834 418 4904 major,
434 4851 468 4891 ec
484 4852 530 4895 res
546 4843 591 4897 cst
606 4841 733 4899 maxime
749 4861 865 4919 rerum3
905 4758 916 4831 ]

139 4915 191 4973 Est
205 4916 235 4972 ic
250 4934 285 4974 ea
299 4919 351 4976 lux
367 4925 462 4994 major
475 4941 518 4999 ea,
534 4944 583 4984 rex
597 4932 726 4988 maxims
742 4950 859 5007 rerum3

176 5008 227 5061 list
242 5006 336 5078 magis
351 5011 450 5082 ampla
464 5028 519 5070 suc
534 5019 651 5074 sarcina
666 5019 741 5078 facta
752 5021 824 5080 icco.

139 5091 201 5149 Nox
216 5108 249 5150 ea
259 5110 332 5166 pene
347 5098 421 5168 dies,
439 5101 572 5177 nullique
586 5109 716 5166 secunda
729 5111 855 5186 dierum,

175 5183 239 5248 Qua
252 5187 332 5243 Daue
346 5186 482 5248 induitur
496 5208 593 5266 carne,
610 5212 734 5273 caroque
748 5206 815 5259 Deo.

174 5321 231 5397 tid)
247 5323 357 5386 Horum
378 5347 511 5392 rensuum
525 5335 593 5396 fiais
607 5337 784 5400 laceratione
796 5343 856 5403 lolii
870 5345 962 5416 deest,

139 5406 226 5522 m
240 5401 271 5452 ut
287 5400 436 5483 potuimus
451 5422 486 5461 ex
503 5405 714 5496 ultimalittera
728 5416 883 5486 conjicere,
899 5433 963 5490 per·

231 5484 275 5525 us.
293 5469 395 5530 Videat
410 5475 500 5534 lector
514 5485 614 5537 utrum
630 5482 753 5541 feliciter

177 5538 233 5611 (ib)
243 5540 330 5600 Deest
344 5545 767 5625 iumanuscriptoiaceratioue
776 5559 837 5615 folii
848 5559 964 5616 initium

978 3133 1091 3197 iePerre
1117 3137 1198 3195 subit
1221 3138 1352 3210 grando;
1368 3151 1435 3208 poss
1459 3135 1589 3192 brucbus
1604 3134 1692 3191 dente
1714 3133 1838 3190 nefando

1013 3230 1096 3287 Nona
1111 3227 1181 3300 tegit
1195 3226 1287 3284 solem
1302 3243 1309 3294 ;
1325 3226 1449 3298 primam
1466 3230 1550 3280 vexat
1564 3224 1666 3280 ultime
1678 3221 1808 3296 prolem.

1276 3313 1396 3371 CXXill.
1417 3314 1454 3370 lic
1467 3312 1574 3385 loscpb.

1299 3405 1349 3474 (Ex
1362 3403 1464 3460 eodem
1485 3403 1553 3473 ms.)

1015 3498 1097 3554 Patre
1111 3499 1233 3552 vocante
1248 3491 1455 3565 iosepb,venit
1469 3491 1528 3559 bic,
1544 3495 1627 3565 paler
1641 3488 1841 3563 imperatilii:

1014 3588 1094 3644 Vade
1109 3585 1234 3656 Sicbem,
1251 3585 1413 3653 fratresque
1432 3584 1512 3649 tuce,
1528 3581 1717 3654 pecudesque
1737 3579 1840 3637 revise.

1014 3678 1099 3734 Venit
1114 3675 1221 3742 iibrcn,
1236 3673 1384 3744 intratque
1399 3671 1587 3743 sichem,ncu
1603 3671 1715 3727 invenit
1729 3668 1791 3726 illic

1015 3771 1073 3823 Aut
1089 3781 1185 3838 pecus,
1202 3768 1251 3820 cut
1267 3764 1380 3819 iratres.
1391 3760 1477 3818 Videt
1492 3760 1570 3816 bunc
1585 3773 1681 3815 errare
1693 3772 1841 3831 peragras

1016 3855 1163 3924 Rusticus,
1179 3858 1208 3909 et
1222 3852 1328 3924 quaerit
1344 3850 1414 3923 quid
1430 3856 1549 3921 qureret.
1563 3847 1700 3904 Reddidit
1711 3845 1781 3903 iiie:

1015 3946 1131 4004 Fratres
1146 3959 1246 4015 quero
1261 3957 1352 4008 meos,
1369 3940 1416 3996 dio
1431 3938 1525 3996 sicubi
1542 3937 1657 3995 noveris
1668 3952 1745 3993 esse.

1017 4033 1130 4103 Nescio,
1146 4031 1295 4105 respondit
1308 4050 1315 4100 ;
1329 4029 1449 4086 memini
1469 4034 1566 4084 tamen
1583 4027 1652 4083 inde
1666 4025 1824 4100 loquentes

1016 4124 1063 4181 Sic
1078 4122 1205 4179 dixisse:
1222 4121 1344 4193 Gregem
1363 4117 1495 4176 Dotbeim
1518 4117 1661 4174 ducemus
1675 4115 1705 4170 in
1722 4114 1841 4171 herbas.

1016 4217 1078 4282 Quo
1111 4215 1284 4286 properante
1316 4207 1438 4281 ioseph,
1466 4211 1495 4265 et
1518 4207 1614 4263 adbuc
1642 4204 1746 4279 procel
1774 4204 1844 4260 inde

1667 4294 1806 4367 [remota

1017 4393 1167 4454 Fratribus
1182 4399 1224 4448 est
1239 4391 1340 4458 visus;
1357 4405 1414 4461 quo
1428 4387 1491 4444 viso
1506 4384 1700 4443 consiliantur

978 4479 1001 4545 b
1017 4484 1052 4542 Ut
1068 4483 1213 4556 perimant
1228 4480 1322 4535 illurn.
1338 4477 1387 4534 Sic
1400 4481 1429 4534 et
1443 4477 1479 4532 de
1492 4476 1579 4531 fratre
1593 4471 1778 4545 loquuntur:

1014 4575 1057 4631 iic
1072 4572 1151 4629 venit
1165 4569 1214 4626 ilia
1228 4567 1348 4641 ioseph,
1365 4566 1415 4640 qui
1432 4564 1546 4622 somnia
1561 4563 1634 4620 vidit
1645 4581 1653 4631 ς
1665 4574 1781 4632 eamus,

1016 4663 1224 4722 Interimamus
1239 4676 1319 4725 eum,
1335 4657 1377 4714 sio
1392 4656 1505 4713 scilicet
1518 4653 1703 4727 experiemur

1016 4753 1090 4820 Ouid
1106 4767 1159 4808 sua
1173 4751 1350 4821 portentant,
1367 4745 1411 4804 vel
1426 4745 1495 4816 quid
1513 4742 1567 4801 cibi
1583 4741 1700 4799 somnia
1715 4739 1843 4812 prosint.

1015 4842 1120 4901 intulit
1135 4842 1193 4897 ista
1208 4839 1321 4908 Ruben,
1338 4852 1416 4892 uuus
1432 4835 1466 4890 de
1483 4833 1640 4890 iratribus:
1657 4829 1762 4888 Absitl

1017 4932 1055 4989 Ut
1070 4932 1172 4988 iratres
1188 4929 1307 4985 fratrem
1325 4925 1481 4999 perimant,
1498 4922 1548 4980 sed
1565 4921 1739 4994 projicietur

1017 5023 1108 5079 Vivus
1123 5021 1151 5077 in
1168 5018 1246 5075 hunc
1260 5021 1379 5090 puteum
1392 5035 1399 5083 ς
1410 5015 1530 5086 puteum
1544 5006 1847 5067 monstraverstillis.

1018 5116 1092 5167 Dum
1108 5104 1341 5178 dubitent,dubii
1357 5102 1426 5175 quid
1442 5099 1847 5174 agaut'diversaloquuntur.

1017 5201 1061 5258 Ire
1075 5199 1176 5256 uideat
1189 5197 1323 5253 homines
1337 5190 1494 5266 quosdam,
1505 5206 1580 5262 quos
1595 5189 1637 5245 ire
1651 5188 1790 5245 videntes

1020 5345 1122 5401 borum
1138 5357 1188 5399 sex
1201 5355 1351 5406 versuum,
1362 5335 1441 5410 quod
1456 5334 1492 5391 ed
1508 5343 1637 5392 meatem
1653 5331 1800 5405 auctoris,
1817 5335 1849 5389 at

1017 5420 1169 5489 putamus,
1182 5411 1395 5484 supplevimus.

1066 5488 1110 5557 ii)
1125 5489 1208 5558 fleg,
1221 5483 1379 5555 infectoque
1387 5481 1500 5550 tottam.

1066 5559 1110 5631 ⁴8)
1126 5557 1159 5614 iii
1175 5556 1232 5613 duc
1247 5569 1350 5612 versus
1365 5552 1473 5608 desunt
1486 5547 1518 5604 iu
1531 5544 1630 5619 Regio.
