3802 6030
64 212 142 272 1301
748 214 785 274 D.
808 215 840 275 S.
863 213 1091 280 vltteuu'ulo.
1695 232 1775 299 l202

61 345 171 400 castus
181 357 265 399 amor
281 340 379 412 legum
395 343 492 397 movet
504 341 534 397 ln
549 357 603 399 nos
619 342 719 416 prelia
734 359 849 418 regum,
908 345 1042 413 Aludea
1058 352 1193 421 surrexit,
1210 353 1262 427 qut
1277 353 1392 428 plebem
1407 372 1460 430 pro
1473 361 1554 430 patre
1569 360 1654 434 rexit,

58 433 189 505 Regibus
203 430 301 498 iratis,
317 447 350 487 cc
361 430 492 500 nlldaite,
511 446 547 487 ne
562 431 692 491 timeatis
710 453 717 506 3
946 436 1109 515 Relligione
1124 460 1218 515 sacer,
1238 444 1287 518 qui
1303 443 1381 502 bello
1393 446 1499 504 claruit
1513 463 1602 508 acer:

65 521 163 578 Fortis
178 519 304 579 bellator
317 525 395 578 Deus
410 519 493 576 vobis
509 521 677 580 auxiliator.
944 528 1069 603 Corpore
1085 533 1235 604 robustus,
1253 533 1410 609 vultusque
1427 537 1530 595 decore
1543 549 1697 612 venustus,

64 612 144 670 Gens
160 628 235 679 mes,
253 627 289 667 ne
303 627 424 684 spernas
441 611 513 668 ritus
529 612 666 685 legesque
688 616 836 687 paternas,
945 617 1047 677 Mortis
1062 629 1256 699 contemplor,
1271 627 1388 700 generis
1407 627 1568 703 patrieque
1593 630 1772 708 redemptor,

60 701 174 760 Secula
187 702 337 774 perlustra
353 718 361 768 ;
378 706 448 756 tunc
463 716 622 773 cognosces
637 703 709 776 quia
729 703 838 760 trustra
944 706 1094 780 euidenti,
1107 713 1283 786 utlagimus,
1293 733 1374 789 apem
1386 734 1473 790 posse
1481 735 1633 793 resurgere
1643 722 1770 795 primus.

61 790 154 847 Nemo
171 795 261 847 Deum
276 790 379 856 credit,
402 790 504 847 neceb
519 792 584 861 ejus
600 788 663 865 lege
682 791 802 849 recedit.
943 798 1040 856 Armis
1056 799 1216 861 bellantum
1234 807 1403 864 succinctus
1418 824 1499 864 more
1513 808 1679 882 gigantum,

60 880 211 938 Alrrabsm
228 885 357 936 tentatus
373 879 438 946 luit,
454 885 482 935 et
498 880 639 937 tentando
655 882 814 953 probatus:
942 890 1075 962 sumpsit
1089 892 1221 966 loricam,
1238 900 1414 970 gentemque
1431 898 1530 955 minax
1549 897 1703 960 inimicam

57 971 167 1043 ioseph
182 969 465 1043 mendicus‚pstiens
476 969 800 1042 lamenlalquequietue.
943 978 1063 1050 Stravit,
1078 983 1411 1061 submersitpstrieque
1426 1003 1486 1045 sua
1501 989 1607 1061 probra
1624 992 1716 1050 tersit.

65 1060 222 1118 Peccatum
234 1059 354 1134 sprevit,
370 1060 419 1116 sed
438 1060 545 1117 obboc
560 1059 720 1129 eosgloria
735 1060 836 1121 crevit.
942 1068 1033 1139 cnjus
1049 1069 1107 1126 rita
1122 1070 1229 1142 brevis,
1245 1076 1296 1131 sed
1311 1080 1443 1143 strenua,
1460 1076 1511 1135 sed
1527 1078 1592 1136 sine
1608 1081 1708 1150 neus,

62 1151 103 1208 De
116 1151 241 1209 Phineas
255 1151 360 1218 nostis,
378 1150 447 1223 quia
464 1149 584 1207 luxurie
600 1151 656 1207 l'uit
668 1150 773 1220 hostis,
942 1156 1053 1214 Nomen
1069 1159 1099 1215 in
1115 1165 1258 1220 eternum
1274 1165 1434 1222 transvexit
1448 1167 1483 1223 ad
1500 1172 1580 1225 astra
1601 1173 1770 1243 paternum.

62 1239 124 1306 Ouo
140 1240 333 1297 confirmatus
349 1239 436 1295 luerit
448 1240 504 1296 sibi
521 1240 720 1312 pontificatus.
943 1247 1035 1319 Hujus
1050 1254 1173 1309 conatus
1188 1255 1221 1308 ut
1235 1252 1410 1326 Apollonius
1425 1255 1587 1315 sceleratus

59 1329 149 1388 Jesus
164 1332 334 1389 confortans
345 1329 498 1403 populum,
515 1332 707 1405 requiemque
723 1336 888 1407 reportans,
942 1338 1075 1394 Primum
1091 1341 1236 1413 cognovit,
1250 1341 1279 1398 in
1295 1358 1363 1400 eum
1379 1344 1505 1402 tentoria
1518 1347 1621 1417 movit,

61 1421 131 1477 Plus
146 1421 213 1478 aliis
227 1420 308 1491 vixit,
325 1419 476 1493 solemque
493 1439 547 1477 sua
562 1438 647 1495 prece
659 1422 734 1482 lixit.
940 1426 1049 1483 tndem
1065 1444 1132 1485 cum
1148 1434 1235 1504 genle
1249 1449 1373 1506 sperans
1392 1433 1489 1493 delere
1504 1441 1633 1508 repenle.

59 1512 137 1570 Dum
154 1512 226 1569 bene
240 1512 373 1578 confidit,
394 1511 456 1568 lieri
471 1512 558 1570 Celeb
574 1514 675 1571 omnia
688 1515 771 1574 vidit.
939 1516 1031 1574 Judas
1047 1520 1204 1591 praescivit,
1221 1528 1337 1597 gentem
1350 1530 1444 1599 peret,
1461 1525 1566 1584 obuius
1579 1527 1641 1601 ivit,

58 1603 129 1659 ulia
144 1603 238 1676 pietas
254 1600 344 1658 lalsos
358 1602 528 1675 perimendo
549 1604 719 1678 propbetas,
939 1605 1100 1683 Pugnaque
1114 1613 1276 1671 conseritur
1292 1632 1299 1683 ;
1313 1615 1420 1688 gladiis
1435 1615 1505 1674 binc
1520 1617 1589 1675 inde
1605 1617 1731 1677 feritura

62 1693 137 1748 Dum
152 1691 227 1747 zelat
242 1690 348 1758 velum,
367 1692 475 1747 meruit
486 1695 683 1750 conscendere
698 1694 814 1752 coelum.
902 1717 925 1783 B
942 1696 1012 1754 Vicit
1027 1706 1196 1770 veronens,
1213 1703 1354 1776 milesque
1369 1704 1421 1762 Dei
1436 1705 1632 1765 Macbebaeus.

60 1781 133 1847 Quis
151 1782 226 1838 Deus
242 1780 475 1838 estvesterDeus
488 1783 631 1855 approbat
642 1801 649 1853 ;
662 1782 886 1842 indicatssstber
941 1789 1019 1844 cesa
1035 1789 1233 1865 malignorum
1249 1809 1316 1867 pars
1333 1794 1470 1866 maxima,
1486 1796 1546 1853 dux
1560 1802 1590 1855 et
1604 1813 1718 1870 eorum,

59 1873 91 1928 ln
108 1870 203 1937 libris,
219 1875 351 1928 veterum
367 1871 437 1928 vivit
452 1871 545 1945 pietas
560 1872 725 1933 mulierum.
941 1876 1031 1942 Quem
1045 1878 1137 1936 iudas
1152 1880 1266 1948 stravit,
1279 1882 1432 1956 gladioque
1444 1900 1497 1944 suo
1512 1885 1657 1961 spoliavit,

58 1962 111 2019 His
126 1961 288 2031 informati,
306 1979 370 2019 mea
382 1963 481 2019 dulcia
495 1966 631 2038 pignora,
653 1965 725 2033 nati,
941 1969 981 2022 Ac
997 1967 1026 2022 in
1042 1983 1076 2024 eo
1092 1969 1227 2044 princeps
1243 1972 1331 2047 coepit
1344 1989 1476 2048 pugnare
1491 1975 1642 2052 deinceps,

58 2061 171 2125 Aspera
186 2069 309 2127 quaeque
323 2054 384 2126 peti
400 2053 464 2110 sitis
480 2070 533 2125 pro
547 2054 611 2128 lege
627 2055 730 2129 parati,
941 2053 1063 2130 Duxque
1078 2057 1166 2116 Sernn
1182 2059 1276 2118 tristis
1287 2062 1380 2134 judex
1395 2065 1583 2124 successibus
1598 2066 1677 2139 istis,

56 2141 239 2215 Consiliique
253 2142 324 2199 boni
338 2143 499 2215 primatum
516 2144 553 2200 do
570 2145 711 2214 Simeoni,
942 2142 1089 2203 Finitimia
1103 2147 1219 2206 cunctis
1234 2165 1319 2223 prece
1334 2149 1377 2209 uel
1392 2152 1487 2226 pretio
1502 2153 1559 2210 sibi
1570 2154 1694 2227 junctis,

56 2232 252 2305 Delectusque
268 2248 352 2289 meus
367 2233 429 2290 lera
444 2233 519 2290 bella
534 2240 616 2308 gerat
631 2236 827 2296 Macbebeue.
941 2233 1033 2292 Morte
1048 2236 1131 2295 ducis
1146 2237 1219 2295 oleri
1234 2241 1409 2314 properabat
1422 2241 1580 2316 glorillcari
1597 2261 1604 2313 ;

59 2322 218 2398 Dispositis
233 2323 333 2391 rebus,
348 2327 622 2401 consummatisque
637 2328 753 2398 diebus,
941 2324 1072 2400 Cumque
1081 2329 1309 2402 propinquasset
1317 2331 1472 2403 Bethoron,
1483 2337 1512 2392 et
1523 2337 1620 2393 caetra
1627 2334 1766 2408 locasset,

56 2414 222 2487 Virjustus
234 2414 370 2486 moritur,
382 2416 527 2490 juxtaque
542 2423 655 2491 patrem
680 2419 831 2493 sepelitur.
941 2415 1041 2490 Surgit
1054 2416 1085 2475 in
1100 2434 1252 2478 occursum
1266 2419 1369 2491 iudas,
1384 2426 1413 2481 et
1424 2439 1497 2496 gens
1512 2441 1567 2483 sua
1581 2442 1712 2484 sursum.

57 2505 131 2563 Cum
146 2502 267 2578 planetu
282 2520 385 2579 magno
401 2505 497 2581 legum
514 2510 635 2565 custode
650 2509 777 2584 sepulto,

57 2691 1766 2742 ww

251 2908 392 2980 ¹²⁴8
430 2899 751 2999 INCIPIUNT
773 2898 1014 2999 VERSUS
1040 2902 1123 2999 DE
1149 2903 1196 3002 S.
1227 2903 1579 3004 VINCENTIO.

57 3204 102 3280 (Β.
125 3221 181 3266 ms.
197 3207 296 3267 codice
311 3207 482 3268 monasterii
504 3211 534 3266 s.
550 3206 672 3265 Mariani
687 3205 970 3371 [Autissiodorensis)
986 3208 1050 3266 ord.
1076 3208 1378 3279 premonstratensis,
1404 3225 1473 3268 ann.
1492 3207 1610 3268 ulrclter
1623 3207 1768 3284 quingen·

849 3300 957 3356 torum·
1862 3300 1865 3305 ’

894 3523 932 3553 fl

61 3676 155 3744 Quam
172 3674 262 3732 nimis
276 3674 401 3732 insanus
413 3689 520 3748 preses
536 3674 625 3732 luerit
639 3673 796 3745 Daeinnus,
907 3670 929 3741 c
944 3668 1047 3727 ’I'antis
1062 3672 1184 3743 temque
1198 3668 1284 3729 bonis
1299 3670 1383 3729 floret
1393 3668 1509 3728 munita
1520 3667 1661 3744 patronis.

60 3767 106 3821 Ita
119 3764 264 3822 scelerum
278 3765 369 3837 gestis
384 3763 463 3821 illius
478 3763 553 3821 scire
567 3763 702 3838 potestis.
941 3758 992 3816 His
1007 3758 1100 3832 igitur
1114 3759 1214 3829 tentis,
1231 3760 1309 3817 sieut
1318 3758 1404 3832 lubet
1418 3759 1462 3817 lra
1476 3759 1614 3830 furentis,

61 3853 115 3910 Hic
131 3855 208 3926 apud
223 3854 368 3927 Hispanos
382 3854 457 3910 ritus
472 3853 628 3910 recolendo
643 3853 782 3926 prolsnos
943 3852 978 3905 Et
988 3852 1071 3921 pater
1085 3851 1114 3904 et
1125 3847 1243 3920 juvenis
1259 3852 1418 3924 properent
1431 3863 1584 3908 occurrere
1594 3847 1699 3922 poenle.

58 3941 198 4000 iusserat
211 3944 320 4016 inquiri
333 3945 357 4000 si
377 3944 452 4000 iorte
467 3948 577 4016 queant
592 3941 713 4015 reperiri
943 3937 1003 3995 lllis
1019 3938 1127 3996 oblatis
1142 3938 1184 3996 ait
1197 3940 1307 3998 arbiter
1320 3939 1480 4016 impietatis
1497 3956 1505 3998 z

61 4034 117 4100 Qui
133 4031 282 4089 Christum
299 4035 430 4100 credant,
447 4050 500 4089 nco
515 4034 551 4089 ub
568 4033 623 4089 boc
637 4030 889 4089 errorsrecedsnt.
943 4031 1016 4101 Ergo
1030 4045 1082 4086 vce
1097 4027 1169 4086 estis
1185 4045 1240 4103 per
1251 4046 1326 4104 quos
1340 4030 1419 4088 uenit
1434 4030 1495 4086 beo
1505 4047 1580 4087 nova
1593 4029 1696 4104 pestis,
1786 4046 1789 4051 ·

62 4121 123 4179 Hos
138 4123 263 4195 graviter
278 4123 362 4194 plecti
378 4127 553 4197 preceperat
567 4139 600 4178 ac
610 4121 643 4195 [f.
658 4119 720 4193 aut]
734 4121 790 4178 cito
803 4121 889 4178 decli.
944 4124 978 4176 ut
991 4119 1136 4177 scelerum
1153 4120 1265 4178 morbis
1280 4138 1382 4179 errans
1397 4121 1590 4179 contunditur
1607 4121 1686 4178 orbis
1703 4121 1714 4175 l

65 4213 125 4269 Lex
140 4229 203 4285 qua
220 4212 331 4269 celatur
345 4213 418 4269 nibil
435 4219 489 4285 est,
506 4213 583 4270 valet
598 4216 631 4269 ut
647 4211 780 4268 videatur
943 4213 1015 4270 iude
1029 4210 1093 4268 suis
1109 4212 1206 4268 lature
1224 4212 1414 4286 Properanter
1429 4216 1552 4286 uterque
1568 4210 1712 4279 trabatur,

64 4307 163 4374 thue
178 4304 272 4376 magis
287 4305 386 4375 presit
401 4304 578 4374 communis,
595 4309 623 4361 et
638 4303 668 4360 in
683 4303 774 4360 medio
788 4302 836 4361 eit.
943 4303 1057 4375 llosque
1070 4307 1174 4360 calena
1191 4301 1260 4375 liget
1274 4302 1382 4374 grauis,
1397 4305 1426 4358 et
1440 4301 1487 4358 via
1501 4300 1588 4372 longa
1602 4299 1714 4371 fatiget.

65 4393 179 4451 Lumen
196 4400 260 4450 erat
277 4393 381 4450 mundi
397 4394 571 4452 Vincentius
588 4411 594 4452 :
610 4393 666 4452 isle
682 4393 799 4452 recondi
941 4393 977 4450 ut
996 4393 1094 4450 scelus
1110 4393 1166 4450 hoo
1181 4409 1270 4450 ausos
1285 4391 1419 4449 Valentia
1433 4405 1548 4450 earcere
1564 4389 1682 4447 clausos
1800 4386 1805 4396 '

65 4482 165 4556 Turpe
182 4484 322 4554 natasque
337 4488 432 4557 putat,
449 4485 573 4557 ideoque
590 4486 678 4542 latere
694 4485 814 4542 refutat.
942 4481 1195 4540 tonservstnobis
1211 4500 1218 4552 3
1234 4485 1347 4540 servate
1360 4480 1439 4555 quod
1455 4480 1568 4554 impero
1586 4478 1671 4537 vobis
1687 4501 1696 4548 ς

64 4573 114 4629 Sic
131 4572 221 4629 voluit
233 4573 291 4629 dici
306 4572 395 4640 Deus,
410 4579 510 4645 utpote
523 4591 628 4631 nomeu
646 4575 742 4632 amiur.
942 4573 1020 4638 Quos
1037 4574 1161 4631 tortasse
1177 4571 1250 4629 mori
1265 4588 1350 4644 paena
1363 4575 1499 4628 metuens
1514 4568 1625 4640 leviori,

62 4661 139 4719 Nem
154 4678 222 4720 uere
237 4662 308 4720 vicit
324 4665 404 4721 sicut
418 4663 517 4736 passio
533 4680 586 4721 sua
601 4665 683 4736 dicit,
942 4661 1016 4722 Mola
1031 4667 1209 4731 catenarum,
1223 4660 1372 4734 nimioque
1387 4661 1487 4719 labore
1501 4659 1614 4718 viarum

65 4752 140 4809 Cum
157 4753 230 4810 satis
245 4755 376 4809 attritam
393 4752 479 4810 solvit
494 4755 557 4810 sine
573 4753 714 4827 sanguine
728 4753 831 4825 ultam,
943 4754 983 4810 lte
995 4755 1251 4822 consummentur,
1270 4750 1327 4807 nisi
1342 4749 1437 4824 prime
1453 4750 1503 4808 diu
1525 4749 1701 4807 crucientur.

65 4842 90 4898 Α
107 4841 181 4899 lecto
196 4841 279 4898 molli
296 4842 402 4899 meruit
416 4859 505 4915 super
519 4843 626 4900 ethera
641 4843 715 4901 tolli.
943 4839 1081 4898 Concilus
1097 4841 1241 4909 ascendit,
1257 4847 1416 4898 aleonum
1431 4839 1525 4898 millte
1544 4839 1648 4898 tendit.

66 4929 211 4989 Notitiam
224 4931 331 4990 Christi
346 4932 466 4991 dederat
479 4932 613 4990 Valerius
628 4932 687 5003 isti,
944 4930 1039 5003 Hujus
1051 4930 1086 4987 ad
1102 4930 1259 4987 adventum
1275 4928 1373 4988 rabies
1388 4930 1494 4989 insana
1509 4930 1659 4989 furentum

66 5022 131 5086 Quo
146 5023 264 5079 doctore
279 5023 366 5091 bono,
395 5024 479 5092 duce,
496 5025 631 5096 presule,
648 5029 739 5096 patre,
769 5030 892 5100 patrono
907 5039 930 5106 g
946 5022 982 5078 Se
996 5021 1128 5094 gaudens
1142 5021 1260 5092 profert,
1277 5023 1306 5079 et
1324 5037 1372 5078 eos
1385 5020 1429 5077 uti
1440 5021 1571 5093 jusserat
1584 5019 1679 5078 oilert

66 5109 253 5169 Vincendum
269 5113 372 5170 didicit
387 5115 532 5171 mundum
548 5130 636 5187 quem
653 5118 751 5189 postea
764 5114 843 5174 eicit.
948 5110 986 5168 Ut
1006 5112 1085 5170 videt
1109 5112 1174 5186 bos,
1190 5111 1310 5187 inquit:
1331 5110 1386 5178 unt
1407 5114 1530 5171 numina
1558 5117 1659 5171 nostra
1683 5110 1771 5171 reliu-

66 5200 202 5258 Doctrina
218 5201 325 5270 clarus,
342 5203 470 5275 sapiens,
483 5209 513 5260 el
527 5203 564 5261 cb
581 5204 635 5261 boo
655 5205 711 5262 eibi
726 5221 822 5276 carus,
1647 5200 1735 5276 [quit.

68 5290 195 5366 Accepta
209 5310 280 5350 cura
294 5309 384 5366 super
402 5293 602 5351 ecclesiastica
612 5294 681 5366 jura
949 5291 1143 5366 occisumque
1157 5293 1238 5363 coiit,
1252 5292 1335 5351 vides
1350 5293 1522 5367 quisvivere
1537 5290 1609 5350 nolit
1624 5308 1632 5350 t

68 5384 126 5438 Pro
142 5398 211 5439 aene
227 5382 384 5457 supplebat
397 5384 475 5458 quod
492 5383 527 5440 de
542 5400 612 5442 sene
631 5383 796 5444 dellclsbst.
948 5383 995 5442 Sic
1011 5382 1081 5440 certi
1096 5382 1174 5457 sitis,
1190 5383 1247 5441 nisi
1262 5383 1428 5441 sacrificare
1447 5381 1552 5452 uelitis,

70 5467 196 5528 (laseris
209 5475 352 5546 Auguste,
369 5487 434 5546 que
449 5471 601 5547 relligione
624 5476 740 5531 uetusta
949 5473 1005 5532 llos
1020 5473 1125 5532 debere
1139 5474 1214 5532 mori
1228 5490 1299 5533 neue
1314 5492 1374 5551 qua
1388 5479 1489 5549 potero
1504 5471 1629 5546 graviori
1646 5489 1654 5541 ς

70 5564 195 5637 Propter
208 5562 349 5623 lectorem
366 5562 473 5622 retinet
487 5562 607 5622 lactoris
621 5562 774 5634 bonorem
948 5562 1005 5620 ead
1022 5563 1093 5622 dum
1109 5563 1152 5623 sie
1166 5564 1249 5637 eatis,
1265 5563 1452 5639 quodadbuc
1465 5562 1632 5633 licetatqns
1638 5554 1772 5634 potestis,
1881 5532 1894 5643 ’-
