3802 6030
97 243 176 312 isse
669 240 828 304 cseusu
849 240 888 304 in
911 240 1050 305 essuos
1072 244 1222 310 escon.
1720 204 1804 312 'osis

95 378 171 439 Arse
185 393 253 435 cum
268 375 374 448 bobus,
386 376 565 451 plaustrum,
577 376 651 451 juge
665 379 737 435 suut
746 378 882 442 Arruns,
936 374 1084 443 ANullus
1099 394 1176 447 oves,
1194 379 1306 452 pisces,
1323 395 1435 449 cervos,
1451 395 1573 452 cupreus
1587 380 1766 451 numerabit,

134 467 232 527 Gratis
247 475 276 524 et
289 467 350 524 lise
366 468 426 541 regi
443 467 504 524 vult
520 467 727 525 Areuuadure.
1014 466 1077 524 Sive
1092 470 1169 526 teres
1184 469 1269 539 elius,
1286 486 1363 541 quse
1377 470 1513 526 Salomon
1531 469 1668 527 comedit.

98 558 219 618 Tradite
235 575 301 614 oum
318 557 413 614 bobus
428 558 521 631 pretio
538 562 589 613 tuit
604 574 671 613 erse
683 556 754 630 regi,
979 555 1073 614 Mittis
1087 561 1312 634 quadrupedum
1326 560 1463 616 duodeno
1478 560 1644 631 quibusque
1659 560 1764 620 diebus

134 649 212 716 Quos
229 648 269 705 ibi
285 665 335 706 rex
350 647 457 716 adolet,
475 650 565 720 litque
580 646 661 705 sulus
676 645 787 720 populi.
1017 650 1072 706 lien
1086 650 1221 706 Salomon
1238 652 1333 722 puscit
1347 666 1477 723 congrus
1492 649 1646 706 militibus.

977 737 1069 796 Millis
1084 739 1160 796 dens
1174 746 1277 812 quator
1291 744 1362 796 sunt
1377 741 1601 813 quadrupedum
1626 738 1802 811 Solomonis,

1015 829 1083 894 Qus
1098 831 1178 886 cibet
1192 832 1322 898 assidue,
1339 832 1471 887 curribus
1485 837 1553 903 epta
1567 831 1640 889 suis.
1890 826 1893 831 ’

307 900 345 957 IN
374 898 512 957 LIBRUM
537 898 712 957 TERTlUM·
979 921 1070 975 Arme
1085 920 1192 994 quibus
1207 919 1343 977 Solonion
1359 919 1461 976 tribuit
1476 927 1641 992 vestesque,
1661 919 1801 993 cibosque

93 1010 230 1084 Frigidus
246 1014 291 1067 est
305 1009 404 1079 David,
418 1007 498 1083 quod
514 1008 582 1066 iecit
600 1008 683 1082 pigre
700 1010 826 1076 senecta,
1015 1015 1089 1066 sunt
1104 1011 1237 1084 equitum
1253 1011 1363 1067 bissex
1379 1009 1471 1066 millis
1486 1027 1602 1083 queque
1617 1010 1674 1068 die.

130 1099 189 1157 Nec
205 1098 318 1157 solidus
335 1097 397 1155 lieri
412 1103 492 1154 reste
508 1104 603 1171 potest
617 1096 724 1171 ulique.
978 1100 1089 1157 Cuncta
1100 1099 1200 1158 domet
1216 1099 1332 1168 mulier,
1348 1099 1458 1170 quiete
1474 1098 1641 1173 (sepientis)
1655 1097 1755 1159 vineit.

94 1188 269 1263 Virginibus
285 1187 418 1261 pulchris
434 1195 576 1262 prestans
592 1187 699 1261 Abisag
714 1186 877 1244 Sunamitis
1013 1190 1134 1258 Quando
1144 1192 1214 1248 deos
1224 1190 1360 1248 Salomon
1375 1192 1469 1247 victus
1485 1207 1584 1246 umore
1598 1188 1675 1247 colit.

132 1279 206 1335 Cum
223 1294 293 1336 scus
308 1294 375 1352 rege
386 1278 475 1350 iacet,
492 1293 579 1351 quem
596 1277 675 1334 cibet
687 1283 775 1349 atquc
790 1278 875 1333 torst.
976 1282 1127 1341 Sidoniam
1156 1280 1326 1352 Astarthsn,
1355 1280 1479 1337 chamos
1508 1280 1601 1349 uosb,
1626 1285 1655 1336 et
1682 1277 1798 1339 Motoch

95 1368 190 1439 Plebs,
206 1368 291 1432 loeb,
307 1366 449 1424 Abisthsr
464 1382 562 1440 regem
579 1367 688 1423 fuciunt
703 1367 867 1437 Adonism3
1647 1368 1789 1442 [Ammon

130 1460 238 1529 David,
252 1463 283 1515 ut
298 1459 428 1530 agnovit,
445 1475 481 1515 ne
498 1459 581 1514 tieret
595 1458 696 1515 vetuit.
1012 1462 1091 1529 Quos
1105 1478 1161 1518 sus
1176 1465 1268 1534 nupta
1282 1460 1353 1518 deos
1367 1460 1431 1534 ipse
1445 1457 1515 1517 colit
1529 1456 1680 1514 Salomon.

95 1549 130 1606 dt
142 1549 226 1620 jnbst
243 1547 274 1604 tn
287 1565 385 1620 rogem
400 1548 457 1605 sict
475 1547 616 1605 substitui
631 1546 826 1605 Salomonem.
976 1552 1013 1612 Ut
1023 1552 1189 1626 chlamydis
1204 1553 1249 1608 his
1265 1567 1315 1608 sss
1328 1551 1477 1607 scissuras
1493 1548 1561 1606 tecit
1574 1547 1693 1616 echios,

131 1638 256 1695 Ducitur
266 1636 315 1695 ille
330 1638 437 1706 Gihon,
453 1654 503 1695 rex
515 1637 556 1695 ibi
572 1637 604 1694 ei
615 1635 764 1694 Salomon.
1010 1642 1106 1701 iussit
1120 1650 1151 1698 nt
1165 1641 1233 1698 inde
1248 1639 1361 1709 decem,
1377 1639 1544 1708 Jerobosm,
1561 1637 1670 1710 cupies.

94 1729 173 1786 Dum
188 1730 269 1785 tenti
283 1726 384 1784 ulteris
400 1743 489 1784 cornu
504 1727 656 1801 trepident
669 1725 809 1784 Adonin·
935 1745 959 1813 Β
978 1733 1038 1791 Rex
1053 1733 1189 1790 Selomon
1205 1731 1340 1799 moritur,
1359 1728 1464 1803 sepelit
1477 1734 1564 1785 ustus
1578 1743 1650 1783 suus
1664 1724 1760 1796 illum,

132 1819 252 1877 lllsndst
267 1819 293 1876 ei
308 1817 445 1877 Salomon
464 1835 472 1877 t
491 1819 546 1877 Fso
562 1819 646 1889 bene,
662 1819 831 1876 netimeas.
1009 1823 1062 1888 Qui
1076 1822 1206 1880 llobosrn
1221 1820 1317 1877 dictur
1333 1821 1389 1877 lert
1405 1819 1541 1875 disdems
1556 1833 1654 1876 suum.

94 1910 208 1967 Ductus
222 1908 257 1966 sd
270 1912 432 1966 extremum
448 1908 539 1966 stid
551 1908 638 1980 lubet
652 1907 708 1964 boc
722 1906 884 1977 Sslomoni,
973 1911 1063 1970 lsrsel
1082 1912 1105 1967 it
1119 1927 1186 1968 cum
1201 1910 1356 1967 lerobucm
1373 1927 1381 1980 3
1399 1908 1529 1965 Roboem
1546 1922 1661 1980 quoque
1676 1903 1771 1978 poscit

131 1999 169 2057 Ut
183 1999 279 2072 gladio
295 2000 412 2056 leudem
428 1999 478 2055 dol
491 1997 565 2055 J⁰⁸b
577 2003 606 2054 et
617 1997 724 2055 Semel·
1009 2008 1047 2062 ur
1058 2002 1134 2060 levet
1148 2003 1210 2074 ipse
1221 2002 1339 2074 jugum,
1353 2001 1431 2073 quod
1449 1998 1589 2056 Salomon
1605 1995 1713 2070 posuit.

93 2089 227 2148 ttoriuus
241 2097 285 2146 est
300 2088 391 2147 David
405 2108 413 2158 ς
426 2089 474 2146 ilet
488 2088 574 2156 luds,
592 2087 640 2144 flet
656 2085 746 2144 lsrael
761 2085 866 2159 illumg
972 2094 993 2150 Α
1014 2092 1143 2149 Robssm
1161 2090 1288 2165 quoesitu
1301 2104 1407 2146 senum
1423 2087 1570 2144 sententis
1587 2082 1690 2141 suadet

129 2178 212 2236 Hunc
224 2182 253 2235 et
268 2178 298 2235 in
314 2179 385 2236 urbe
402 2195 456 2235 sus
473 2193 523 2235 rex
537 2177 641 2252 sepelit
656 2175 803 2236 Salomon.
1008 2181 1045 2239 llt
1057 2179 1169 2254 plsccet
1185 2177 1312 2253 populis,
1329 2183 1359 2235 et
1371 2179 1442 2250 iugo
1455 2177 1530 2234 durs
1545 2175 1629 2233 levet.

94 2270 244 2337 Quatenus
261 2285 381 2326 uxorem
398 2268 489 2325 duces
504 2267 615 2341 Abisag
631 2266 812 2324 Sunamitem
974 2271 1131 2328 Insinusut
1141 2270 1265 2343 juvenes
1286 2284 1344 2326 non
1369 2283 1433 2324 esse
1457 2267 1567 2340 jugum
1596 2263 1809 2335 relevandum,-

129 2358 152 2413 tt
167 2354 322 2414 Solomone
336 2355 423 2429 petis,
440 2371 509 2412 mox
533 2355 647 2412 Adonis
661 2354 750 2426 peris.
1009 2362 1043 2419 lit
1057 2361 1187 2418 Robosm
1204 2359 1296 2417 credit
1311 2358 1443 2417 consiliis
1453 2359 1606 2431 juvenum.

93 2446 201 2505 tessus
216 2447 252 2504 sb
268 2447 352 2503 sttsct
369 2450 524 2519 postquam
539 2445 613 2503 tosb
629 2445 670 2502 irc
685 2449 810 2516 recusat,
971 2452 1039 2523 llos,
1055 2452 1185 2511 uobosm
1203 2452 1323 2524 protest,
1339 2450 1440 2523 eugris
1456 2455 1536 2522 puter
1552 2450 1622 2504 stite
1636 2443 1759 2514 cecidtt3

130 2537 214 2594 Hunc
230 2537 271 2594 ibi
287 2535 411 2594 Btntttt
426 2552 493 2609 rege
507 2535 627 2608 jubente
643 2541 736 2592 necti·
1006 2542 1062 2600 Ssd
1079 2541 1151 2597 mihi
1171 2558 1222 2614 pro
1237 2541 1349 2613 flagris,
1365 2540 1480 2612 scorpio
1498 2536 1609 2593 multus
1624 2537 1690 2595 erit.

93 2630 155 2685 Rex
171 2627 307 2701 probibet
322 2627 415 2684 Semei
431 2627 467 2682 de
481 2624 643 2682 Jerusalem
658 2625 822 2697 proticiscl;
971 2630 1038 2688 Sole
1052 2631 1150 2687 tribus
1164 2629 1248 2686 Judae
1263 2631 1323 2703 regi
1341 2629 1471 2685 Robosm
1488 2628 1648 2683 inmutetur
1663 2644 1670 2695 ς

128 2716 161 2773 ln
176 2717 249 2774 Geth
265 2717 327 2774 ubit
339 2715 445 2786 Semel,
463 2716 607 2789 rexjubet
623 2717 699 2771 bunc
716 2716 829 2788 perimi.
1007 2722 1085 2780 Dens
1101 2722 1196 2778 tribus
1212 2736 1308 2794 regem
1324 2720 1478 2780 lerottoum
1495 2717 1639 2790 sequitur.

94 2806 127 2863 ln
143 2805 262 2864 Guboon
279 2810 355 2862 Deus
370 2806 401 2863 in
417 2804 531 2863 somnis
545 2805 628 2862 visus
643 2804 810 2865 Salomoni:
969 2810 1040 2867 Vult
1054 2811 1184 2868 Adurem
1203 2810 1313 2867 missus
1328 2811 1456 2866 Roboem
1471 2809 1582 2865 deterre
1597 2806 1752 2874 tributum,

128 2901 170 2955 Tu
185 2903 260 2972 pete,
273 2897 410 2972 quodque
421 2902 514 2971 petes,
528 2897 584 2954 boc
600 2897 687 2966 dubo,
703 2898 779 2954 dixit
792 2897 829 2956 ei.
1004 2901 1059 2958 Sed
1074 2900 1182 2973 lepidst
1198 2901 1318 2957 veniens
1335 2899 1424 2956 isreel
1439 2897 1537 2957 omnis
1552 2914 1630 2954 eum.

92 2991 132 3044 Ut
144 2987 280 3045 Salomon
299 2989 383 3061 petiit
399 2986 454 3043 sibi
471 3003 529 3060 quo
544 2986 692 3061 sepientis
706 2991 810 3056 detuit
967 2990 1141 3049 Accelersut
1154 2997 1273 3047 centum
1289 2989 1379 3045 simul
1395 2993 1534 3060 octogena
1548 2985 1681 3043 virorum

127 3082 195 3134 fleo
209 3083 239 3136 et
253 3094 332 3150 opes,
350 3094 402 3134 neo
418 3094 475 3135 nou
492 3074 585 3150 glorie
601 3093 715 3133 surnms
731 3078 828 3137 detur.
1002 3079 1093 3136 llillis
1106 3094 1174 3135 cum
1191 3079 1320 3136 Robosm
1338 3078 1458 3149 perdere
1472 3076 1640 3133 lorobosm.

88 3168 177 3239 llum,
193 3167 308 3234 mulier,
324 3168 447 3239 dormis,
465 3167 519 3222 tibi
530 3167 660 3238 subripit
675 3166 767 3225 ulters
782 3168 889 3239 rivum,
970 3170 1093 3228 Nomine
1107 3168 1236 3224 Semeles
1251 3172 1331 3223 vetes
1344 3166 1398 3222 luit
1412 3183 1420 3230 ;
1436 3164 1485 3222 ille
1500 3173 1631 3221 cotervss

127 3257 266 3330 clamque
281 3273 367 3314 suum
383 3257 435 3313 tibi
452 3257 508 3314 lert
521 3256 686 3313 exanimem
704 3273 838 3329 puerum.
1005 3261 1043 3314 Ut
1057 3261 1099 3312 tot
1118 3257 1198 3312 abire
1213 3254 1301 3323 videt,
1316 3255 1410 3311 sicud
1424 3271 1473 3310 sus
1489 3253 1646 3326 perhibet:

90 3348 163 3406 Biuu
178 3352 253 3422 petit
268 3362 391 3420 puerum
408 3345 526 3415 mulier,
540 3345 737 3420 Sslomonqoe
751 3349 850 3405 necari
970 3346 1124 3420 lntogrites
1141 3345 1221 3419 regui
1238 3362 1289 3418 pro
1306 3343 1396 3401 Duuid
1410 3348 1473 3400 eret
1487 3342 1651 3408 Sslomeni,

125 3437 312 3510 lluncjubet,
328 3443 356 3493 et
372 3436 500 3493 medium
518 3441 619 3494 censet
634 3437 753 3511 utrique
768 3438 841 3497 dori.
1004 3436 1059 3492 Sed
1076 3435 1205 3492 Rubrium
1223 3433 1255 3490 iit
1271 3434 1364 3490 honor
1378 3450 1430 3508 pro
1445 3433 1601 3489 Salomone
1616 3430 1723 3488 minor.

92 3527 155 3587 Une
171 3534 267 3584 monet
282 3527 356 3594 tisri,
373 3531 451 3584 vetet
466 3527 568 3584 ultera.
586 3527 655 3599 Rex,
670 3544 715 3598 es,
731 3529 815 3599 dixit,
968 3525 1047 3584 luds
1061 3528 1239 3594 revertetur3
1258 3540 1314 3580 nen
1330 3523 1419 3580 lsrael
1435 3521 1634 3589 interimatur,

127 3618 228 3676 ΗΜ
248 3619 298 3675 list
315 3618 394 3689 pueri
409 3622 515 3683 meter,
531 3635 596 3693 que
612 3618 715 3692 perimi
732 3619 833 3677 vetuit.
1005 3617 1061 3674 Sed
1078 3614 1178 3674 sedeci
1193 3617 1311 3688 proprio
1325 3615 1479 3672 deroboem
1499 3613 1582 3670 sulio.

91 3711 181 3771 Fscto
195 3711 251 3766 tuit
265 3711 333 3766 telis
349 3709 465 3765 Domini
481 3710 588 3766 domus
604 3710 801 3782 sSelomone,
970 3705 1029 3764 Hoc
1043 3705 1133 3763 simul
1148 3705 1272 3772 audivit,
1288 3721 1440 3776 regressus
1452 3705 1527 3759 ludu
1541 3701 1654 3775 quievit
1670 3721 1678 3773 ;

129 3803 166 3856 Ut
182 3799 244 3855 lieri
259 3798 372 3854 nullum
390 3797 484 3871 possit
498 3815 573 3871 opus
589 3799 700 3856 simile.
1006 3796 1075 3852 Post
1090 3801 1188 3851 tumen
1204 3801 1249 3850 est
1264 3795 1359 3851 iectus
1374 3793 1528 3850 leroboem
1545 3791 1698 3864 reprobus.

89 3889 213 3946 listeris
228 3888 360 3961 lepidum
374 3887 487 3944 Domini
503 3888 610 3944 domus
624 3889 799 3959 edificetur,
969 3885 1011 3944 te
1028 3885 1144 3942 Domini
1162 3883 1401 3958 templumquod
1417 3883 1580 3941 Jerusalem
1609 3883 1696 3940 micet
1726 3896 1799 3939 sure
1890 3906 1893 3911 ·

130 3978 164 4035 tt
180 3977 296 4034 sonitus
312 3978 380 4033 terri
396 3977 496 4033 nullus
511 3976 551 4032 ibi
568 3977 694 4049 cripitur.
1006 3973 1189 4032 Conveniunt
1204 3974 1301 4047 plores
1317 3975 1405 4030 isreel
1419 3991 1454 4030 ex
1466 3972 1583 4046 populo.

95 4067 165 4123 Lete
180 4072 284 4139 quater
299 4064 397 4138 quiuis
412 4070 441 4119 et
457 4070 501 4118 ter
516 4063 599 4120 denis
616 4064 671 4119 luit
685 4061 755 4131 ulte,
969 4064 1125 4123 Jeroboam
1143 4066 1293 4121 metuitue
1309 4081 1397 4136 regne
1413 4064 1452 4120 sit
1464 4064 1624 4130 cariturus,

130 4153 187 4210 Sex
202 4153 299 4209 decies
314 4153 421 4208 cubitis
432 4151 520 4225 longe
533 4153 639 4208 domus
656 4151 777 4217 lubrice,
1007 4155 1037 4212 Si
1048 4171 1123 4211 suus
1138 4155 1173 4209 sd
1190 4155 1318 4211 enecas.
1334 4152 1489 4210 conveniet
1505 4144 1641 4224 populus.

94 4243 187 4317 Ligus
207 4247 311 4316 tegunt
325 4242 447 4313 abiegna
463 4249 572 4309 sotum,
591 4257 710 4297 murum
740 4242 812 4317 tegit
838 4242 920 4300 intus
971 4245 1050 4302 Artis
1065 4260 1140 4316 opus
1156 4246 1233 4300 mirre
1248 4243 1353 4299 vitulos
1369 4244 1446 4311 lucit,
1458 4247 1487 4299 et
1497 4241 1583 4311 jubet
1596 4240 1638 4297 ire

131 4332 251 4402 Cedros,
267 4337 297 4388 et
311 4349 345 4389 ex
361 4333 446 4388 cedro
463 4331 495 4387 tit
510 4331 658 4404 lequeeris
674 4348 749 4405 opus
1008 4338 1164 4395 Jerobosm
1181 4337 1314 4409 populos,
1330 4340 1362 4392 ut
1378 4334 1505 4392 recolunt
1519 4333 1636 4390 vitulos.

94 4422 188 4495 Ligna
202 4422 280 4479 ridet
298 4437 395 4488 nemo,
407 4421 457 4476 sed
475 4437 581 4492 purum
597 4422 856 4490 semitonorum,
974 4428 1088 4484 Aureus
1099 4428 1129 4483 in
1142 4427 1240 4484 Bethel
1255 4427 1366 4482 uitulus
1380 4429 1434 4493 est,
1451 4441 1504 4495 per
1517 4439 1590 4480 suus
1605 4423 1635 4478 in
1649 4426 1729 4492 Den3

129 4515 192 4581 Quo
207 4514 316 4587 tegitur
331 4515 462 4586 loqucsr,
479 4528 582 4569 murus
597 4518 624 4570 et
636 4529 723 4570 omne
739 4514 847 4570 solum.
936 4496 960 4563 D
1011 4516 1071 4574 lloo
1086 4533 1173 4589 opus,
1188 4515 1278 4588 hique
1293 4515 1346 4580 dii,
1360 4518 1431 4571 sunt
1446 4511 1676 4570 tibilerobosm.

93 4604 145 4661 llst
159 4603 268 4660 cubitis
283 4603 367 4658 denis
381 4603 520 4675 geminus
535 4601 645 4659 cherub
661 4604 749 4674 ultus,
761 4608 790 4660 et
805 4602 867 4661 eles
974 4606 1060 4663 Festa
1074 4607 1138 4662 dies
1153 4607 1261 4677 egitur,
1280 4621 1337 4677 quc
1353 4603 1430 4677 cogit
1445 4618 1564 4675 pergere
1579 4618 1678 4660 secum

129 4693 184 4750 Per
198 4692 315 4750 cubitos
332 4693 423 4749 denos
440 4691 543 4764 pendit
559 4696 681 4764 uterque
694 4692 779 4750 duss.
1009 4697 1163 4753 leroboutn
1180 4694 1279 4753 Bethel
1297 4693 1489 4767 multiplicem
1507 4693 1659 4767 populum.

93 4787 199 4841 Factus
211 4782 354 4840 olirurum
371 4781 608 4855 lignisgcrninus
623 4781 733 4838 cherub
749 4783 839 4852 intus,
974 4785 1078 4844 nee
1102 4784 1265 4842 ‘thurificet
1293 4783 1418 4841 vitulum
1451 4799 1501 4840 rex
1525 4782 1681 4842 lerobosm
1711 4800 1800 4858 super
1861 4804 1880 4867 g

133 4871 276 4930 Omnibus
291 4878 336 4929 est
350 4870 492 4928 membris
507 4887 615 4927 eureus
629 4871 768 4930 exterius.
1678 4874 1772 4951 [erem
1789 4890 1797 4930 ε

96 4963 151 5023 tls
160 4963 271 5021 cherub
287 4961 396 5036 gemini
414 4961 458 5018 sic
473 4977 592 5016 murum
608 4961 714 5034 tangit,
732 4966 765 5017 ut
779 4959 831 5018 ele
1009 4968 1083 5022 Ecce
1096 4963 1141 5021 vir
1155 4979 1189 5020 er
1203 4963 1281 5021 luda
1297 4962 1406 5021 clamet
1423 4966 1451 5021 et
1466 4963 1522 5023 hoo
1536 4965 1566 5021 in
1581 4980 1655 5023 eum.

133 5055 166 5112 ln
180 5054 275 5111 toedio
291 5052 391 5124 templi
409 5050 470 5107 sint
481 5051 536 5107 sibi
550 5051 704 5123 contigue.
974 5056 1023 5115 Vir
1034 5055 1132 5111 domui
1146 5054 1237 5112 David
1248 5053 1345 5111 losiss
1360 5056 1479 5113 nornine
1494 5061 1603 5128 surget,

95 5146 191 5205 Tenis
206 5144 295 5199 datur
309 5140 445 5206 Domino,
461 5139 599 5197 Salomon
615 5138 685 5196 dum
697 5138 814 5197 dedicet
827 5156 921 5216 orem,
1010 5144 1063 5212 Qui
1081 5161 1170 5217 super
1186 5145 1261 5202 bunc
1275 5161 1356 5201 crum
1372 5144 1524 5218 pontifices
1540 5144 1673 5218 perimet.

131 5232 233 5292 Hostia
247 5247 300 5305 ptr
313 5229 462 5304 populum,
481 5245 517 5286 110
532 5244 687 5285 numerare
702 5244 818 5302 queem.
975 5236 1035 5295 Hoc
1051 5235 1146 5292 ederit
1161 5234 1278 5306 signum
1297 5250 1304 5291 τ
1321 5234 1478 5291 scindetur
1493 5236 1626 5307 protinus
1640 5252 1701 5306 urs,

96 5322 190 5383 blillis
202 5323 272 5379 bins
288 5321 391 5389 boum,
406 5318 566 5388 virensque
582 5334 633 5390 per
647 5317 853 5390 Salomonem:
1012 5325 1048 5383 llt
1062 5324 1148 5380 cedet
1163 5323 1193 5379 in
1210 5328 1314 5380 terrum
1332 5323 1382 5397 qul
1398 5322 1473 5380 cinis
1488 5330 1533 5381 est
1548 5324 1577 5380 in
1592 5341 1637 5381 es.

132 5416 188 5469 Ast
203 5411 301 5468 ovium
317 5414 437 5467 centum
454 5415 523 5466 sunt
539 5408 608 5465 dete
624 5407 728 5482 bisque
743 5407 855 5470 decem.
976 5416 1036 5473 Rex
1050 5414 1127 5472 levet
1143 5412 1211 5471 inde
1228 5430 1360 5486 menum,
1375 5413 1523 5487 citiusque
1537 5411 1798 5489 ospijubetlllum;

100 5502 166 5562 Non
182 5501 282 5558 minus
297 5505 343 5557 est
358 5498 435 5555 eries
452 5497 505 5553 tibi
521 5515 610 5570 quem
635 5503 775 5556 centenus
789 5500 826 5557 sd
841 5515 921 5559 esum
1010 5507 1189 5563 ltoxmeuus
1204 5505 1287 5562 eride
1301 5503 1344 5570 tit,
1361 5520 1414 5561 nec
1430 5503 1538 5562 retrahi
1549 5504 1655 5577 potuit.

134 5594 206 5649 cum
218 5588 345 5646 novetur
357 5588 432 5644 ceno
449 5603 562 5661 quoquo
577 5587 634 5656 ors,
650 5585 807 5646 Salomon·
975 5595 1127 5655 scinditur
1140 5613 1191 5653 crs
1206 5594 1273 5666 ciro,
1290 5596 1365 5653 sicut
1379 5595 1423 5652 vir
1437 5595 1547 5652 otxerst
1561 5593 1622 5666 itis,
