3802 6030
51 296 127 361 1377
594 299 713 362 aluus
733 297 873 361 DlGTUS
895 294 1215 361 Meuusllfflous
1684 301 1762 363 1378

89 437 122 490 st
136 433 216 489 dolet
230 434 377 506 aspiciens
393 435 526 508 quantus
541 434 571 488 et
586 431 664 488 unde
679 431 774 503 cadat,
896 439 922 506 Α
938 429 1047 487 Saltem
1063 430 1212 487 blanditie
1228 435 1346 500 nostre,
1362 430 1516 505 crebrique
1532 434 1653 506 rogatus

14 528 16 532 ’
51 526 164 591 Longos
181 539 346 590 successus,
370 520 473 594 longos
489 523 606 577 lectuna
618 523 731 577 latores
971 519 1032 578 Nou
1047 525 1185 591 poterunt
1199 520 1338 594 populum
1355 538 1413 577 non
1428 523 1558 595 tetigisse
1573 523 1667 595 pium.

88 614 171 669 Punil
189 620 218 668 et
232 613 344 670 incesta
359 615 502 669 deteriore
519 612 595 669 malo
934 608 998 668 Non
1013 626 1047 667 ea
1062 611 1235 667 Romuleam
1251 612 1359 684 premit
1373 612 1561 668 inclementia
1576 618 1694 686 gentem

53 703 160 761 1806
174 703 309 776 Morsque
334 703 425 777 patris
441 703 555 760 meritis
570 707 599 760 et
614 701 753 759 leudibus
774 698 881 773 ingerit
970 699 1118 772 supplicis
1133 704 1165 756 ut
1179 702 1268 757 surda
1282 705 1400 774 respuat
1414 718 1485 758 aure
1500 719 1626 774 precem.

684 792 845 863 [umbram.
935 791 1114 848 crediderim
1131 808 1239 849 munus
1256 808 1363 865 magna
1378 809 1429 866 pro
1445 799 1525 865 parte
1542 797 1762 866 contemptum,

92 881 249 956 Multiplici
264 889 399 956 superest
414 882 500 939 unica
515 883 602 956 culpa
618 882 705 939 bono.
972 880 1045 936 Cum
1060 881 1139 937 color
1150 887 1179 938 et
1192 880 1291 938 vultus
1307 881 1473 955 blandaque
1486 882 1587 956 lingua
1602 887 1696 954 rogat.

55 973 216 1032 Damnator
230 972 310 1027 cbari
325 976 443 1045 eapitis,
459 975 585 1046 viteque
600 978 729 1045 paterne
937 968 1032 1042 Turpe
1048 987 1137 1043 super
1151 971 1237 1027 donis
1253 971 1436 1027 dubitabitur
1451 974 1527 1027 inter
1541 973 1664 1038 amieos,

91 1062 132 1119 Ex
145 1062 241 1134 rigida
258 1065 308 1117 lati
325 1062 388 1136 lege
402 1065 519 1120 l'uturus
533 1066 605 1120 erat.
974 1059 1009 1115 lit
1025 1074 1107 1115 mora
1121 1059 1250 1117 donandi
1266 1077 1324 1117 non
1341 1060 1403 1117 leve
1420 1061 1531 1117 crimen
1547 1061 1637 1117 babet

55 1154 196 1223 Emptum
213 1157 307 1208 morte
322 1154 400 1220 velit,
418 1160 450 1208 ut
465 1155 566 1210 eodem
583 1150 678 1207 limite
693 1151 793 1224 posset
939 1146 1067 1220 Occupet
1077 1154 1210 1206 orantem
1222 1149 1358 1221 placituri
1370 1151 1502 1206 muneris
1514 1150 1764 1225 actor[l.auclor],

93 1241 173 1295 Finis
189 1239 332 1313 principio
348 1241 484 1298 concolor
498 1258 563 1298 esse
579 1257 644 1297 suo.
974 1235 1075 1293 Ollicio
1091 1238 1175 1294 celeri
1192 1240 1288 1312 gratia
1303 1239 1399 1311 major
1413 1239 1478 1295 erit.

57 1327 87 1383 si
102 1329 146 1384 las
163 1328 321 1401 sideribus,
337 1331 361 1387 si
379 1332 421 1388 las
435 1331 555 1388 illudere
570 1327 682 1398 Parcis,
940 1328 1053 1382 Proluit
1067 1333 1095 1382 et
1110 1327 1189 1384 Latio
1206 1335 1305 1384 noster
1319 1328 1413 1395 labor,
1429 1316 1458 1386 e't
1474 1330 1647 1384 meritorum

95 1417 166 1474 Fata
181 1434 340 1492 necemque
357 1421 449 1491 patris
466 1419 687 1493 preveniemus,
704 1416 753 1472 eit.
975 1416 1037 1473 Non
1053 1418 1132 1473 venit
1144 1418 1180 1474 ad
1195 1434 1290 1474 mores
1305 1417 1397 1492 gralia
1413 1419 1503 1475 surda
1519 1417 1622 1474 bonos.

59 1506 152 1562 lloma
166 1509 340 1580 patricidam
357 1508 426 1577 dici,
442 1527 499 1567 nen
513 1526 578 1566 esse
591 1507 714 1574 videbit,
941 1504 1072 1563 Promovi
1088 1506 1167 1580 leges
1183 1506 1291 1576 Latias,
1307 1507 1444 1581 coluique
1460 1513 1605 1576 senatum,

96 1596 130 1651 Et
146 1597 270 1654 mendas
289 1613 396 1655 seusus
411 1600 540 1656 nominis
556 1598 647 1670 hujus
662 1594 727 1652 erit.
978 1600 1033 1652 Nec
1048 1612 1132 1652 meus
1145 1597 1173 1651 in
1190 1596 1301 1670 plebem
1319 1598 1503 1670 perniciosus
1518 1597 1622 1654 bonor.

58 1686 165 1744 Nostra
180 1687 249 1759 quid
266 1690 404 1747 ethereis
422 1707 505 1748 meos
521 1694 566 1745 est
581 1686 733 1761 cognatior
745 1683 845 1754 astris,
942 1682 1012 1749 Quis
1026 1685 1230 1759 Marius‘lquis
1240 1686 1336 1760 Scylla
1352 1686 1538 1761 potesllquis
1550 1685 1770 1746 dicerecesarl

95 1777 125 1833 Si
142 1778 221 1834 dura
234 1780 371 1838 Lachesis
387 1782 470 1837 triste
485 1794 606 1836 necesse
622 1779 706 1834 leret.
942 1774 1044 1831 18⁰7
1065 1776 1170 1832 Nullus
1184 1779 1215 1833 in
1231 1777 1365 1851 imperio,
1382 1777 1520 1849 nulleque
1534 1776 1605 1833 lese
1621 1793 1697 1834 meo.

60 1866 181 1924 Frustra
196 1870 365 1941 patricidam
382 1871 487 1926 divine
503 1868 611 1926 mentis
624 1865 779 1936 babemus,
939 1864 1002 1921 Nou
1019 1865 1127 1922 meruit
1142 1866 1285 1938 patricida
1301 1865 1373 1923 nibil
1389 1865 1577 1941 Carthaginis
1593 1865 1658 1922 alta

97 1957 128 2013 Si
143 1960 354 2030 sequestratio
372 1967 472 2017 nostra
487 1975 588 2017 cavere
603 1956 671 2014 sibi.
973 1953 1082 2022 Victor,
1096 1960 1125 2011 et
1139 1956 1276 2013 Alrarum
1291 1956 1498 2014 collabefactor
1512 1971 1611 2028 opum.

61 2046 263 2105 Sicelementa
275 2048 363 2119 Deus,
380 2050 423 2106 sic
438 2051 524 2124 ignea
539 2048 635 2105 sidera
649 2045 728 2117 lecit,
938 2042 1078 2100 Mentitoa
1092 2060 1147 2100 rex
1162 2049 1262 2102 nostra
1276 2044 1333 2103 sibi
1350 2062 1407 2103 nou
1423 2049 1542 2119 arrogat
1555 2048 1652 2113 ectus,

100 2137 136 2194 Ut
152 2155 246 2211 neque
259 2139 406 2198 sideribus
422 2141 561 2197 subditus
576 2143 655 2195 esset
670 2136 766 2194 honio.
974 2131 1089 2190 Gemite
1104 2138 1259 2191 Poenorum
1276 2136 1393 2203 moenia,
1410 2134 1501 2191 fracta
1511 2135 1612 2207 jacent
1626 2150 1635 2203 3

64 2226 113 2284 Sic
126 2229 191 2301 puri
207 2229 295 2285 datur
309 2230 417 2303 ingenii
434 2230 553 2288 solertia
568 2229 673 2299 major,
940 2222 1044 2282 Fracta
1053 2226 1152 2298 jacent
1163 2242 1170 2283 :
1182 2231 1340 2300 captosque
1350 2227 1450 2294 duces,
1463 2227 1648 2300 predamque
1657 2224 1763 2298 silebo,

102 2318 196 2376 Possit
209 2323 241 2375 ut
256 2320 379 2390 obiectis
394 2321 498 2378 obvius
509 2321 552 2376 ire
567 2319 673 2374 minor.
975 2313 1017 2370 Ne
1031 2314 1130 2371 videar
1141 2315 1244 2373 laudes
1257 2314 1459 2373 concelebrare
1474 2331 1566 2371 meas.

365 2410 505 2468 CANTUS
524 2410 598 2467 Xlll.
940 2410 993 2463 Per
1006 2422 1157 2479 superum,
1176 2424 1227 2481 per
1240 2407 1265 2465 si
1281 2424 1339 2479 qua
1354 2411 1452 2464 menet
1472 2408 1632 2463 reverentia
1658 2405 1763 2478 nostri,

64 2497 140 2554 ilinc
156 2498 336 2571 Capitolinae
352 2501 462 2570 quibua
477 2500 574 2556 induit
590 2495 697 2554 atbnte
710 2494 795 2551 sedes
977 2497 1125 2571 Quidquid
1142 2499 1169 2554 id
1185 2504 1229 2556 est
1244 2498 1303 2567 regi
1320 2498 1446 2573 porrige,
1461 2500 1565 2566 Rome,
1581 2499 1645 2554 tuo.

100 2586 196 2658 Venit,
216 2593 245 2645 et
259 2589 376 2662 imperii
392 2588 489 2646 nobile
507 2590 614 2662 pressit
627 2588 711 2643 ebur.
1236 2589 1375 2647 CANTUS
1393 2588 1463 2647 XIV.

61 2678 165 2749 Regali
176 2677 262 2751 jubet
278 2681 374 2736 edicto
388 2681 444 2736 sibi
460 2680 547 2735 eistat
561 2677 596 2734 ad
614 2690 706 2732 unum
942 2679 1091 2751 Deiectum
1107 2677 1216 2736 vidisse
1231 2681 1346 2748 docem,
1363 2679 1528 2752 misereque
1542 2676 1711 2753 loquentem

96 2766 243 2824 collectus
257 2770 396 2841 populus,
410 2771 571 2840 iunctaque
585 2767 671 2822 turba
687 2779 803 2822 senum.
979 2769 1102 2825 Erubuit
1116 2768 1253 2842 populus,
1270 2769 1413 2828 erubuere
1428 2768 1540 2826 Patres.

58 2854 282 2925 iurisconsulti,
302 2860 524 2930 pretextatique
541 2854 675 2930 quirites,
944 2858 1054 2929 Proque
1070 2857 1145 2915 bono
1160 2859 1327 2916 bonafama
1341 2861 1404 2917 viro
1419 2858 1619 2932 meritumque
1639 2859 1765 2930 perorat,

97 2945 215 3012 Albani,
233 2946 326 3012 Fabii,
342 2947 561 3018 patriciumque
576 2960 681 3020 genus,
978 2949 1036 3006 Nec
1052 2948 1164 3022 petitur
1179 2948 1295 3005 steriles
1310 2948 1452 3022 principie
1467 2965 1532 3005 esse
1547 2963 1660 3021 preces.

62 3034 288 3107 Conscriptiqne
300 3036 541 3109 Petres‚quorum
554 3031 754 3090 moderamine
764 3030 891 3088 mundus
942 3040 1052 3115 Estque
1065 3056 1167 3114 rogare
1180 3041 1289 3097 dueum
1305 3041 1418 3113 spectes
1433 3037 1561 3095 violento
1569 3037 1707 3109 Jubendi,

99 3125 270 3198 Stringitur,
283 3132 313 3181 ei
328 3127 417 3182 cerlis
433 3125 546 3197 cogitur
565 3123 607 3179 ire
622 3121 728 3179 modis.
983 3130 1018 3185 Et
1031 3130 1116 3200 quasi
1132 3131 1242 3186 nudato
1258 3128 1406 3203 supplicat
1420 3145 1489 3185 ense
1505 3132 1619 3200 poiens.

64 3215 139 3285 Ergo
155 3214 292 3271 nobilitas
304 3220 333 3272 et
348 3231 479 3288 purpura
493 3216 612 3269 venerat
626 3210 735 3281 omnis,
906 3189 928 3257 c
947 3216 1047 3284 Detur,
1062 3218 1246 3291 aitpopulus,
1262 3219 1348 3275 detur
1363 3233 1446 3274 sacer
1460 3217 1542 3285 ordo,
1559 3214 1670 3271 tribuni

102 3301 252 3376 Multaque
266 3309 413 3378 congesta
429 3303 521 3360 millia
536 3301 632 3375 plebis
646 3304 739 3357 erent.
980 3311 1077 3373 Detur,
1088 3324 1142 3364 vox
1157 3307 1272 3364 cunctis
1287 3308 1385 3377 unica,
1400 3307 1495 3378 detur,
1511 3308 1583 3362 erat.

65 3393 113 3449 8ἰο
130 3393 178 3449 ubi
193 3392 329 3461 divitior,
342 3392 479 3465 iussique
495 3393 595 3449 sedere
610 3388 732 3458 tribuni,
945 3396 1019 3453 Dant
1032 3398 1123 3472 igitur
1141 3412 1322 3471 quecunque
1336 3399 1415 3470 petat
1429 3395 1600 3453 discrimine
1616 3394 1709 3467 nullo,
1754 3468 1757 3474 Ι

104 3487 139 3537 st
152 3499 220 3539 oum
233 3484 374 3556 signilero
388 3484 490 3541 consul
507 3486 629 3555 uterque
641 3495 705 3536 suo.
980 3488 1009 3545 si
1026 3487 1113 3544 Letiae
1127 3491 1203 3545 totns
1219 3485 1347 3561 postulat
1362 3485 1443 3542 urbis
1459 3500 1541 3558 opes.

66 3573 200 3646 Erigitur
214 3576 249 3630 de
265 3573 335 3632 sede
346 3574 455 3646 throni,
472 3577 675 3646 monstratque
691 3569 840 3628 silendum
944 3580 1008 3633 Non
1023 3583 1093 3633 tuus
1106 3577 1250 3650 excipitur
1265 3580 1374 3643 enatus,
1391 3573 1538 3642 Lucretia,
1553 3571 1649 3632 lectus

106 3663 258 3735 Majestate
274 3681 381 3721 manus
397 3681 404 3720 :
422 3664 548 3737 denique
563 3663 651 3719 verba
666 3660 743 3717 iacit.
982 3670 1038 3723 Nee
1054 3684 1125 3741 pyra
1140 3665 1265 3723 saerillci
1280 3665 1336 3739 (87t
1354 3662 1561 3739 precipitanda
1576 3663 1690 3722 Numae.

66 3751 195 3824 Sanguis
211 3751 317 3820 luteus,
335 3753 452 3810 soboles
468 3752 600 3827 gradive,
616 3750 751 3823 quirites.
947 3755 984 3813 Ut
998 3755 1140 3828 patricida
1154 3772 1251 3829 preces
1265 3755 1436 3812 exauditum
1452 3755 1531 3810 viaet
1545 3753 1593 3822 iri,

106 3841 178 3897 ilinc
194 3839 265 3897 elim
282 3844 358 3900 vires
373 3842 494 3910 ducitis,
511 3842 577 3897 inde
592 3854 693 3914 genus.
983 3845 1078 3901 Sentit
1092 3849 1121 3901 et
1137 3846 1256 3903 arbitrio
1271 3850 1374 3901 cuncta
1389 3844 1488 3901 venire
1503 3860 1558 3901 suo
1573 3860 1582 3902 t

68 3930 197 3999 Noscito,
212 3948 264 3988 nec
281 3932 387 3989 dubios
408 3937 545 4004 suspecta
560 3934 657 3986 mente
668 3928 772 3985 tenebo
948 3934 1050 4007 Cujus,
1066 3934 1119 4004 ait,
1135 3934 1240 3991 luerim
1254 3950 1304 4006 spe
1319 3934 1452 3992 muueris
1467 3934 1653 4007 ambitiosus,

105 4021 179 4087 Quid
198 4029 307 4077 moveat
322 4027 432 4091 vester,
448 4020 519 4094 quid
535 4017 677 4093 patricida
691 4016 770 4076 velit.
983 4022 1094 4087 Quidve
1110 4023 1182 4080 mihi
1194 4023 1308 4081 dederis
1324 4024 1449 4082 Romula
1462 4025 1547 4081 turba
1564 4023 1639 4080 vido.

68 4110 204 4167 Postulat
219 4111 392 4185 ambiguum
407 4111 521 4169 sublato
541 4109 662 4166 numine
687 4124 807 4178 munus,
947 4111 993 4169 Nil
1009 4112 1144 4183 equidem
1160 4114 1245 4187 cupio
1261 4115 1368 4171 nostris
1383 4114 1579 4187 superaddere
1593 4111 1684 4185 gazis,

108 4201 258 4275 Quidquid
273 4203 300 4258 id
316 4207 361 4258 est
377 4203 438 4276 regi
454 4201 578 4274 porrige,
595 4200 694 4268 licina,
709 4204 771 4256 tuo.
985 4203 1100 4259 lavecit
1114 4203 1202 4260 ilnem
1218 4203 1301 4276 copia
1317 4215 1413 4260 nostra
1428 4218 1526 4259 suum.

69 4294 136 4347 Non
151 4291 376 4363 circumspecta,
392 4308 487 4365 neque
502 4289 637 4348 consulte
652 4288 775 4360 ratione,
948 4291 1006 4348 Nec
1021 4291 1103 4348 divos
1115 4292 1239 4359 Latium,
1256 4293 1409 4349 nechabet
1424 4289 1587 4347 latissimus
1601 4289 1682 4348 orbis

106 4378 162 4434 Sed
178 4380 262 4452 quasi
279 4383 395 4452 profuse
410 4382 526 4438 dextera
542 4380 624 4454 larga
639 4379 731 4437 dabit.
985 4383 1047 4448 Quo
1062 4389 1147 4456 queat
1166 4381 1196 4437 in
1210 4381 1308 4453 majus
1323 4396 1452 4437 crescere
1468 4384 1569 4436 noster
1584 4379 1685 4437 bonor.

68 4469 209 4540 Denigrat
238 4471 375 4526 meritum
404 4471 503 4526 dantis
518 4486 619 4539 mora3
637 4470 770 4542 iactaque
784 4470 892 4542 raptim
949 4469 1012 4527 Non
1027 4470 1157 4528 Maronia
1172 4487 1258 4544 opus,
1274 4485 1366 4542 neque
1381 4470 1437 4525 vivi
1455 4468 1610 4525 marmoris
1626 4483 1735 4539 arcem,

105 4557 237 4625 ilunera,
253 4560 320 4631 plus
336 4559 444 4627 laudis,
463 4559 589 4631 plusque
605 4557 712 4614 laveris
727 4558 847 4615 babent.
907 4541 932 4607 Ῑ)
983 4561 1037 4617 Sed
1054 4566 1125 4634 puto
1140 4561 1218 4634 quod
1233 4560 1305 4616 duro
1321 4559 1414 4633 possit
1428 4556 1559 4615 abbosts
1570 4557 1646 4629 dari,

68 4646 123 4702 Per
138 4663 291 4720 superum,
308 4666 368 4722 per,
386 4648 410 4706 si
426 4665 483 4720 qua
498 4653 598 4705 manat
612 4649 774 4704 reverentia
789 4649 892 4721 nostrl,
948 4649 985 4706 Ut
1001 4648 1085 4706 liceat
1101 4651 1307 4722 propriamque
1323 4648 1395 4705 mibi
1412 4646 1592 4704 consciscere
1608 4650 1746 4722 mortem,
1856 4678 1859 4683 ·

104 4736 253 4808 Quidquid
270 4738 298 4792 id
315 4742 359 4795 est
375 4738 434 4811 regi
451 4736 577 4811 porrige,
593 4736 697 4806 Roma,
713 4740 774 4793 tuo.
984 4741 1018 4794 st
1034 4738 1170 4795 miserem
1186 4738 1249 4795 vita
1266 4736 1444 4809 precipitare
1460 4735 1549 4793 diem.

70 4822 199 4896 Porrige,
216 4825 240 4882 si
258 4826 363 4897 merui,
380 4824 405 4880 si
422 4824 529 4880 mentis
546 4823 580 4880 ad
597 4823 702 4879 intima
718 4832 822 4880 nostre
949 4827 999 4884 Est
1013 4846 1048 4886 ea
1061 4835 1196 4886 votorum
1214 4828 1325 4901 species
1341 4831 1369 4883 et
1383 4843 1501 4884 summa
1516 4841 1661 4897 meorum,

109 4914 223 4983 Nullus,
239 4917 284 4973 vol
301 4915 395 4974 tenuis
410 4913 517 4988 reperit
532 4929 613 4970 error
625 4913 682 4969 iter
697 4933 705 4982 ς
948 4918 999 4975 His
1016 4935 1067 4992 pro
1083 4919 1255 4974 muneribus
1267 4935 1322 4975 vex
1337 4933 1400 4975 men
1411 4917 1518 4974 blanda
1534 4916 1599 4972 luit.

70 5003 188 5061 Sincere
203 5007 227 5061 si
244 5011 302 5062 tota
317 5006 390 5061 mibi
407 5021 471 5061 mea
485 5003 591 5058 visitur
605 5007 688 5070 etas,
949 5010 1186 5079 Induperatorem
1203 5022 1290 5080 quem
1306 5012 1337 5064 tu
1353 5008 1416 5076 tibi,
1434 5008 1536 5074 Roma,
1549 5022 1676 5077 crearas,

107 5094 137 5150 Si
153 5095 226 5150 nibil
243 5111 278 5151 ex
294 5095 395 5150 mundi
407 5092 569 5150 colluvione
581 5091 648 5158 tuli,
984 5098 1018 5154 Et
1032 5099 1155 5155 dederas
1171 5098 1271 5171 populi
1288 5096 1486 5170 publicajura
1500 5095 1555 5168 tui,

70 5184 100 5242 Si
116 5185 166 5253 qui
181 5185 269 5240 corda
283 5183 358 5239 solet
372 5197 474 5255 regum
490 5189 518 5238 et
532 5183 700 5239 subvertere
716 5181 821 5253 laetus,
947 5187 1069 5247 Nonnisi
1086 5188 1129 5244 vel
1145 5186 1263 5263 populo,
1280 5185 1324 5243 vel
1340 5187 1517 5243 concedente
1532 5188 1648 5257 senatu,

105 5273 165 5330 Nec
180 5271 279 5328 Vanus
293 5286 429 5328 enervem
445 5272 681 5346 precipitemque
695 5272 786 5340 dedit,
983 5276 1054 5334 Vult
1069 5277 1232 5334 libertatem
1249 5276 1353 5333 mortis
1370 5276 1478 5336 habere
1493 5292 1564 5332 sue.

69 5363 157 5420 Nulla
173 5360 239 5416 licet
255 5375 369 5416 morum
384 5359 423 5415 sit
438 5362 556 5431 mentio,
572 5362 711 5436 nullaque
726 5362 790 5422 sita
947 5370 1065 5434 uanus,
1082 5366 1183 5435 Roma,
1197 5372 1281 5425 tuum
1297 5382 1376 5424 mors
1389 5372 1520 5434 estmee,
1536 5363 1773 5439 neseiaapcctaa,

103 5452 174 5517 Quas
190 5448 299 5506 multos
314 5466 409 5507 annos
424 5449 590 5509 illabefacta
605 5457 713 5512 manet.
985 5456 1174 5530 Delenditque
1189 5459 1272 5514 tuum
1288 5456 1410 5519 nubilus
1423 5473 1504 5515 error
1518 5470 1603 5529 opus.

103 5630 159 5704 (87)
173 5628 298 5703 Socririri
312 5647 367 5689 vox
383 5629 599 5690 Hildebertine.
