3802 6030
98 299 174 362 ΓΜ
546 287 739 353 sisennus
762 283 1084 352 inscciraiouuic
1105 289 1325 354 caesarias.
1729 282 1811 365 iris

100 428 215 489 Pascha
232 430 337 500 quater
352 423 507 484 deniscur
521 424 576 482 hcc
590 425 630 482 sit
643 425 804 499 queritur3
819 423 898 481 eudl.
943 425 1106 499 peninum
1124 427 1305 485 incrtlllcans
1321 426 1503 496 Deniol‚Noe
1516 435 1609 488 rector
1624 432 1654 489 in
1669 449 1737 491 area

102 518 156 577 Per
170 517 365 593 quadraginta
381 517 465 572 rnorti
477 533 507 572 se
522 514 644 573 tradidit
660 515 757 580 horas.
980 517 1142 574 Pristinurn
1160 518 1194 593 [f.
1224 516 1378 593 Pistinuni]
1389 541 1396 577 ;
1409 519 1511 588 lectus,
1527 538 1597 596 ager
1617 525 1811 597 assignantur

98 611 173 668 Tem
189 624 276 666 cruce
299 623 387 680 quam
416 604 533 663 tumulo
560 605 717 674 Christus3
746 604 926 677 totidemque
1646 611 1771 688 [gadem

773 692 890 767 [diebus
978 696 1161 758 Ordinibus:
1179 700 1257 760 mola
1272 701 1369 773 signat
1384 699 1553 772 mundaum
1573 704 1702 775 quietem

97 789 182 848 Festa
193 784 374 860 resurgentis
390 783 574 843 celebramus
589 784 625 841 ed
636 784 700 857 ejus
711 782 864 840 honorem.
982 788 1104 860 hectun
1120 791 1350 865 egerpopulum,
1362 789 1669 868 mclaspcnsuslt'ott.
1686 795 1805 866 sponsis
1826 812 1829 817 ·

97 896 166 973 gx.
182 895 255 967 Quid
262 896 398 969 sipritcat
409 894 479 966 qaod
487 892 646 951 solemnitas
661 892 775 950 Pcsrtae
787 906 837 964 per
854 905 925 965 peo-
1534 883 1592 953 [est
1607 883 1677 941 data
1696 885 1792 945 tectus

311 967 443 1039 drcpioto
465 967 524 1022 dies
544 966 709 1022 celebratur.
977 965 1218 1039 Contemplatiois
1233 968 1415 1043 agricultura
1431 971 1594 1045 magistris.

99 1065 171 1118 cum
188 1057 298 1116 soleant
313 1063 388 1115 actis
402 1055 543 1128 compleri
558 1057 632 1113 leste
648 1055 763 1122 diebus,
979 1053 1056 1112 Ordo
1067 1056 1194 1131 quisque
1209 1057 1285 1115 duos
1301 1060 1456 1129 reprobam
1485 1062 1559 1134 gerit
1573 1066 1662 1136 atquo
1675 1062 1805 1123 udaieis.

99 1147 159 1207 Car
174 1146 320 1221 complent
334 1147 528 1218 quadraginta
543 1145 607 1202 dies
620 1143 764 1224 solemnia
782 1139 925 1199 Pascha?
979 1144 1080 1204 1211
1098 1147 1151 1203 llic
1167 1153 1266 1205 menet
1278 1148 1313 1205 ed
1329 1162 1446 1220 ponam
1462 1154 1586 1223 raptus:
1600 1152 1739 1224 capitilio
1755 1170 1806 1211 co·

97 1238 231 1296 Christus
247 1242 382 1294 mortuas
397 1235 527 1292 estheris
537 1234 733 1308 quadraginta
745 1250 752 1300 ;
765 1238 835 1305 quot
845 1231 924 1289 horis
1644 1240 1769 1314 [mum

97 1327 243 1402 Discipuli
260 1328 374 1384 luerent
390 1326 489 1383 tristes
504 1325 540 1381 ds
557 1330 663 1388 morte,
676 1338 834 1397 resurgens
976 1323 1065 1395 §llll
1076 1323 1169 1386 tcum
1182 1327 1341 1386 Barathron
1354 1325 1466 1386 Christo
1477 1329 1666 1403 preferentes,
1689 1330 1807 1390 cutim
1857 1378 1860 1383 .

96 1417 237 1477 Latillcat
252 1417 373 1475 totidem
387 1414 564 1472 ramulorum
577 1415 666 1471 corda
681 1414 796 1470 diebus.
1330 1402 1450 1473 liquarit.

95 1508 112 1587 fi
127 1509 176 1567 x1.
192 1509 259 1577 ltoe,
277 1506 326 1566 too
340 1517 366 1564 et
384 1503 656 1632 Donietdsipoificcut
676 1507 731 1561 tres
747 1504 777 1560 ia
803 1500 924 1559 Ecclesia
1013 1485 1086 1545 0⁰1³
1103 1493 1228 1561 P⁰⁸⁰u¹¹l
1242 1487 1315 1547 sciri
1331 1489 1504 1561 Btftbbtms
1525 1489 1733 1658 Chllsslumlilfl
1748 1508 1807 1551 ⁰0·-

449 1593 481 1635 or
503 1594 571 1634 ines.
1710 1583 1771 1641 mi

252 1667 392 1743 (liabetur
403 1675 429 1725 et
445 1667 474 1723 ln
492 1683 548 1723 ms.
570 1665 651 1723 Cclh.
670 1662 765 1735 1367.)
975 1664 1078 1738 ludat,
1094 1666 1277 1742 culicemque
1290 1667 1417 1742 liquent,
1433 1672 1614 1741 sorbentque
1628 1674 1787 1731 camelum.

131 1759 198 1827 tob,
215 1761 325 1826 Daniel.
341 1759 401 1817 Noc
429 1763 500 1816 sunt
516 1757 661 1824 salvandi,
676 1761 750 1813 teste
769 1752 920 1828 prophete,
979 1757 1081 1829 Accipe
1096 1772 1148 1829 per
1162 1757 1285 1815 culicem
1302 1756 1478 1831 haiatham,
1496 1761 1567 1835 quia
1580 1759 1806 1838 laeditur,utque

94 1851 204 1909 'l'rinus
215 1851 243 1907 in
260 1848 391 1907 Ecclesia
405 1849 484 1923 viget
498 1849 570 1906 crdo
585 1851 704 1905 vocatus
722 1845 751 1902 in
766 1845 842 1902 istis.
937 1815 961 1882 Β
977 1842 1033 1903 Ore
1047 1845 1143 1915 culex,
1158 1846 1305 1905 Barsbhaa
1319 1846 1429 1923 gladio,
1440 1851 1651 1925 Christumque
1674 1856 1805 1911 cameles

95 1939 239 1999 chrstoa
253 1939 320 2007 tob,
337 1937 438 1995 Daniel
453 1955 484 1995 so
497 1937 719 2003 mortificantes,
980 1934 1085 1995 1212
1099 1937 1221 2011 Signat;
1247 1936 1304 1994 lert
1331 1954 1407 1997 onus
1434 1939 1492 2008 hic,
1508 1946 1537 1998 et
1552 1940 1655 1999 mundi
1678 1943 1807 2001 crimine

95 2031 235 2090 Rectores
249 2034 309 2088 Noe
324 2028 480 2103 signillcat.
499 2026 564 2084 Fuit
579 2025 629 2084 illo
647 2025 783 2092 maritus,
1620 2027 1768 2103 [christus

631 2113 732 2185 §xus
751 2113 786 2171 lle
800 2110 951 2174 Noticirete
972 2122 998 2172 et
1019 2116 1146 2187 passione
1158 2114 1270 2173 domiui

255 2208 344 2267 Proca
452 2204 553 2264 Puella
661 2205 739 2261 Deus
848 2201 923 2263 Grex
1032 2208 1132 2262 Pastor
1239 2203 1330 2264 Stella
1436 2203 1556 2265 habeus

259 2296 335 2367 Fert,
457 2297 544 2369 parit,
666 2294 778 2363 irrotat,
853 2297 963 2367 stupet,
1036 2295 1131 2365 audit,
1239 2294 1330 2361 ducit,
1439 2295 1564 2367 adorat;

257 2386 307 2446 llic
321 2385 454 2445 Genitrix
542 2386 653 2458 loseph
850 2382 986 2441 Christus
1128 2379 1303 2441 Nicodamus
1433 2385 1548 2442 amicus

320 2475 419 2534 Cernit
546 2474 668 2548 deponit
846 2469 982 2545 deportet
1126 2472 1271 2529 abstrahit
1430 2473 1479 2530 hic
1493 2471 1544 2531 llet

325 2570 443 2634 Natum,
547 2567 709 2633 doctorem,
850 2575 976 2629 crucem,
1129 2559 1238 2630 elavos,
1430 2563 1525 2620 tristis
1537 2562 1680 2623 amicum.

609 2832 805 2935 VEN.
828 2831 1361 2934 nenoteanes

721 3067 998 3132 meduntense
1018 3068 1178 3131 erisceel

274 3249 911 3354 INSGRIPTIONUM
944 3245 1613 3347 CHRISTIANARUM

795 3427 1100 3529 LIBELLUS

124 3688 152 3758 ll
171 3705 238 3756 ms.
263 3682 445 3756 codicem
464 3682 524 3752 tt‘t
541 3678 639 3751 mod.
660 3682 696 3748 et
715 3677 780 3747 iot
794 3678 865 3745 vet.
883 3672 1016 3743 Toron.
1036 3667 1209 3742 Biblioth.
1224 3683 1277 3742 xit
1292 3664 1419 3742 saeeul.
1433 3666 1595 3760 primum
1611 3664 1766 3742 editura
1792 3754 1796 3761 ¹
1890 3688 1896 3695 ·

623 3770 707 3839 J.·t.
725 3758 910 3839 Boueasse
929 3763 1111 3836 senonico
1125 3762 1258 3832 Taren.
1877 3770 1880 3777 ·

319 4141 422 4202 me
440 4140 461 4200 1.
478 4142 526 4199 llei
540 4141 692 4200 eternitas.
936 4159 959 4227 c
1253 4133 1315 4193 til.
1338 4136 1422 4207 l'o'rpo
1434 4133 1516 4193 desse.
1861 4192 1866 4199 ,

90 4230 232 4303 hlajestas
247 4231 363 4290 Domini
380 4250 437 4290 non
455 4232 634 4289 estohncxia
650 4228 723 4300 llai3
971 4223 1060 4298 Virga
1076 4222 1152 4297 parit
1166 4221 1278 4295 horem,
1294 4224 1362 4281 licet
1374 4225 1467 4291 arida,
1485 4223 1597 4296 hosque
1612 4238 1761 4296 saporem.
1873 4284 1877 4291 ,

91 4321 193 4382 Nescit
207 4322 296 4396 liniri,
312 4324 355 4381 sic
371 4323 492 4380 nescivit
506 4323 587 4379 crini.
971 4313 1019 4372 Sic
1033 4313 1111 4372 Deus
1126 4331 1160 4371 ex
1174 4313 1257 4371 tasse
1270 4315 1356 4387 coepit
1372 4312 1529 4370 carnaliter
1543 4329 1620 4370 ease.

361 4413 397 4470 ll.
414 4411 486 4470 Adae
499 4414 648 4484 peccatam.
1148 4401 1207 4462 vit.
1225 4403 1274 4460 oo.
1292 4408 1330 4460 De
1357 4403 1467 4475 l't'rpi'ce
1480 4399 1615 4472 deipara.

90 4500 179 4562 assur
191 4503 277 4561 homo
292 4503 375 4561 ialice
387 4504 474 4560 domo
489 4516 608 4558 vescens
624 4496 700 4557 malo
717 4513 814 4571 pomo,
970 4491 1133 4567 Virginitas
1149 4493 1281 4564 peperit;
1297 4492 1347 4548 sad
1364 4491 1389 4548 si
1405 4490 1472 4562 qais
1486 4491 1632 4565 qiiomodo
1647 4489 1763 4564 querit,
1876 4534 1879 4539 .

128 4590 170 4648 Oh
182 4594 276 4666 oulpro
289 4594 427 4650 meritum
443 4592 521 4648 venit
536 4591 571 4647 sd
589 4590 749 4647 interitum.
1005 4584 1065 4639 linc
1083 4588 1126 4638 est
1137 4595 1224 4637 nosse
1240 4595 1349 4644 meum,
1366 4580 1417 4637 sed
1433 4579 1494 4636 soto
1514 4595 1600 4652 poseo
1615 4578 1720 4639 Deum.

131 4693 180 4756 ω,
200 4698 271 4769 Μ
284 4698 424 4771 ,mineat
446 4698 517 4773 Μ
535 4700 665 4755 mmmm
680 4698 753 4753 dim
762 4696 882 4768 mmu-
970 4670 1046 4729 viti.
1060 4668 1163 4740 tapeti
1174 4667 1333 4741 pastoribus
1347 4668 1518 4725 Soloctorem
1533 4672 1632 4725 oratam
1644 4667 1791 4729 nuntient.
1869 4714 1873 4721 .

289 4790 306 4824 e
321 4775 433 4827 rectore
453 4782 478 4826 et
495 4774 585 4826 uentre
600 4786 687 4840 repes.
702 4787 720 4820 s
969 4763 1095 4817 Turonas
1106 4765 1256 4832 pastorum
1273 4773 1326 4814 vos
1341 4757 1485 4815 exhilarat
1498 4773 1688 4830 superorum·

88 4859 240 4934 Antiquae
250 4877 373 4933 serpeus
389 4861 459 4918 inihi
472 4861 564 4931 serpit
579 4867 702 4929 pectore,
718 4857 743 4912 si
759 4856 829 4931 quid
1138 4845 1189 4904 1x.
1207 4845 1329 4904 Christus
1344 4851 1438 4920 trilores
1448 4850 1478 4903 in
1494 4862 1623 4919 presepe.

90 4949 193 5023 Cogito
209 4952 349 5019 luxurie3
366 4952 389 5007 si
408 4968 467 5006 rem
486 4951 629 5019 pei-licere
645 4953 755 5016 ventre,
969 4937 1139 5012 virgineum
1156 4944 1272 5008 partum
1290 4953 1418 5010 presepe
1433 4939 1510 5009 capit
1524 4938 1596 4993 satia
1611 4940 1737 4998 erctum.

229 5039 278 5096 lV.
303 5041 400 5097 l'eteris
419 5039 583 5094 Testamenti
600 5035 776 5109 poiricrrlcoe.
1146 5029 1183 5085 X.
1198 5025 1236 5082 lle
1248 5026 1355 5098 duplici
1374 5029 1482 5085 (trista
1495 5033 1612 5086 orituro.

89 5132 155 5188 Dux
170 5127 200 5186 in
215 5130 302 5203 equis
318 5138 396 5186 Arce
413 5130 499 5200 prior.
515 5133 544 5183 et
559 5127 608 5182 alii
626 5126 794 5199 patriarche
967 5116 1078 5177 Nostrr
1094 5121 1204 5173 naturae
1219 5116 1312 5173 deitas
1330 5118 1412 5174 unita
1427 5119 1570 5189 retertur;

88 5219 172 5277 Sicut
187 5228 259 5278 sciit
274 5221 345 5283 nati,
361 5226 430 5275 eunt
444 5219 545 5273 ordine
560 5217 668 5292 quique
685 5219 789 5276 notati.
1004 5209 1038 5266 ln
1051 5208 1166 5266 Christo
1178 5208 1220 5263 sie
1235 5211 1305 5262 sunt
1316 5207 1398 5263 dives
1414 5224 1562 5281 egensque
1577 5205 1680 5266 simul.

352 5290 383 5347 V.
404 5296 453 5347 l'ir
467 5290 656 5346 sarcierint.
993 5284 997 5292 ’
1074 5297 1122 5354 Xl.
1139 5296 1264 5354 Clirs'stris
1279 5298 1405 5368 insensa
1423 5299 1534 5367 i'irpr'oe
1548 5300 1682 5357 laetatur.

88 5377 141 5457 Vll
154 5380 209 5438 full
224 5382 254 5438 ln
270 5387 360 5448 lette»
374 5380 429 5438 J⁰b
446 5379 572 5447 ¹¹⁰¹¹¹l⁰tt
588 5378 706 5432 Vll⁸l¹¹⁸
721 5392 837 5450 Sum·
968 5389 1025 5448 Itos
1040 5405 1113 5446 nova
1129 5390 1254 5444 lactatur
1268 5403 1358 5460 super
1371 5388 1481 5446 ethera
1491 5392 1542 5463 qui
1557 5390 1734 5446 dominatur.

198 5470 243 5530 vl·
263 5471 363 5531 Μθῑδῑ*
376 5471 498 5544 Petillii
520 5479 631 5541 petram
645 5465 676 5523 ²³¹
690 5467 805 5529 deserto.
1003 5478 1106 5538 tector
1120 5476 1215 5535 lectus
1230 5475 1318 5536 homo
1333 5478 1461 5553 gaudeat
1475 5479 1574 5536 omnis
1588 5479 1686 5537 homo.

89 5554 139 5619 eis
154 5559 269 5620 sllieem
285 5563 368 5639 virga
379 5563 439 5621 dux
454 5559 579 5635 perculit
594 5562 682 5632 atque
700 5557 850 5634 propheta.
928 5569 953 5637 1)
1146 5565 1207 5626 xli.
1224 5568 1299 5640 ttcpt
1311 5571 1346 5625 ac
1361 5566 1473 5626 oriem
1485 5570 1614 5627 centact.

125 5651 196 5710 lotio
214 5650 284 5711 hina
298 5649 383 5711 ducis
395 5656 464 5709 sunt
474 5650 531 5707 dac
541 5646 622 5722 ligna
636 5646 742 5706 crucis.
964 5657 1009 5716 Ad
1021 5643 1151 5734 presepe
1164 5656 1218 5717 Dei
1233 5656 1355 5718 vomunt
1368 5670 1452 5730 reges
1467 5652 1630 5715 nabathei.
