3802 6030
126 247 203 312 1401

731 244 910 310 clauum
931 245 1223 314 uiscuuuuuus.

1750 263 1830 344 1*οίΙ

124 381 237 440 Clausit
251 383 391 441 euntibus
402 386 431 439 et
445 379 635 441 redeuntibus
650 386 712 438 arte
725 385 859 451 meatus3
962 394 988 463 Α
1005 382 1067 440 Non
1083 400 1152 460 ager
1166 385 1286 459 horden,
1303 405 1356 446 nee
1367 391 1423 448 sibi
1439 393 1523 453 viaea
1538 396 1604 452 vinu
1619 395 1742 457 terebat.

125 475 228 533 1⁸28
244 474 361 532 Scilicet
373 477 444 531 atria
456 491 514 545 qua
527 488 622 545 pecori
635 471 681 529 uia
697 473 760 527 sols
775 473 905 543 petebat,

158 567 223 624 lom
238 567 377 639 gregibus
392 567 571 636 dominoque
585 563 669 620 cibos
684 565 726 620 sic
738 563 902 623 deficiebat.

122 658 195 721 Quid
206 658 327 712 lacerem
339 656 353 711 ‘l
365 654 439 719 erid
454 653 629 710 mesinerem
644 654 825 726 pecudesque
833 654 947 727 perire?

122 746 248 803 Grandis
265 747 361 799 inedie
376 745 481 813 divitis
492 743 566 799 stria
581 744 660 815 cogit
674 742 755 799 adire

120 836 194 894 Nam
211 835 272 891 scio
288 835 412 890 vendere
434 850 520 904 quem
535 833 610 889 mele
627 836 747 904 perdere
763 831 854 888 totius
870 849 946 893 esse.

120 931 202 982 Tunc
218 924 292 980 socio
309 923 381 979 mibi
397 928 473 997 qood
487 923 561 979 retio
578 924 682 997 probet
696 939 761 978 esse
772 939 902 980 necesse.

121 1018 221 1073 Venulo
237 1017 355 1087 quidem
371 1015 440 1082 sibi,
460 1014 697 1088 quondoquidem
722 1013 857 1087 probibet
872 1013 944 1071 reti·

801 1101 881 1176 [nere

118 1202 232 1257 Mereor
242 1213 313 1268 apes
328 1197 437 1268 quibus
454 1193 503 1250 ille
518 1195 609 1264 dapes
632 1197 758 1266 nequent
775 1194 939 1265 probibere.

118 1292 179 1344 ltus
194 1302 312 1360 quoque
326 1285 608 1341 dumuidetinvidus
622 1283 944 1355 invidet,utqoeneoari

118 1376 214 1432 Possit
228 1376 257 1431 in
273 1374 345 1431 ortis
362 1373 466 1446 pocula
479 1374 579 1428 mortis
594 1373 703 1442 sparsit
715 1387 827 1427 umaro.

118 1465 204 1523 Mens
219 1466 354 1538 sequenti
370 1463 431 1520 sole
447 1461 555 1519 recenti
570 1465 661 1519 inacta
676 1460 775 1518 labore

117 1557 201 1611 Atrio
216 1570 299 1611 ceree
313 1553 422 1626 linquit
436 1568 507 1626 opes
520 1569 584 1609 mea
600 1550 696 1609 mellis
711 1567 820 1608 umore.

118 1647 177 1704 llex
192 1651 283 1703 otest
298 1646 433 1718 dignum,
451 1652 583 1718 properat
600 1643 678 1716 prior
687 1643 722 1699 ad
739 1641 801 1699 locu
816 1648 905 1714 nute3

119 1736 190 1794 lade
205 1736 305 1804 ducos,
322 1736 397 1791 beu!
416 1752 472 1790 non
486 1733 617 1801 reduces,
633 1750 711 1789 nunc
726 1732 809 1789 curie
823 1736 894 1790 tota.

119 1828 153 1886 Ut
169 1830 282 1883 l'oeront
298 1823 391 1882 soliire
406 1826 530 1881 redeunt
542 1840 598 1879 non
615 1825 726 1897 ubsque
741 1838 857 1894 canore,

114 1917 209 1991 thue
224 1917 287 1973 solo
303 1916 441 1979 resident,
455 1914 517 1970 solo
535 1913 700 1969 moriuntur
714 1913 812 1970 odore.

113 2009 217 2075 Qualia
232 2023 364 2078 corpora,
380 2007 479 2078 qualia
490 2011 605 2075 pectora
620 2015 689 2060 tunc
700 2001 814 2059 abierel

113 2100 234 2171 Agmina
250 2098 346 2166 l'ortia,
364 2096 434 2169 prob
451 2095 551 2151 dolori
569 2093 670 2149 omitia
682 2095 881 2164 procubuer03

113 2188 210 2245 Pluris
224 2202 353 2256 corpore,
371 2185 497 2242 maxims
509 2195 633 2255 pectore.
649 2183 755 2239 terrico
771 2181 873 2240 mules.

108 2277 184 2344 Ouid
202 2276 252 2332 tibi
268 2274 388 2347 parvule
400 2274 465 2331 lecit
476 2273 605 2345 apecula
617 2273 715 2330 coelioa
732 2271 851 2344 proles?

108 2368 157 2426 Sic
170 2368 251 2437 bove,
267 2365 309 2422 sio
324 2381 389 2437 ape,
405 2364 448 2420 sio
463 2369 491 2419 et
505 2365 580 2432 dape
596 2379 641 2419 me
655 2362 813 2435 spoliauit;

110 2457 166 2513 Vos
180 2472 297 2528 quoque
309 2453 413 2512 lredsre
424 2453 761 2526 juraqueeperoerenon
777 2448 933 2511 dubitauit.

109 2547 182 2613 Quid
200 2546 304 2601 luciam
322 2545 434 2600 miser?
450 2551 491 2600 an
509 2539 680 2614 t'ogiemiSi
697 2541 808 2612 iugero,
824 2541 933 2598 vietum

108 2635 171 2693 Nou
188 2636 394 2706 babeo,neque
410 2635 433 2691 si
447 2648 673 2705 maneo‚panem
693 2633 897 2688 uel-umicturn.

109 2725 170 2783 Hel
188 2727 289 2783 miseri
306 2727 398 2796 patrie
415 2725 507 2795 pueri,
524 2741 575 2779 vos
590 2724 660 2796 quid
679 2721 817 2780 lecistis?

107 2818 220 2888 Sepias
234 2815 357 2871 interius
374 2815 445 2871 mibi
463 2816 549 2870 corde
564 2815 661 2870 dolore
677 2814 808 2870 movetis.

109 2907 172 2965 Non
185 2908 292 2963 teneris
307 2905 393 2962 etiam
410 2905 514 2961 laceris
526 2905 575 2958 dat
591 2904 716 2959 lrustula
732 2902 815 2976 panis

108 2994 201 3055 Mater
215 3011 456 3068 eouspmcoaque
471 2999 697 3066 manus,stupet
712 2995 788 3049 elios
799 2988 932 3062 [peleos]

1002 471 1076 529 ilino
1091 475 1204 544 merito,
1221 493 1278 533 nou
1294 479 1371 536 enim
1389 480 1502 551 dubito,
1518 482 1608 540 miser
1621 486 1783 560 esuriebat,

1000 565 1040 618 Ao
1051 567 1239 636 reproborum
1258 584 1337 624 more
1354 573 1510 641 proborum
1527 572 1607 630 luera
1623 558 1752 634 dolebat.

1002 652 1149 725 Precipue
1166 672 1229 713 meu
1243 660 1326 715 triste
1338 661 1431 716 terens
1444 678 1478 718 ea
1493 665 1611 736 quando
1627 666 1756 724 videbat.

1000 740 1059 798 Gur
1073 743 1160 800 bum
1177 751 1302 817 pecudes
1319 749 1405 805 docui
1420 753 1495 821 qood
1508 769 1577 824 apes
1594 756 1716 823 periere.

1001 834 1130 906 Denique
1146 835 1248 892 mortis
1262 839 1287 893 si
1302 838 1366 908 quis
1382 839 1410 895 in
1429 839 1521 897 hortis
1534 843 1776 915 seminaspersit,

1000 923 1056 978 Cor
1072 923 1141 979 milii
1158 926 1278 982 verbum
1292 944 1402 1000 pauper
1413 931 1549 987 acerbum
1566 931 1642 988 latus
1658 935 1789 992 inarslt?

998 1011 1075 1068 Sunt
1088 1013 1159 1069 mibi
1176 1013 1249 1079 litia,
1263 1025 1356 1085 prata,
1374 1018 1496 1088 roseria,
1513 1022 1637 1091 l'ruotus,
1653 1026 1681 1079 et
1692 1025 1780 1082 arbor

999 1101 1100 1158 Omnia
1115 1105 1252 1176 vendero,
1270 1106 1385 1175 singola
1397 1109 1514 1180 perdere
1530 1127 1627 1168 nonne
1642 1114 1784 1172 vetabor?

997 1190 1071 1246 Sunt
1092 1193 1164 1249 mibi
1180 1196 1432 1267 gramina,nesci0
1449 1199 1637 1267 nominares
1653 1202 1824 1275 mihimille,

997 1282 1101 1341 1820
1117 1286 1185 1352 Quo
1200 1300 1290 1357 super
1304 1289 1404 1343 omnia
1418 1303 1558 1362 spargere
1573 1290 1658 1347 noxie
1673 1309 1760 1348 curve
1774 1309 1823 1352 ue·

1656 1379 1788 1454 [retitui

996 1461 1028 1520 ln
1045 1479 1110 1520 mee
1125 1481 1233 1536 pascua
1247 1465 1327 1523 uenit
1337 1484 1406 1538 apes
1421 1484 1485 1537 suu,
1497 1485 1586 1543 quam
1600 1471 1757 1544 probibere

996 1552 1025 1609 Si
1040 1554 1146 1623 potuit,
1163 1571 1215 1610 eor
1231 1573 1288 1613 non
1300 1557 1392 1613 voluit
1407 1575 1461 1614 soe
1476 1557 1586 1616 demna
1600 1560 1724 1618 eouerei

996 1640 1048 1697 Sed
1066 1642 1149 1699 video
1163 1646 1241 1718 qoud
1257 1663 1307 1702 uos
1322 1647 1395 1703 adeo
1412 1645 1594 1718 lacrymosus
1609 1651 1723 1718 edurat,

999 1732 1108 1786 Damna
1126 1748 1189 1788 meo
1204 1749 1381 1809 quocunque
1395 1736 1480 1793 modo
1500 1754 1634 1809 reparare
1649 1738 1774 1808 laborat,

994 1818 1221 1894 Dumloqoitor‚
1251 1824 1321 1881 dum
1339 1826 1541 1903 conqueritur,
1565 1829 1636 1885 dom
1664 1830 1753 1885 verbu
1768 1844 1817 1886 oo·

990 1996 1031 2054 Ex
1045 1998 1111 2054 odiu
1126 2004 1227 2056 nostro
1243 2000 1333 2060 nimiu
1346 2002 1489 2061 iucundus
1502 2005 1614 2063 adurat.
1694 1917 1782 1994 [lom

989 2086 1064 2157 Ergo
1078 2086 1195 2145 licentia
1211 2094 1347 2163 pauperis
1363 2093 1454 2166 impia
1465 2095 1492 2150 ni
1507 2099 1651 2162 teneatur,

988 2176 1099 2249 Turpia
1114 2177 1220 2247 dicere,
1238 2178 1367 2253 talesque
1381 2183 1491 2257 lingere
1505 2201 1561 2240 uon
1575 2188 1719 2243 vereatur.

989 2265 1021 2323 L.
1041 2267 1134 2324 uersor
1147 2271 1386 2341 cynomanensis
1401 2273 1566 2346 episcopide
1580 2275 1696 2332 Nommo
1710 2289 1812 2334 seuro-

1200 2367 1267 2431 tyro
1282 2368 1418 2419 ouoersus
1432 2363 1599 2422 avaritiam.

1022 2446 1057 2516 (u
1073 2462 1129 2502 ms.
1145 2445 1301 2505 dinanensi
1317 2449 1397 2518 oliuu,
1415 2469 1493 2509 nunc
1510 2438 1607 2524 li'egio,
1621 2471 1649 2509 n.
1662 2452 1740 2524 274.)

986 2536 1132 2592 Destitoet
1143 2543 1237 2593 terras
1252 2538 1341 2596 decos
1356 2541 1446 2606 orbis,
1462 2540 1555 2615 gloria
1569 2560 1679 2612 rerum,

986 2623 1097 2691 Virtus,
1115 2626 1229 2681 mortali
1242 2629 1319 2684 dicta
1337 2647 1441 2701 negure
1453 2632 1537 2688 mori.

986 2713 1048 2772 Non
1064 2713 1143 2771 bunc
1155 2717 1339 2793 inquoquem
1357 2721 1481 2790 spondet
1491 2721 1809 2804 llosiudolisunquam,

1021 2802 1083 2859 Sole
1099 2804 1195 2861 nibil?
1210 2813 1255 2862 est
1271 2808 1384 2879 pietas?
1400 2811 1527 2867 nominis
1543 2814 1648 2871 umbra
1662 2814 1746 2877 fides.

985 2892 1016 2950 Si
1031 2892 1134 2949 corium
1152 2899 1254 2962 staret,
1269 2897 1293 2952 si
1310 2896 1352 2951 sol
1367 2898 1463 2954 locere
1475 2907 1605 2970 negaret,
1753 2880 1757 2889 ¹

1020 2982 1048 3037 Si
1063 2999 1114 3039 uix
1129 2985 1261 3047 l'erveret,
1277 2985 1383 3057 frigida
1398 2985 1517 3044 flemma
1533 2991 1617 3059 iuret,

795 3078 915 3158 [inanis.
988 3069 1050 3128 Nou
1066 3070 1108 3126 sic
1124 3070 1273 3142 pellerem,
1286 3090 1343 3128 non
1360 3075 1403 3129 sio
1419 3076 1552 3134 mirendo
1568 3084 1727 3156 stuperem,

106 3176 162 3235 Sed
176 3192 230 3250 ego
246 3174 334 3232 miser
348 3175 410 3231 brec
424 3178 534 3247 retego,
547 3170 589 3230 nil
609 3170 657 3228 ills
673 3175 814 3229 mouetur.

105 3266 172 3324 Plus
187 3267 280 3334 doleo,
295 3265 360 3338 plus
376 3263 485 3323 demna
501 3266 570 3327 lero,
586 3261 653 3336 plus
664 3260 746 3318 letus
759 3262 892 3319 babetur.

104 3357 160 3412 Vos
177 3356 266 3428 igitur
282 3355 351 3427 quid
368 3357 551 3426 nuncegitur
566 3368 602 3408 ne
617 3353 755 3424 spernite,
772 3366 882 3425 queso,

103 3445 279 3519 Jodicioqoe
294 3446 341 3517 piu
358 3444 464 3500 misero
481 3442 641 3499 succurrite
656 3442 735 3497 lerso.

104 3533 238 3608 Namque
250 3535 387 3606 superbie
401 3533 500 3589 divitis
516 3531 607 3604 impie
623 3529 651 3586 ni
661 3534 803 3598 teneatur,

104 3625 205 3682 Dicere
221 3628 328 3697 turpia,
345 3624 387 3680 vel
404 3625 497 3697 magis
513 3626 670 3694 imprenon
683 3630 826 3677 vereatur.

104 3715 167 3773 Nou
185 3722 287 3771 noceat
299 3715 368 3770 mibi
388 3715 465 3787 qood
482 3711 579 3767 doleat
596 3729 641 3767 ma
657 3728 769 3783 pauper
779 3710 891 3768 amerit

103 3806 163 3861 lmo
178 3803 245 3860 lieet
259 3805 335 3878 qood
347 3820 403 3859 non
419 3801 515 3857 videet
530 3818 561 3856 se
577 3801 631 3855 hac
642 3810 722 3871 purte
735 3801 826 3856 brari.

103 3897 165 3956 Non
182 3900 274 3970 pretio
288 3914 338 3953 vos
354 3894 461 3967 alticio,
472 3892 524 3950 sed
535 3910 633 3948 amore
651 3893 760 3964 paravi,

102 3985 310 4058 Obsequioqoe
327 3986 372 4057 pio
389 3984 556 4039 retinendos
570 3998 634 4038 esse
652 3982 768 4053 potavi:

100 4074 173 4131 Nem
190 4075 271 4130 scitis
286 4074 425 4146 quoniam
444 4071 555 4127 meritis
570 4072 733 4126 retinentur
748 4068 835 4126 amiel

100 4164 194 4234 Hique
210 4164 334 4235 juvandi
351 4168 420 4219 sunt
435 4168 462 4218 et
478 4160 596 4216 amandi
615 4176 670 4215 nun
687 4160 812 4231 inimici,

99 4253 233 4310 Exterius
248 4253 327 4308 uelut
340 4251 464 4307 interius
486 4251 517 4306 iu
532 4250 643 4305 lumine
659 4266 773 4306 cecos:

99 4344 145 4399 Sic
162 4342 289 4399 inimicis
304 4343 380 4399 sieut
395 4341 498 4397 amicis
512 4341 560 4412 qui
575 4347 674 4396 menet
687 4357 788 4412 equus

99 4432 229 4502 Propere
242 4431 342 4488 lortior
357 4438 445 4503 etque
469 4431 614 4502 potentior
629 4431 691 4502 ipse
706 4429 825 4502 quidem
840 4445 920 4496 sum,

945 3151 967 3220 G
1021 3157 1113 3224 Ouum
1131 3159 1153 3213 si
1173 3176 1249 3215 nunc
1266 3176 1390 3237 oequsm
1412 3179 1560 3239 quemque
1586 3184 1666 3239 prum
1682 3171 1808 3234 sitleam.

985 3247 1105 3307 Femina
1121 3249 1666 3333 quodvitulumgeneravit,ueccuqoud
1685 3278 1806 3336 egnum,

1019 3337 1100 3406 Quod
1116 3337 1220 3410 volpes
1235 3338 1268 3414 [s.
1285 3339 1392 3414 vulpis]
1409 3345 1561 3418 quondum
1578 3347 1638 3403 illia
1652 3350 1732 3408 suxit

1590 3433 1723 3514 [equom,

982 3516 1065 3575 Tunc
1080 3516 1227 3573 enarranti
1245 3533 1301 3574 non
1317 3520 1462 3579 demeruit
1478 3539 1563 3598 muge
1578 3528 1668 3597 credi,

1018 3607 1109 3674 Quem
1126 3606 1150 3663 ei
1168 3624 1245 3663 nunc
1260 3607 1388 3684 aliquem
1405 3611 1479 3669 diois
1495 3613 1601 3672 hebere
1616 3616 1715 3676 iidem.

1017 3696 1093 3753 Vivit
1109 3699 1234 3774 quisque
1249 3699 1306 3755 sibi
1322 3717 1400 3757 nune
1421 3705 1579 3775 temporie:
1595 3722 1654 3763 una
1670 3708 1805 3767 voluutas

1017 3784 1136 3842 Pectore
1151 3788 1264 3844 diverso
1281 3789 1373 3845 nescit
1388 3789 1493 3849 bebere
1510 3795 1616 3851 locum.

981 3873 1088 3941 Ooaerit
1102 3877 1228 3955 quisque
1239 3895 1338 3949 soum,
1354 3878 1411 3937 sibi
1427 3880 1481 3937 soli
1497 3882 1577 3938 solos
1592 3885 1726 3955 emiuus;

1016 3964 1078 4022 Non
1093 3967 1189 4023 existit
1205 3984 1280 4024 onos
1295 3984 1382 4045 quem
1399 3977 1500 4045 gravet
1515 3975 1646 4032 alterius.

979 4057 1048 4114 (um
1067 4057 1156 4114 tueris
1170 4057 1245 4123 lelix,
1264 4060 1355 4115 molto
1367 4060 1484 4130 stiparis
1500 4064 1614 4132 amico;

1015 4150 1155 4221 Prospera
1171 4155 1331 4217 mutentur,
1349 4151 1471 4223 respice,
1488 4151 1571 4208 solus
1587 4153 1657 4214 eris.

976 4233 1055 4300 Quos
1069 4253 1196 4309 presens
1209 4240 1318 4310 jungit,
1335 4241 1448 4312 logicos
1464 4240 1582 4297 lortune
1599 4243 1727 4316 resolvit,

1012 4324 1138 4382 Testans
1154 4325 1183 4381 in
1201 4327 1291 4397 pretio
1307 4343 1338 4382 se
1354 4331 1423 4387 lure.
1440 4345 1497 4383 nou
1512 4329 1658 4387 homines.

975 4414 1092 4472 Asseria
1108 4416 1229 4472 fortune
1250 4416 1383 4487 proludit
1399 4415 1521 4474 callidus
1538 4418 1674 4490 hamum

98 4519 161 4572 Non
175 4533 228 4588 ego
245 4517 358 4580 noxius,
374 4521 425 4572 eut
438 4515 720 4589 uragisimpiusinde
736 4525 833 4572 tumen
844 4530 923 4574 som.
939 4507 962 4573 [i
1013 4506 1126 4561 MOPSUS
1141 4507 1206 4579 ⁸9³⁵
1221 4506 1317 4573 sollil·
1334 4523 1406 4579 q⁰⁰⁸
1420 4508 1476 4563 ¹1¹0¹
1494 4507 1581 4565 hflbel
1597 4511 1701 4573 ⁸⁰60&

99 4604 242 4676 Imposuit
258 4605 329 4660 mibi
345 4604 422 4681 qoud
440 4605 532 4661 voluit
544 4620 595 4675 por
608 4620 653 4660 mo
670 4603 809 4676 periisse;

98 4693 178 4751 Dixit
194 4710 274 4767 apes,
290 4699 434 4761 semente,
449 4694 550 4765 depes,
567 4693 607 4749 ait
622 4692 783 4764 eripuisset

97 4786 279 4856 Eripuissem
294 4784 318 4841 si
335 4783 503 4848 voluissem,
517 4783 566 4838 sed
583 4797 635 4838 nec
649 4782 761 4851 ademi;

94 4873 159 4932 AEre
173 4874 251 4943 dato,
269 4881 411 4948 pactoque
427 4875 488 4927 retu
501 4869 572 4927 mihi
588 4870 727 4936 uendidit,
743 4869 811 4929 emi.

92 4961 164 5020 Juro
179 4978 243 5017 meo
259 4959 332 5016 nibil
350 4958 583 5031 possideo,uolite
593 4964 699 5014 tacere.

91 5056 142 5109 AEs
158 5052 271 5117 hebuit,
288 5067 334 5106 res
348 5055 447 5120 empta
462 5051 526 5114 luit,
538 5048 605 5122 quis
620 5048 706 5106 debet
721 5049 828 5108 bebere

977 4592 1041 4652 Non
1052 4600 1096 4650 est
1108 4612 1143 4652 ex
1158 4595 1215 4652 elio
1230 4596 1279 4667 qui
1294 4611 1360 4653 vere
1375 4594 1471 4654 dicere
1486 4602 1601 4672 possit:

1013 4684 1065 4741 Hie
1081 4701 1175 4753 meus,
1191 4683 1336 4758 alterego,
1354 4702 1438 4743 mens
1451 4703 1555 4746 somus
1570 4704 1628 4746 uns
1640 4692 1710 4752 dou.

977 4777 1114 4846 Desperet
1129 4777 1287 4848 quisquam
1298 4776 1375 4847 qood
1394 4777 1514 4849 posthac
1524 4796 1579 4838 uon
1601 4785 1658 4841 erit
1672 4800 1799 4864 usquam

1010 4864 1064 4932 oui
1081 4865 1144 4933 tibi,
1160 4871 1191 4921 tu
1205 4865 1276 4920 nulli
1297 4866 1368 4938 ;qoi
1385 4867 1453 4933 sibi,
1470 4886 1555 4929 nemo
1572 4873 1636 4931 tibi.

973 4951 1624 5034 Postquamcunntides,qoodubiquevigebat
1636 4963 1797 5034 abhorens,

1007 5043 1142 5101 Deseruit
1156 5044 1311 5109 mondum,
1327 5060 1392 5100 cum
1411 5046 1515 5119 pietate
1531 5051 1623 5109 nelos.

91 5141 157 5199 Haeo
174 5141 260 5197 modo
276 5140 369 5211 gratia
385 5139 461 5210 quod
480 5138 573 5208 pecori
601 5138 647 5193 viu
670 5146 770 5196 nostru
787 5140 915 5212 petebat,
970 5135 1023 5190 Vix
1037 5135 1181 5206 impresso
1196 5135 1242 5189 sul
1254 5133 1377 5208 vestigia
1391 5133 1517 5212 liquerat
1533 5139 1583 5197 uui

90 5231 124 5287 St
136 5230 215 5303 quod
231 5229 259 5284 iu
276 5228 351 5283 utria
367 5226 462 5299 pluria
476 5226 573 5298 turpia
588 5243 658 5300 grex
674 5228 806 5287 uertebat.

88 5320 232 5376 Pretereo
247 5316 324 5389 qoud
342 5315 411 5373 iture
427 5331 491 5372 meo
507 5316 564 5372 mel
579 5334 649 5390 apes
665 5318 797 5384 iaciebat,

89 5407 198 5466 intime
213 5405 284 5468 lilia,
301 5402 409 5476 pabula
425 5403 506 5460 mitia
520 5405 593 5460 terre
608 5405 731 5477 solebat,

89 5502 193 5554 Postea
208 5511 302 5564 ceree,
317 5496 452 5568 donaque
469 5494 571 5551 mellea
586 5496 770 5556 conficiebat.

1005 5224 1064 5283 Soli
1079 5223 1104 5281 si
1121 5225 1214 5281 luerat
1225 5241 1233 5282 r
1246 5224 1296 5280 sed
1313 5231 1383 5297 putu
1405 5226 1505 5286 nuilus
1522 5237 1595 5288 erut.

968 5313 1176 5384 Amplectendo
1192 5313 1290 5380 tidem,
1307 5318 1420 5372 cunctis
1436 5315 1511 5376 dans
1522 5319 1597 5379 ulter
1610 5323 1716 5394 eidem,

1003 5401 1085 5462 Unus
1100 5401 1259 5470 nullorum,
1273 5420 1329 5460 uon
1345 5421 1418 5463 suus
1433 5411 1613 5480 esse1s.non
1631 5413 1701 5468 sinit
1715 5414 1792 5490 esse]

1642 5499 1753 5573 [suum.

90 5587 154 5646 Non
170 5587 269 5655 uitem,
286 5602 343 5642 non
360 5585 482 5642 bornum
495 5585 584 5642 ditem
602 5587 742 5660 pigeritln
760 5590 892 5664 notebptg
967 5583 1064 5641 luetur
1077 5581 1138 5640 ouis
1152 5582 1201 5656 [rc.
1218 5583 1329 5658 laurus]
1346 5601 1415 5642 rore
1431 5587 1621 5658 operiendus,
1636 5589 1666 5644 iu
1680 5606 1747 5648 nere

1594 5678 1719 5753 [psum
