3802 6030
149 188 284 271 ssv

637 176 733 241 vau,
753 146 995 239 arannsaari
1016 176 1220 244 aaronis.
1244 160 1368 246 'unsa

1814 158 1857 250 si

150 328 178 375 et
203 319 437 373 archidiaconatus
466 315 570 365 honore
598 315 771 378 promoverat
792 309 1079 380 Hildebertusplib.
1120 327 1150 375 ιι,
1192 328 1326 366 ιιιιιιιιι
1366 315 1520 381 pontificem
1565 320 1701 383 convenil,
1734 326 1857 385 paratus,

139 392 326 459 'dignitatibus
341 391 398 439 suia
412 389 492 453 poliri
507 390 616 449 sineret,
628 390 655 435 et
668 383 883 450 praeposituram,
896 397 976 447 quum

150 467 274 519 Ecclesiae
288 460 441 514 Turonensi
457 460 613 521 abstulerat,
628 458 752 509 onerosis
767 457 831 507 licet
845 457 978 507 conditio-

152 541 242 601 nibus,
252 538 290 586 illi
306 536 468 586 restitueret.

183 611 365 663 interturbata
391 614 482 658 tamen
508 608 549 656 est
573 604 653 668 paulo
680 605 750 667 post,
775 616 855 666 quam
880 600 979 650 sibilot

143 678 292 736 'laboribus
314 680 484 731 Hildebertus
514 677 705 729 conciliaverat
733 674 761 724 in
788 673 918 724 consede
953 676 979 722 et

155 756 272 810 Ecclesia
310 751 494 817 tranquillitas
522 752 576 801 ian.
608 747 685 809 llis).
717 748 783 797 Cum
822 747 893 796 enirn
927 745 978 793 llu-

156 828 285 890 dulphus,
307 839 386 889 quem
415 825 470 887 ipse
502 823 633 871 decanum
656 820 782 869 Ecclesiae
810 815 978 868 suaeconsti·

157 904 253 955 tuerat,
280 897 420 962 quosdam,
450 898 480 944 ut
504 894 561 956 ipse
589 894 635 944 alt.
666 890 780 955 epistola
807 890 847 950 38,
875 888 921 939 lib.
951 900 977 948 rr,

157 970 294 1025 canariicos
316 984 348 1018 aar
375 967 461 1032 officio
492 965 606 1014 decuriae
634 978 694 1021 sue,
725 963 903 1020 ecclesiastica,
949 963 980 1009 ui

158 1045 286 1107 loqaiilur,
303 1040 445 1101 corripi-et
470 1035 618 1101 disciplina,
646 1036 773 1084 adversus
797 1049 858 1083 cunr
885 1035 978 1082 inexo-

157 1117 233 1167 rabili
250 1114 311 1164 odio
326 1112 363 1162 ita
378 1110 487 1176 quddam
516 1124 547 1158 ex
573 1110 638 1173 ipsis
660 1113 825 1166 exarserunt,
851 1112 881 1158 ut
909 1111 979 1167 repis

158 1188 288 1241 arrianam,
319 1183 359 1233 illi
387 1184 443 1247 jain
474 1186 584 1245 propter
610 1179 759 1237 claboniam,
791 1182 848 1242 ipso
886 1181 979 1230 incoa-

160 1259 239 1316 sulto,
266 1263 426 1321 susceptam,
457 1254 604 1311 iuleusum,
636 1255 733 1318 quibus
761 1257 906 1318 potueruut
934 1253 979 1302 de-

157 1331 315 1390 lationibus,
346 1332 381 1384 el,
411 1331 440 1376 ut
478 1329 534 1388 ipse
573 1327 702 1390 loquitar,
739 1325 978 1385 dilacerationibus,

158 1402 329 1454 caricarbure.
346 1399 432 1450 modis
460 1397 586 1448 cruriibus
611 1399 785 1448 tentaverint.
815 1398 851 1447 Ex
883 1400 980 1462 qiiibus

158 1476 294 1541 precipue
323 1487 402 1531 uaris,
435 1472 562 1521 Νιιυιιιιι
590 1471 707 1531 naariae,
737 1472 782 1535 ιιι
812 1472 979 1536 iusuperde-

159 1562 265 1605 carruiu,
283 1558 499 1610 qiruquarersum
531 1545 674 1593 calrrrniriis
700 1543 844 1607 deturpare
868 1550 981 1593 carnatus

160 1625 208 1670 est.
224 1619 300 1677 Quod
317 1616 503 1678 initipaissime
529 1615 619 1666 ferens
642 1615 751 1680 quidum
774 1617 869 1665 decani
897 1615 981 1666 irater

160 1690 255 1747 laicus,
272 1692 357 1753 ipsum
378 1689 523 1751 improuiso
550 1689 737 1750 inrereepiam,
762 1689 845 1737 inscio
874 1702 983 1751 prorsus

163 1763 276 1814 decurio,
300 1761 469 1815 excecavit.
506 1767 560 1816 ιιι,
607 1763 636 1808 ιι
686 1756 807 1821 linquitur
851 1759 985 1809 llildeber·

165 1838 208 1883 tus
231 1831 342 1895 pruluia
367 1831 481 1894 epistola
505 1830 544 1883 38.
570 1829 616 1879 Ιιιι.
645 1843 672 1888 ιι,
698 1829 809 1879 arbscidit
832 1835 856 1881 el
880 1833 987 1880 ‹terraem-

166 1906 259 1954 bracii.
283 1905 389 1964 Quade
405 1918 506 1953 recum
523 1902 647 1952 Nicotaus
675 1901 809 1952 abscissus
833 1903 902 1967 apud
936 1903 988 1952 llil·

167 1978 306 2027 debertum
350 1978 546 2039 expostulasset
586 1976 703 2036 illudque
744 1975 850 2025 ricuniri
892 1974 986 2023 decani

144 2037 280 2099 'consilio
314 2052 340 2096 et
372 2049 500 2107 impulsu,
534 2045 615 2095 simul
648 2051 675 2095 ct
707 2045 816 2096 alterius
854 2047 986 2101 canonici,

167 2125 276 2173 nomiae
309 2121 444 2178 Herberti,
477 2120 560 2170 luisse
594 2125 727 2184 patratum
761 2126 900 2176 assereret,
935 2134 986 2170 uec

165 2197 342 2245 suitleicutem
373 2193 553 2241 accusationis
595 2193 780 2255 probationem
822 2192 985 2254 protulisset,

165 2268 198 2317 ad
226 2267 373 2316 tollendum
401 2271 500 2321 lanien,
529 2264 601 2329 quod
639 2264 696 2314 haec
730 2263 882 2314 criminatio
920 2267 987 2313 iuter

163 2340 252 2403 filleina
275 2339 408 2401 sparserat
438 2338 602 2392 scurrilatunr,
641 2335 819 2393 Hildebertus,
852 2342 985 2400 praesente

164 2418 190 2461 et
204 2413 337 2460 assidente
362 2423 422 2458 cum
444 2423 475 2457 eo
499 2411 614 2472 episcopo
642 2408 835 2465 Cencrnancnri,
864 2409 986 2475 eiplari·

165 2481 212 2531 bas
232 2478 376 2537 abbatibus,
408 2480 519 2541 aliisque
532 2480 666 2541 rebpiosr's
688 2485 712 2527 et
725 2479 883 2542 auersantibus
912 2482 985 2544 uiris,

166 2554 268 2615 prolatu
283 2548 426 2608 sententia,
441 2553 573 2599 decanum
589 2552 621 2599 ad
634 2552 819 2613 prrrpatioaem
830 2554 986 2603 canonicam

162 2625 309 2686 insepiima
325 2622 567 2671 rrranuorulinissnr'
588 2622 698 2671 adeliril.
725 2622 800 2682 Quod
826 2623 867 2672 sui
899 2625 987 2674 securi

165 2695 367 2756 liudulphuset
392 2693 536 2743 llerbertus
563 2695 681 2743 exsecuti
706 2701 777 2747 saint,
807 2696 986 2758 producentes

168 2768 269 2817 scilieet
284 2779 468 2830 undequaque
491 2780 537 2815 sex
568 2764 790 2817 incontaminatae
814 2768 892 2818 iamaa
921 2783 989 2819 curi-

167 2843 328 2896 sacerdotes,
364 2840 409 2901 qia
443 2851 503 2887 cnm
549 2838 623 2899 ipsis,
665 2837 785 2888 adbibita
824 2841 987 2901 juramento,

170 2924 264 2960 eornm
313 2911 417 2973 publice
464 2913 678 2971 protestarentur
711 2911 901 2960 lorioceotiam.
938 2912 988 2962 Sed

169 2994 228 3031 cum
245 2996 294 3030 nec
309 2981 456 3032 Hildeberli
486 2979 627 3031 seriieutire
651 2979 776 3030 Nicotaus
797 2980 988 3045 acquiesceret,

139 3048 142 3052 ⁴
169 3067 219 3104 uec
252 3056 332 3104 ellam
365 3053 449 3117 ipsius
483 3054 591 3102 Gerurdi
624 3056 740 3116 episcopi
769 3054 1025 3132 Engolismensis,c

168 3127 265 3175 summi
294 3133 358 3175 tuuc
386 3122 520 3189 pontilicis
547 3125 626 3188 legali
653 3124 765 3189 judicio,
794 3128 837 3175 eui
862 3132 888 3177 et
912 3142 988 3191 pupae

168 3196 376 3260 auclcritsle‚ct
406 3202 499 3261 rogata
529 3198 653 3261 partium,
682 3197 875 3264 negotiibujos
903 3199 991 3248 luerat

168 3267 313 3319 aaronitae
341 3269 449 3324 decisio,
473 3268 505 3318 ad
534 3270 620 3332 ipsum
655 3283 790 3319 sumurum
833 3269 986 3333 pontiiiccrn

166 3339 458 3406 Nicolausappellavit.
475 3342 569 3391 Corarn
586 3356 637 3406 quo
662 3342 725 3390 dum
751 3341 907 3402 liudulphus
929 3357 988 3392 cau·

166 3425 221 3462 sam
238 3416 368 3469 dicturus,
382 3428 442 3464 cum
467 3412 614 3464 Hildeberti
642 3414 869 3464 commendatitiis
892 3413 989 3464 litteris

165 3487 281 3538 Romam
297 3492 427 3552 pergeret,
446 3487 473 3536 in
489 3488 583 3536 itinere
597 3486 693 3535 nriscre
709 3487 858 3536 trucidatus
873 3488 989 3545 obiil,sb

167 3561 334 3619 adversariis,
351 3566 380 3609 ut
395 3557 538 3609 uerisimile
556 3558 703 3618 sitiebatur,
734 3564 897 3622 peremptus,
928 3559 990 3609 licet

167 3633 224 3680 reri
240 3632 321 3696 hujus
336 3630 417 3681 credis
433 3636 556 3681 auctores
572 3629 641 3679 clare
659 3629 826 3693 deprehendi
852 3644 988 3696 utinquam

171 3704 319 3767 potuerint.

200 3774 247 3823 vii
276 3774 394 3825 enarrari
426 3777 514 3837 polest
557 3777 658 3838 ‹puunic
687 3773 776 3824 dolore
807 3774 841 3824 sit
876 3774 989 3826 affectus

167 3844 338 3896 Hildebertus
367 3847 400 3895 de
427 3859 492 3895 neec
515 3860 563 3895 suo
588 3845 691 3895 decano
719 3845 989 3909 liudulplio,etcru-

169 3916 265 3968 daliter
298 3932 327 3967 ac
360 3931 408 3980 per
439 3916 562 3974 insidias,
596 3922 625 3967 ul
658 3917 807 3975 ridebatur,
834 3919 914 3967 illata.
942 3918 990 3969 Vir

170 3991 269 4052 quippe
298 3988 441 4048 probitatis
469 3994 527 4038 erat
555 3989 666 4046 saturica,
693 3988 879 4038 ecclesiasticae
906 3989 990 4039 disci·

168 4062 251 4124 plinus
276 4059 422 4116 studiosus,
447 4064 474 4110 ct
502 4059 648 4110 acerrimus
669 4057 793 4109 vitiorum
823 4060 987 4123 insectatum

169 4148 229 4200 qaae
245 4145 349 4183 morum
366 4131 484 4194 probitas
508 4129 666 4180 clericorum
689 4131 791 4189 odium,
815 4145 846 4180 ae
873 4132 988 4196 denique

168 4205 281 4257 esitium
311 4203 361 4267 ipsi
392 4202 508 4267 pararit.
539 4203 604 4252 tinia
628 4216 691 4253 raro
721 4202 783 4253 lruic
808 4204 900 4254 sceleri
918 4218 989 4269 prce·

167 4279 271 4330 buisset
301 4276 469 4327 occasionem
501 4276 642 4324 moratoria
669 4274 772 4340 prmiati
807 4276 908 4326 Nicolai
948 4276 989 4326 de·

167 4350 307 4402 membruti
335 4348 366 4398 ud
396 4348 488 4397 sedern
527 4348 700 4410 apostolicum
741 4346 894 4410 appellatio,
924 4347 988 4398 ltine

167 4424 338 4475 Hildebertus
356 4434 463 4471 causam
494 4419 607 4483 arripuit
631 4419 784 4481 exponendi
811 4433 859 4481 per
884 4420 986 4483 episto·

166 4492 342 4546 lamlilibri
371 4506 398 4548 ιι,
429 4495 529 4555 apuanla
567 4504 600 4540 cr
626 4489 780 4555 hujusmodi
803 4491 986 4548 inistentes-iis,

167 4570 197 4616 ut
211 4568 297 4621 recol,
314 4562 535 4628 appellationibus,
558 4566 584 4612 cl
603 4559 709 4611 illarum
733 4560 844 4612 faciliori
869 4564 987 4612 acurio

166 4638 290 4687 Romana
315 4634 504 4697 susceptione,
549 4633 673 4684 Ecclesiae
716 4634 761 4683 Dei
817 4634 987 4684 imminerent

165 4708 303 4774 pericnla;
333 4725 347 4752 a
378 4707 453 4768 dum,
481 4711 510 4755 ut
539 4707 584 4764 ait,
614 4703 775 4769 pontificalis
802 4705 877 4768 rigor
918 4705 987 4754 elau·

165 4782 313 4847 gucsccrel,
339 4781 365 4828 et
389 4777 584 4826 incrementum
613 4791 660 4841 per
688 4775 876 4841 impunitatem
908 4777 987 4827 susci·

166 4856 242 4917 peret
265 4852 373 4901 ubertas
394 4849 562 4899 delictorum.
589 4870 601 4895 a
624 4849 656 4898 Ei
677 4849 704 4898 id
728 4847 837 4912 quidem
867 4862 922 4898 nou
938 4849 986 4898 ad·

166 4924 276 4975 modum
319 4925 458 4985 gratanter
497 4922 630 4984 accepisse
664 4934 798 4971 summum
834 4921 987 4985 pontificem

165 4995 315 5045 Honorium
329 4992 352 5042 11
368 4992 491 5044 nonnulli
506 5004 569 5042 suut
590 4991 720 5051 arbitrali,
745 4992 791 5042 sed
821 5006 961 5058 perperam
978 5010 985 5055 ;

166 5066 264 5119 cunici
280 5080 385 5129 semper
410 5065 558 5115 honorifica
582 5065 726 5130 singularis
749 5065 935 5116 aestimationis
960 5071 987 5117 et

163 5138 359 5191 benevolentia
383 5137 458 5200 signa
488 5136 664 5199 perhibuerit,
693 5150 809 5201 eumque
832 5136 902 5186 volis
930 5137 986 5186 siris

162 5213 353 5275 morigeratum
370 5210 396 5259 in
413 5208 540 5259 omnibus
555 5222 662 5272 semper
675 5215 802 5272 expertus
818 5208 899 5258 inerit
927 5208 985 5258 Hil-

164 5283 294 5334 dabertus

194 5354 270 5414 Quod
297 5355 337 5403 rel
368 5349 484 5402 masline
514 5351 609 5415 patuit,
639 5364 699 5401 cum
727 5351 852 5402 baldrico
878 5352 985 5403 Dolensi

163 5426 300 5491 episcopo,
331 5424 373 5475 cni
407 5437 483 5473 usiam
518 5423 592 5487 prdiii
616 5424 787 5485 personaliter
817 5425 939 5474 Urbanus
964 5425 986 5473 ll

163 5501 341 5558 concesserat,
357 5496 435 5546 evitis
459 5495 574 5551 sublato,
597 5494 732 5544 Gotirialus
760 5496 819 5558 ejus
848 5509 986 5546 successor

163 5567 461 5633 eadempraerogatira,
503 5572 632 5631 luitquam
670 5565 794 5617 Ecclesiae
832 5581 888 5617 sace
924 5568 985 5632 jure

164 5641 263 5701 debita,
293 5640 345 5691 irai
373 5640 465 5698 soluit,
495 5652 574 5704 quam
601 5651 616 5689 a
653 5638 789 5688 contrario
813 5638 984 5691 Hildebertus

165 5716 215 5768 soli
241 5713 391 5767 'laconensi
416 5712 550 5774 Ecclesiae,
578 5716 704 5778 tanquam
733 5712 815 5763 totius
842 5713 985 5767 Armoricae

167 5786 318 5857 metropoli,
347 5785 465 5839 debitam
491 5785 668 5846 contendens,
699 5798 746 5850 per
774 5782 915 5851 epistolam
945 5789 987 5852 35,

1031 384 1093 436 licet
1108 386 1184 438 senio
1200 388 1347 444 coniectus,
1365 403 1394 439 sc
1409 391 1503 439 sistere
1519 390 1613 442 Romae
1632 406 1722 443 coram
1754 408 1860 447 summo

1031 458 1167 522 pontifice,
1201 466 1231 510 ut
1261 461 1305 525 jos
1334 460 1460 512 Ecclesire
1493 476 1549 513 suae
1581 470 1676 515 contra
1707 466 1857 518 Gollridum

1032 532 1190 595 episcopum
1225 534 1365 582 [islensem
1405 538 1515 584 strenue
1555 535 1720 587 detenderet.
1768 539 1858 604 Hujus

1032 607 1120 654 lamen
1138 606 1242 656 dissidii
1257 607 1338 657 briem
1355 621 1408 658 non
1425 607 1500 657 licuit
1521 608 1568 670 illi,
1591 617 1676 661 morte
1707 620 1857 676 praevento,

1031 677 1141 737 ridere,
1160 680 1232 740 qnod
1248 692 1302 728 non
1319 684 1360 730 est
1374 680 1527 738 dililnltum,
1545 682 1595 730 uisi
1620 696 1692 732 anuo
1718 689 1779 735 llll
1804 700 1858 751 quo

1031 753 1093 811 post
1115 749 1257 798 diuturnas
1282 764 1314 800 ex
1339 763 1452 814 urruqire
1475 757 1549 813 parts
1579 755 1628 802 eub
1644 754 1730 803 tribus
1745 759 1856 820 pontili-

1031 818 1319 884 cibusallercaticnes,
1336 823 1433 872 Lucius
1459 823 1480 871 ll
1506 838 1575 889 papa
1596 825 1736 884 Hupoucru
1765 828 1854 878 Hilde-

1031 890 1099 941 berti
1119 906 1310 954 successorem,
1340 895 1422 944 totius
1444 894 1592 946 Britanniae
1617 898 1856 959 nictropulitauum

1018 963 1139 1012 ‘decreto
1161 978 1210 1014 suo
1238 965 1359 1023 sancivit,
1390 970 1416 1015 el
1438 965 1578 1017 Doleuseaa
1602 969 1756 1028 Ecclesiam,
1786 972 1857 1022 sieut

1031 1035 1223 1086 'l'recoreusern
1253 1043 1280 1088 et
1304 1037 1485 1098 Brloecuscnr,
1511 1040 1549 1089 illi
1577 1041 1713 1106 subjectas
1743 1048 1769 1092 et
1799 1046 1856 1093 sui-

1031 1109 1179 1163 rruaaneas
1207 1108 1361 1172 declaravit,
1382 1109 1525 1175 ipsumque
1554 1114 1692 1176 llugoneru
1723 1120 1859 1180 metropo-

1033 1177 1122 1228 litana
1148 1180 1336 1242 jurisdictione
1366 1184 1523 1233 solemniter
1550 1186 1696 1248 investivit,
1725 1202 1773 1250 per
1805 1194 1861 1239 tra·

1035 1247 1166 1300 ditionem
1183 1252 1268 1301 bacilli
1293 1253 1382 1314 lipuei,
1405 1254 1511 1311 trintina,
1536 1256 1672 1319 plumbea,
1698 1259 1860 1321 uiriliusdam

1036 1320 1131 1371 litteris
1158 1326 1278 1373 romanis
1302 1330 1328 1375 el
1356 1325 1554 1378 characteribus
1582 1327 1728 1392 insculpta,
1745 1329 1773 1379 in
1791 1332 1862 1384 linea

1035 1395 1111 1460 quasi
1140 1399 1231 1459 spirali
1257 1413 1264 1458 3
1296 1399 1372 1463 cujus
1399 1400 1511 1458 tinorum
1540 1401 1703 1465 singularem
1734 1408 1859 1457 eruditus

1034 1475 1125 1517 noster
1139 1469 1168 1518 ι).
1186 1471 1296 1519 alexius
1311 1472 1457 1530 Lobiucau,
1482 1474 1509 1522 in
1535 1477 1642 1537 egregia
1667 1490 1746 1540 quam
1771 1479 1864 1531 edidit

1032 1539 1179 1591 Britannice
1204 1542 1332 1600 Historia,
1354 1549 1419 1594 tom.
1449 1546 1479 1604 ll,
1508 1547 1579 1596 iuter
1603 1550 1675 1598 varia
1701 1549 1773 1600 illius
1805 1543 1859 1602 revi

1033 1614 1129 1672 sicilia.
1147 1616 1273 1681 graphice
1302 1620 1433 1682 scirlptarn
1456 1623 1668 1682 repraesentavit,
1692 1638 1718 1672 ιι.
1743 1625 1782 1685 48,
1809 1627 1860 1676 aab

1002 1685 1129 1759 [abacos.
1158 1704 1172 1738 e
1201 1687 1384 1740 cimeliarchio
1412 1690 1526 1754 insignis
1553 1693 1677 1746 Ecclesiae
1708 1698 1863 1761 metropoli-

1041 1763 1113 1811 tauae
1142 1762 1312 1821 Turonensis,
1361 1764 1405 1814 ubi
1453 1767 1599 1816 etiamnum
1627 1768 1751 1833 religiose
1780 1785 1864 1821 asser·

1041 1837 1129 1883 ratur.

1073 1905 1171 1964 Quanti
1195 1911 1283 1956 autem
1309 1906 1427 1957 nourinis
1449 1913 1474 1958 et
1498 1909 1666 1962 auctoritatis
1686 1927 1745 1964 ιιι
1774 1912 1863 1965 illain

1042 1975 1161 2027 Ecclesia
1188 1979 1268 2028 irrerit
1290 1979 1472 2037 Hildebertus,
1491 1982 1534 2032 vel
1559 1983 1584 2031 id
1611 1983 1864 2046 muxiinelestalur,

1042 2049 1113 2113 quod
1130 2049 1156 2097 in
1172 2050 1218 2098 illo
1242 2049 1339 2099 celebri
1362 2050 1483 2109 dissidio,
1509 2053 1581 2117 qrrod
1609 2055 1678 2104 iriter
1705 2057 1864 2108 Auaelelum

1043 2120 1241 2184 pseudopapam
1258 2128 1284 2171 ct
1306 2121 1494 2174 Innocentium
1528 2123 1557 2174 ll.
1583 2125 1733 2183 lecitimum
1756 2130 1865 2191 pontill-

1043 2207 1099 2241 cem
1129 2190 1281 2242 intercessit
1306 2194 1339 2242 dc
1367 2208 1472 2244 ιιιιιιιιο
1502 2197 1669 2258 proutiiicatu,
1695 2198 1725 2247 ι).
1751 2201 1865 2249 lleraar·

1043 2263 1101 2317 diis,
1119 2263 1239 2313 irnunirui
1269 2264 1446 2315 cardinalium
1472 2281 1614 2322 consensu,
1641 2283 1762 2320 struimus
1786 2272 1865 2334 quusi

1043 2340 1124 2386 taratra
1153 2338 1311 2401 qiiesiiaais
1339 2339 1439 2387 electus
1469 2341 1576 2396 arbiter,
1602 2347 1743 2404 tantopere
1773 2344 1865 2393 Hilde-

1043 2406 1110 2456 berti
1136 2406 1292 2465 sutlraaiuui
1318 2409 1450 2458 ambierit.
1476 2411 1507 2460 Et
1527 2412 1636 2469 uiridem
1665 2414 1742 2462 initio
1774 2414 1864 2465 Hilde-

1043 2478 1133 2527 bertus
1151 2478 1230 2528 Petro
1249 2479 1355 2537 Leonis,
1381 2480 1438 2530 sire
1465 2483 1599 2542 diruelelo,
1625 2486 1717 2546 utpote
1743 2486 1865 2548 pluribus

1044 2548 1177 2611 suffragiis
1205 2552 1297 2607 electo,
1327 2551 1445 2612 farcrst3
1477 2554 1575 2616 quippe
1602 2557 1646 2617 qui
1678 2570 1758 2606 carram
1782 2572 1864 2620 supra

1044 2620 1136 2681 viniani
1171 2635 1250 2671 voees
1284 2625 1395 2672 sortitus
1428 2621 1523 2684 luerat,
1555 2623 1729 2675 Innocentius
1774 2634 1863 2679 aretem

1042 2700 1144 2756 septiens
1173 2699 1277 2745 tantum
1303 2710 1384 2760 supra
1406 2697 1506 2746 decern.
1531 2699 1588 2757 (ιιι
1615 2705 1764 2764 consperto,
1795 2701 1864 2751 Aria·

1043 2766 1121 2823 clcto,
1154 2765 1236 2830 priori
1266 2769 1417 2831 pluralitate
1446 2782 1541 2818 vocula
1570 2770 1662 2826 electo,
1694 2771 1865 2823 Hildebertus

1043 2837 1114 2887 baria
1140 2839 1191 2887 tide
1232 2839 1390 2889 adheserat.
1429 2839 1457 2889 li
1501 2841 1719 2891 animadvertens
1755 2850 1865 2894 soricius

1044 2907 1206 2973 Bernartius,
1232 2911 1311 2960 sirnul
1340 2916 1366 2959 et
1393 2912 1487 2976 quanti
1516 2911 1587 2961 iuret
1610 2914 1748 2968 momenti,
1774 2914 1866 2964 elHil·

1044 2982 1179 3039 deb-raus,
1196 2982 1272 3045 cirine
1291 2983 1396 3045 pietalis
1422 2989 1448 3032 et
1478 2983 1609 3034 doctrines
1637 2985 1708 3034 ιιιιιι
1736 3000 1783 3047 per
1804 2989 1866 3036 uni-

1045 3069 1149 3103 versam
1180 3055 1235 3104 iere
1270 3054 1413 3104 Ecclesiam
1453 3056 1611 3118 pervolarat,
1653 3070 1753 3121 uirique
1784 3061 1866 3109 totius

1045 3127 1190 3177 Britanniae
1219 3127 1444 3190 metropolitauus
1472 3135 1538 3178 erat.
1570 3143 1629 3178 curn
1653 3129 1709 3179 suis
1733 3131 1865 3195 solicana-

1044 3198 1294 3263 nclsepiscopisab
1319 3196 1477 3246 luuocenlio
1502 3198 1637 3257 deiiceret,
1666 3203 1802 3265 epistolam
1833 3204 1866 3251 ad

1043 3269 1131 3334 ipsam
1165 3270 1237 3320 misit
1270 3273 1381 3320 oraraiuo
1415 3271 1583 3332 patheticam,
1619 3287 1671 3335 qaia
1708 3274 1796 3336 ipsum
1831 3275 1864 3324 ab

1043 3343 1169 3393 doacleto
1188 3341 1340 3400 alivertercl,
1371 3344 1398 3390 et
1426 3341 1458 3390 ud
1489 3343 1685 3401 luuoceutium,
1714 3350 1743 3394 ut
1775 3345 1868 3409 legiti-

1042 3428 1115 3464 mum
1146 3413 1311 3476 pontitlcem,
1337 3417 1482 3471 revocaret,
1508 3418 1538 3462 ut
1558 3419 1584 3464 et
1608 3416 1696 3477 reipsa
1718 3420 1864 3467 revocarit.

1045 3486 1203 3548 llplurlbus
1230 3486 1331 3548 qirippe
1356 3485 1435 3533 aunis
1456 3485 1526 3532 inter
1547 3498 1575 3534 se
1607 3487 1636 3535 ll.
1661 3486 1813 3537 Bernardue
1838 3493 1865 3540 et

1044 3557 1212 3606 llildebertas
1244 3563 1342 3604 sanctie
1372 3554 1582 3604 necessitudinis
1607 3557 1696 3606 ioealus
1737 3557 1863 3616 inierant,

1044 3628 1170 3692 alliquet
1186 3640 1218 3676 ex
1234 3628 1346 3687 epistola
1374 3626 1412 3681 ιιι.
1438 3626 1484 3675 lib.
1509 3642 1546 3684 ur,
1573 3629 1718 3678 Hildeberli
1743 3630 1776 3679 ad
1803 3644 1864 3679 sun·

1043 3708 1114 3752 cturn
1131 3701 1303 3751 Bernurdum.
1328 3713 1380 3763 qaia
1403 3697 1475 3749 intra
1499 3700 1653 3760 sacrariam,
1684 3705 1713 3749 ut
1736 3701 1865 3764 loquitur,

1042 3773 1099 3837 ejus
1124 3772 1245 3821 sancitis
1267 3769 1345 3820 enixe
1373 3772 1487 3833 petierat
1509 3771 1623 3827 udrrtitti,
1651 3775 1677 3820 ct
1694 3786 1725 3821 cx
1754 3772 1866 3836 epistola

1043 3846 1073 3896 to
1096 3844 1215 3908 ejsudem
1241 3843 1299 3892 libri
1322 3843 1352 3892 D.
1377 3842 1505 3891 Beriiardi
1530 3843 1563 3891 ad
1588 3844 1780 3901 llildebertum,
1809 3850 1866 3894 tota

1042 3917 1169 3968 rncllillua
1186 3921 1211 3966 al
1227 3915 1286 3980 ejus
1301 3914 1424 3963 laudibus
1449 3913 1570 3976 lulpcuti.
1596 3915 1671 3963 Uudo
1695 3916 1722 3963 ia
1753 3917 1866 3978 praelata

1043 3988 1165 4052 epistola,
1199 4001 1279 4051 qiruar
1313 3988 1336 4036 ei
1370 3986 1402 4035 ds
1436 3985 1507 4034 illius
1554 3987 1715 4049 percelebris
1762 3986 1866 4038 dissidii

1042 4061 1149 4123 negotio
1178 4057 1280 4118 scribit,
1309 4057 1332 4108 ei
1361 4071 1389 4106 se
1415 4063 1541 4121 tauquam
1571 4056 1696 4107 turniliari
1723 4061 1749 4108 ct
1788 4062 1866 4123 nolo,

1042 4132 1113 4197 qirod
1133 4144 1240 4195 mquam
1265 4133 1291 4179 et
1310 4128 1432 4178 aeclesia
1462 4129 1588 4179 censebat
1617 4130 1690 4186 utile,
1720 4144 1863 4194 sucgerere

1042 4204 1114 4265 dicit,
1132 4223 1144 4247 a
1160 4216 1193 4252 ne
1211 4206 1322 4257 tautam,
1347 4201 1443 4263 inquit,
1470 4199 1595 4251 Ecclesiae
1619 4201 1771 4250 columnam
1801 4217 1864 4253 con·

1042 4273 1097 4325 cuti
1116 4274 1291 4329 contluaerct.
1309 4291 1320 4315 a
1347 4270 1450 4329 eribus
1472 4269 1580 4319 uronitis
1603 4269 1717 4320 libenter
1742 4275 1866 4336 acquies-

1042 4360 1105 4396 cens
1128 4344 1310 4400 Hildebertus,
1340 4347 1424 4392 tolam
1451 4342 1625 4400 atanaricum,
1650 4347 1677 4392 el
1707 4344 1866 4395 consitilset

1042 4417 1175 4482 exemplo,
1211 4415 1244 4465 ud
1282 4420 1371 4478 partes
1400 4415 1510 4475 legitimi
1540 4415 1675 4479 pontilicis
1712 4415 1866 4466 luuoccrrtii

1042 4492 1129 4547 traxit,
1156 4492 1182 4539 et
1206 4487 1229 4537 ei
1254 4500 1313 4537 cum
1340 4487 1465 4536 universa
1494 4485 1553 4551 ipsa
1568 4486 1696 4550 deinceps
1710 4492 1866 4539 constanter

1042 4561 1156 4611 aellioeslt
1170 4562 1225 4615 (aa.
1245 4558 1324 4621 ll30).

1071 4633 1137 4683 Cum
1166 4636 1255 4682 autem
1280 4629 1321 4680 vel
1346 4630 1415 4679 ialer
1441 4630 1595 4694 frequentes
1621 4631 1864 4696 mgritrrdinismo·

1041 4704 1140 4762 lcslius,
1165 4705 1261 4769 uiribus
1290 4703 1340 4751 sub
1366 4702 1465 4751 ultimis
1496 4703 1665 4766 pontificatus
1689 4705 1729 4753 sul
1759 4710 1866 4768 tempo-

1041 4778 1125 4834 ribus,
1154 4777 1297 4837 asperitate
1324 4776 1395 4831 vitae,
1425 4774 1569 4833 laboribus,
1601 4774 1733 4840 senioque
1773 4776 1866 4826 coaic-

1042 4856 1108 4911 ctus,
1139 4848 1325 4904 allliclubulur,
1356 4860 1411 4894 uon
1435 4847 1561 4897 deessent
1591 4847 1713 4899 effrenati
1742 4848 1863 4913 quidam,

1041 4922 1121 4973 etiam
1152 4934 1184 4969 cr
1208 4919 1279 4968 clero
1303 4918 1348 4981 qui
1376 4917 1435 4980 ejus
1459 4919 1639 4970 instruentibus
1665 4920 1697 4969 ad
1715 4920 1864 4984 discipline

1041 4991 1234 5045 relaxationem
1263 4989 1348 5048 abusi,
1374 4990 1455 5040 variis
1480 5005 1507 5040 se
1536 4993 1691 5050 sceleribus,
1717 4993 1749 5043 ad
1772 4993 1864 5043 Eccle-

1041 5067 1087 5116 siae
1120 5063 1236 5112 dedecus
1268 5066 1295 5110 et
1328 5060 1446 5111 fidelium
1481 5063 1644 5121 scandulum,
1680 5066 1863 5128 polluerent:

1042 5135 1164 5198 accipre
1192 5133 1362 5182 Hildebertus
1385 5136 1414 5182 ut
1436 5135 1524 5184 bonus
1550 5141 1641 5198 pastor
1670 5151 1719 5187 suo
1743 5148 1863 5200 unquam

1042 5206 1127 5257 deluit
1155 5204 1253 5264 citicio,
1276 5203 1422 5267 cpuorninus
1446 5205 1504 5255 illos
1532 5212 1684 5269 opportune
1710 5213 1736 5258 et
1760 5206 1864 5269 impor-

1042 5284 1105 5329 tune
1129 5277 1217 5329 alienis
1243 5275 1475 5338 increpationibus
1501 5283 1631 5341 argueret,
1660 5282 1687 5328 et
1711 5280 1738 5329 iu
1754 5279 1864 5342 praetra-

1042 5357 1097 5401 clos
1113 5355 1139 5400 ct
1154 5348 1278 5404 rebelles,
1306 5347 1434 5397 arlbibilis
1459 5349 1533 5412 prius
1557 5348 1693 5401 incassum
1724 5348 1863 5401 charitatis

1041 5423 1202 5486 cvarrgclicea
1235 5420 1356 5482 repetitis
1387 5421 1589 5479 monitionibus,
1623 5426 1649 5472 et
1695 5420 1865 5487 quibuslibet

1041 5495 1196 5547 Cbrlstiaare
1222 5492 1370 5554 prudentiae
1399 5491 1533 5551 remediis,
1563 5494 1644 5543 etlam
1680 5491 1864 5544 creauimuni·

1041 5570 1153 5620 cationis
1178 5565 1280 5615 lutmcn
1314 5561 1459 5625 aliquando
1486 5562 1592 5615 uibrare
1620 5571 1770 5629 cogeretur.
1807 5564 1865 5624 Quo

1041 5642 1151 5709 quidam
1166 5639 1272 5690 illorum
1288 5629 1415 5699 percussi,
1444 5645 1475 5682 eo
1498 5637 1654 5698 pervicaciae
1681 5640 1861 5697 devenerant,

1041 5722 1071 5768 ut
1094 5715 1127 5766 ad
1155 5710 1244 5763 sedern
1274 5703 1446 5769 apostolicam
1477 5710 1629 5769 procaciter
1652 5709 1862 5774 appellantem

1042 5801 1148 5844 summ,
1171 5782 1229 5850 ipsa
1256 5774 1389 5844 pontiaco,
1415 5777 1462 5825 aut
1488 5778 1521 5827 ab
1549 5778 1608 5846 eius
1622 5782 1751 5835 ministris
1777 5779 1861 5834 seriis
