3802 6030
99 291 140 352 ts
702 248 892 346 uersibus
918 279 1199 343 ososcmonu.
1772 276 1809 336 u

98 424 273 493 momenti
303 422 440 511 neqotio
477 421 648 511 presules
689 419 902 496 Gallicanos,
946 417 1163 487 iudustriam
1199 415 1390 486 admodum
1425 423 1459 485 et
1493 413 1811 503 prudentissimum

98 528 376 601 caduceatorem.

138 641 213 710 Nec
236 639 409 706 minorem
428 635 679 722 proculdubio
699 634 777 704 orbi
798 635 870 702 toti
887 631 995 702 mouit
1019 633 1291 701 admirationem
1311 650 1351 699 ea
1367 639 1429 700 tua
1456 650 1596 700 summa
1619 630 1802 707 modestia,

93 765 181 834 qua,
207 764 287 813 curu
310 742 420 810 simul
442 740 727 827 conspirantibus
748 740 930 808 amborum
955 758 1076 827 requm
1097 739 1352 825 potentissimis
1374 736 1518 825 officiis,
1545 738 1595 806 ad
1607 755 1808 828 purpuram

93 853 285 928 vocaveris,
311 851 374 917 oio
396 847 576 935 inpressas
605 847 743 928 Urbem,
767 848 865 914 bunc
882 847 1048 914 bonorem
1071 844 1164 912 illico
1187 853 1221 913 et
1244 845 1336 911 ultro
1355 844 1523 925 oblatum,
1542 862 1607 930 per
1631 852 1738 912 totum
1767 861 1811 912 oc

90 959 246 1025 solidum
267 958 378 1024 areius
398 955 490 1022 anui
514 952 740 1031 curriculum,
762 962 795 1020 et
817 950 909 1021 breno
937 952 1043 1021 uariis
1072 953 1224 1021 motibus
1256 952 1442 1039 aqitatum,
1469 950 1574 1019 etiam
1600 970 1680 1020 cum
1704 960 1811 1020 tantos

92 1067 190 1152 sorte
205 1063 387 1152 diqnitatis
410 1060 610 1129 amittenda
630 1061 803 1147 periculo,
825 1072 1023 1146 caspectare
1042 1060 1153 1127 sotius
1168 1059 1340 1136 babuisti,
1363 1077 1505 1147 quomo
1519 1060 1611 1148 repis
1629 1070 1662 1126 et
1677 1059 1816 1128 domini

93 1174 151 1240 tui
168 1168 360 1244 mandatis,
382 1189 456 1257 que
479 1181 596 1235 lamere
612 1175 715 1235 tuum
739 1166 788 1235 ad
799 1168 1016 1236 commodum
1043 1164 1270 1251 interpretari
1289 1167 1400 1251 facile
1417 1167 1601 1252 potuisses,
1627 1167 1681 1234 uel
1698 1166 1810 1235 latum

96 1298 258 1365 umquem
282 1275 452 1345 recedere.
486 1276 584 1344 Unde
596 1277 734 1363 sactum
762 1282 824 1352 est,
853 1282 1013 1363 utquam
1044 1274 1185 1361 epreqia
1207 1270 1319 1340 animi
1341 1273 1591 1355 moderatione,
1609 1281 1648 1340 tu
1662 1270 1812 1364 tibiipsi

90 1387 267 1473 superior,
285 1385 341 1452 vel
352 1389 475 1473 sponte
493 1384 598 1470 quasi
611 1400 674 1449 sua
694 1381 761 1449 tibi
773 1380 976 1449 adulantem
1001 1399 1225 1449 recusaveras
1241 1398 1455 1467 purpuram,
1474 1380 1662 1468 qlariosius
1682 1378 1811 1449 deinde

94 1490 368 1580 consequereris.

140 1598 233 1668 Inde
250 1617 336 1665 sane
350 1617 486 1664 summo
503 1596 565 1664 illa
581 1596 636 1662 uel
648 1595 745 1681 opud
757 1612 935 1663 summum
946 1591 1151 1681 pontificem
1166 1602 1200 1662 et
1224 1602 1438 1683 purpuratos
1458 1598 1578 1663 Patres
1603 1613 1721 1663 omnes
1736 1613 1810 1663 me·

95 1707 169 1773 riro
200 1724 276 1793 que
303 1703 369 1773 tibi
395 1701 550 1790 contiqit,
580 1701 814 1782 existimatim
843 1709 875 1766 et
904 1700 1029 1768 iudeo
1056 1718 1136 1787 repe
1165 1701 1326 1769 omnium
1355 1704 1511 1769 maaimo
1526 1702 1683 1786 impensa
1703 1701 1812 1769 crevit

88 1814 234 1900 qratia;
252 1820 285 1877 et
300 1810 383 1877 intle
402 1811 543 1877 tandem
571 1809 867 1896 acquisitr'ssimus
890 1808 951 1875 ille
979 1804 1141 1885 delectus,
1166 1827 1233 1895 quo
1262 1815 1295 1876 te
1318 1815 1366 1876 tot
1391 1807 1627 1895 leqationibus
1652 1826 1717 1893 per
1735 1811 1809 1876 lta·

93 1918 198 1998 liam,
220 1918 459 1991 Germaniam.
482 1916 702 2002 Hispaniam,
721 1914 942 1983 Lusitaniam
957 1916 1035 1982 orbi
1047 1916 1284 2002 spectaculum
1302 1916 1401 2000 fecit,
1427 1934 1529 2001 quem
1544 1914 1806 1983 devotissimum

92 2041 127 2096 ct
145 2027 491 2112 perspicacissimum
508 2043 623 2092 rerum
642 2043 791 2091 suarum
806 2023 933 2111 ubique
951 2024 1220 2104 moderatorem,
1242 2031 1281 2090 ut
1304 2022 1386 2091 olim
1407 2031 1589 2109 parentem
1609 2031 1708 2091 tuum
1726 2024 1804 2109 sor-

89 2136 275 2203 tissimum
290 2131 478 2212 vindicem,
491 2131 612 2218 suerat
630 2141 809 2208 expertus.

151 2241 271 2307 Talem
283 2249 316 2305 te
335 2246 453 2305 noster
475 2235 533 2304 bic
547 2236 770 2304 Hildebertus
790 2237 896 2322 quasi
911 2233 1083 2302 redivivus
1112 2237 1223 2302 ambit
1233 2243 1437 2324 patronum,
1468 2236 1553 2304 dum
1570 2239 1647 2322 fere
1663 2237 1806 2323 iqnotus

91 2350 138 2414 in
152 2364 277 2413 nouum
286 2346 382 2413 oetut
395 2345 548 2430 resurqit
562 2343 690 2410 orbem.
704 2344 766 2410 Illi
774 2343 861 2430 quid
872 2343 1082 2430 qloriosius?
1096 2343 1253 2431 llliquid
1265 2344 1397 2411 tutius?
1408 2344 1505 2428 Quid
1513 2345 1607 2411 euim
1618 2345 1701 2411 rnre
1713 2361 1809 2429 pru·

93 2453 185 2521 sr'dii
192 2453 357 2519 aduersus
373 2452 617 2519 obtrectatores
632 2468 855 2537 quoscunque
863 2451 994 2533 presul
1002 2450 1061 2517 liic
1079 2450 1324 2519 orbiredditus
1336 2470 1408 2519 non
1424 2463 1537 2537 speret
1550 2451 1595 2519 ab
1610 2448 1808 2518 eruditissi-

90 2578 164 2635 mo,
178 2558 495 2645 perspicacissimo,
507 2557 705 2644 equissimo
715 2558 892 2642 preasule?
909 2555 1082 2636 Ouiduon
1093 2557 1247 2625 subsidii
1264 2559 1539 2639 apoteutissima
1560 2559 1638 2644 ipsa
1654 2558 1807 2626 Hstroeo-
1860 2602 1865 2609 -

91 2686 176 2734 rum
188 2674 379 2755 qente,tota
388 2666 497 2733 sacris
506 2665 633 2749 infulis
642 2683 706 2750 pro
718 2665 853 2732 meritis
864 2665 1060 2749 spectabili.
1073 2673 1144 2733 toto
1151 2684 1217 2751 pro
1225 2666 1339 2750 partis
1350 2674 1455 2743 terro,
1468 2667 1627 2753 marique
1638 2664 1806 2743 victoriis,

91 2770 449 2860 militaribus,iisque
463 2771 611 2839 summis
621 2771 814 2839 bonoribus
826 2770 980 2838 illustri?
996 2771 1092 2852 Quid
1103 2790 1174 2839 non
1186 2772 1329 2839 tandem
1338 2781 1453 2856 speret
1463 2771 1587 2860 officii,
1603 2795 1620 2835 s
1634 2773 1741 2841 totius
1752 2789 1810 2840 re·

91 2882 259 2950 ueremini
279 2880 420 2965 prasut,
443 2880 536 2965 »tsic
560 2879 688 2945 iterum
708 2877 948 2946 Hildebertum
972 2878 1184 2963 Bernartius)
1202 2876 1249 2964 (6)
1265 2879 1308 2945 ab
1326 2878 1602 2946 eminentissimo
1616 2877 1806 2960 cardinali,

91 2989 158 3076 qui
170 3006 273 3055 sacra
284 2987 424 3054 tandem
442 3003 601 3071 purpura
620 2985 778 3070 sulqeus.
799 3003 836 3052 se
851 2992 962 3052 totum
980 2986 1151 3064 Hcclesiee,
1169 2984 1257 3071 cepi,
1283 2985 1410 3064 patric
1425 2985 1568 3063 dicavit,
1585 2993 1616 3050 et
1629 2984 1725 3073 quod
1734 3002 1808 3052 non
1866 3064 1869 3071 Ι

94 3093 171 3161 nisi
182 3093 382 3166 submissis,
398 3092 462 3159 sed
477 3091 736 3160 assultantibus
752 3091 884 3159 animis
899 3091 1145 3178 predicamus,
1166 3109 1202 3158 se
1216 3091 1316 3159 nobis
1330 3092 1415 3159 odeo
1436 3090 1637 3159 benevolum
1654 3091 1810 3176 prebere

95 3201 269 3287 diquatus
294 3208 355 3276 est.
380 3199 500 3266 statim
524 3210 563 3266 ut
582 3216 604 3265 a
621 3197 949 3286 munificentissimo
969 3217 1061 3284 repe,
1082 3196 1281 3286 oequissimo
1298 3198 1435 3286 (siquis
1458 3197 1644 3287 unquam),
1668 3198 1810 3266 merito·

98 3324 181 3373 rum
198 3306 345 3382 orbitro,
362 3305 430 3385 illi,
455 3304 510 3371 oel
531 3304 755 3390 incoqitonti,
781 3302 1024 3372 commendata
1040 3312 1091 3371 est
1106 3305 1423 3389 Sanqermanensis
1446 3315 1565 3371 nostra
1584 3305 1658 3372 buc
1680 3303 1809 3392 reqalis

94 3410 253 3480 abbatia.
280 3413 374 3480 Hinc
391 3410 542 3479 maxime
557 3412 668 3491 nobis,
686 3409 962 3480 eminentissime
986 3411 1149 3479 Ecclesia
1177 3411 1356 3496 Princeps,
1381 3411 1531 3495 qloriari
1544 3418 1579 3478 et
1592 3408 1808 3496 applaudere

92 3538 164 3606 per
181 3529 217 3587 te
239 3517 352 3597 liceat,
373 3538 457 3608 quos
478 3527 528 3587 tot
550 3518 794 3589 benevolentia
818 3518 933 3607 siquis
953 3525 1038 3586 totos
1064 3519 1133 3585 tibi
1147 3518 1313 3597 devincis,
1339 3535 1422 3605 quos
1441 3516 1490 3584 ad
1510 3528 1687 3604 utcunque
1703 3516 1808 3585 utilia
1852 3525 1856 3533 '

94 3626 308 3715 quaudoque
326 3628 419 3710 sorte
431 3625 558 3714 futura
574 3625 652 3693 orbi
675 3621 842 3694 eotbolico
857 3623 990 3705 studia
1013 3622 1081 3691 tuis
1105 3623 1408 3692 adbortotionibus
1424 3624 1531 3711 eriqis
1547 3633 1580 3690 et
1590 3626 1701 3710 toves,
1723 3638 1809 3710 quos

95 3733 252 3822 denique
268 3732 319 3800 ad
329 3733 487 3801 decorem
506 3733 633 3801 domus
648 3733 713 3800 Hei
730 3731 974 3819 munificentia
990 3739 1052 3799 tua
1072 3732 1164 3799 ditas
1181 3739 1215 3799 et
1234 3732 1370 3800 solares.

145 3846 239 3909 Huni
258 3839 399 3907 interim
417 3858 451 3907 a
442 3840 537 3927 liquo
555 3836 734 3912 celebrior,
752 3848 784 3905 et
800 3846 832 3904 te
853 3838 997 3924 diqnior
1021 3839 1248 3907 observantie
1266 3838 1403 3906 anobis
1428 3840 1496 3908 tibi
1514 3838 1719 3907 exbibenda
1738 3854 1812 3905 sese

97 3948 230 4034 offerat
246 3948 391 4022 occasio,
405 3954 538 4035 palere,
555 3945 748 4013 cardinalis
774 3942 1059 4024 eminenltNJssune
1078 3957 1114 4015 ut
1127 3955 1207 4034 qrat
1208 3947 1221 4012 i
1234 3948 1348 4015 nostri
1359 3965 1442 4034 erqo
1458 3959 1489 4015 te
1503 3948 1616 4015 animo
1638 3946 1760 4015 vadem
1774 3962 1811 4012 se

95 4054 257 4141 praebeat
270 4053 494 4121 Hildebertus
511 4063 639 4120 noster.

149 4163 198 4227 Hr
209 4179 252 4227 ne
266 4171 308 4228 ae
320 4159 492 4248 propositi
505 4160 617 4226 nostri
640 4159 840 4225 sinceritate
860 4157 1008 4240 dubites,
1035 4096 1185 4246 benique
1207 4160 1344 4246 suscipe
1369 4179 1557 4247 supparem
1572 4160 1649 4242 eius
1670 4169 1703 4229 et
1720 4159 1814 4228 ami-

99 4267 283 4335 cissrmum
302 4267 359 4334 illi
377 4266 583 4335 Morbodum
598 4265 836 4335 bledanensem
851 4264 1061 4351 episcopum,
1082 4276 1116 4334 et
1140 4269 1256 4356 ipsum
1272 4269 1321 4334 ad
1342 4270 1407 4336 boe
1422 4267 1628 4343 redi'‚oroum
1648 4268 1717 4334 ut
1703 4287 1740 4335 ru
1756 4284 1813 4334 ore

97 4375 256 4443 duorum
272 4375 480 4461 praesulum,
498 4373 599 4442 omni
618 4374 824 4456 acceptione
843 4371 1038 4460 majorum,
1059 4374 1172 4454 dorem
1191 4386 1223 4443 et
1235 4377 1376 4461 firmum
1399 4383 1466 4443 stet
1492 4374 1701 4441 humillimae
1728 4391 1812 4458 erqo

99 4488 133 4547 te
147 4489 277 4548 nostre
295 4480 494 4548 reverentie
508 4476 665 4546 verbum.
683 4477 895 4547 Morbodum
909 4477 997 4555 dieo,
1011 4481 1198 4565 presulem
1214 4479 1316 4547 illum
1332 4482 1401 4547 vita
1422 4488 1455 4547 et
1469 4478 1605 4564 scriptis
1621 4477 1702 4546 olim
1717 4498 1815 4547 cons·

91 4589 265 4674 picuum,
290 4588 352 4674 qui
372 4588 414 4655 de
444 4588 615 4656 bonarum
636 4587 845 4666 litterarum,
874 4587 1001 4673 quibus
1024 4587 1201 4674 quondam
1225 4587 1412 4672 Andeqaoi
1422 4584 1600 4674 floruerat,
1638 4585 1813 4669 cathedra,

99 4694 308 4764 catliedram
333 4692 571 4782 pontificalem
595 4693 825 4762 conscendere
851 4695 993 4774 meruit,
1015 4696 1076 4763 oui
1094 4702 1165 4763 tom
1191 4696 1264 4781 pie,
1287 4707 1359 4762 tom
1381 4704 1500 4763 sancte
1520 4695 1661 4772 insedit,
1686 4704 1726 4764 ut
1739 4695 1815 4783 qui,

101 4802 193 4871 diem
216 4800 354 4883 oioeret,
376 4803 469 4869 inter
487 4800 672 4881 litteratos,
693 4801 785 4868 sicut
804 4820 937 4887 suppar
959 4822 1055 4880 suus,
1077 4803 1319 4890 etfamiliaris
1334 4805 1468 4871 amicus
1490 4800 1719 4885 Hildebertus,
1747 4820 1816 4869 no·

100 4910 366 4979 minatissimus
385 4907 525 4978 babitus
537 4911 669 4996 luerat,
686 4916 767 4993 post
783 4906 930 4990 obitum,
951 4909 1040 4977 sicut
1059 4919 1092 4977 ct
1113 4911 1200 4996 ipse,
1219 4908 1343 4980 Gallia
1356 4919 1550 4978 sanctorum
1564 4911 1670 4994 lastis
1688 4909 1817 4976 meruit

104 5015 259 5087 inscribi
270 5018 326 5105 (7).
342 5019 388 5085 Et
406 5013 461 5083 bic
479 5016 599 5092 etiam,
617 5014 895 5082 eminentissime
914 5017 1059 5098 Prusul,
1075 5017 1226 5084 tantillis
1244 5018 1339 5084 curis
1363 5015 1491 5084 nostris
1507 5017 1613 5104 quasi
1629 5033 1817 5101 resurqens

102 5141 123 5190 e
144 5120 294 5204 tumulo,
315 5141 384 5212 quo
398 5140 433 5190 se
448 5122 514 5191 sub
528 5123 610 5190 vitu
623 5120 742 5206 finem,
760 5119 921 5190 abdicato
934 5130 1065 5210 sponte
1087 5122 1311 5212 pontificatu,
1330 5121 1467 5193 cbristo
1487 5119 1739 5213 consepelierot
1756 5119 1816 5210 (8),

158 5333 192 5413 6)
208 5336 263 5407 Ep.
281 5338 352 5408 12³,
369 5336 444 5400 edit.
463 5336 946 5410 Mabitt„h10relstasubnum
962 5343 1011 5414 tt,
1029 5341 1149 5407 11br111

160 5415 194 5493 ἲ)
209 5417 468 5496 martyrologium
482 5420 680 5481 Gallicanum
695 5417 852 5480 'tullensis
867 5419 1017 5513 episcopi.

147 5497 197 5576 (8)
212 5496 331 5558 Herem
355 5497 523 5560 Harbodus
536 5499 684 5562 abdicato
708 5498 944 5577 pontificatu,
936 5519 969 5564 m
984 5505 1232 5568 monasterius.
1258 5503 1363 5567 Albini
1381 5503 1615 5586 Andegovonoie
1643 5502 1818 5568 monachus
1855 5576 1858 5581 ,

96 5576 273 5671 protessus
286 5576 483 5641 unitissimo
497 5578 576 5640 obiit
590 5597 642 5642 sn.
659 5581 749 5642 112³.
