3802 6030
54 264 132 326 lusu
670 263 851 329 CARMINA
873 261 1157 327 MleEbbditb'A.
1684 265 1762 335 itta

83 401 117 455 ut
132 414 200 455 uum
216 398 333 457 fortuna
348 403 466 473 statque
480 399 621 473 caditque
640 398 724 457 tides.
896 400 924 467 Α
974 402 1115 469 AEquoreo
1130 397 1242 457 bibitur
1257 395 1393 456 cumaaie
1409 396 1496 454 mista
1507 395 1601 470 palus.

50 485 113 543 Nou
129 483 214 543 facile
228 485 358 544 iuvenies
370 487 470 543 multis
485 487 515 544 in
539 487 670 545 millibus
695 503 787 544 uuum
937 485 1041 543 Omnia
1052 487 1212 558 dcssciunt3
1227 486 1449 544 animustumeu
1466 485 1564 543 omnia
1577 486 1666 545 vincit
1681 503 1689 545 ι

84 575 230 634 Virtutem
242 575 368 650 pretium
385 576 436 649 qui
447 582 529 649 putot
543 594 609 636 esse
621 577 679 637 sui.
973 574 1023 631 llis
1038 575 1126 633 stiam
1142 576 1217 634 vires
1232 593 1338 648 corpus
1353 574 1461 633 babere
1472 575 1552 635 iacit.

49 665 116 738 lpse
131 665 219 725 decor
233 665 316 734 recti,
333 666 400 723 iacti
430 667 455 725 si
482 669 601 740 praemia
615 669 734 734 dosunt,
931 664 1030 736 Goeptu
1046 670 1122 735 tens,
1143 683 1251 739 quaeso,
1275 682 1328 723 uec
1344 665 1373 722 in
1389 681 1505 738 equore
1533 664 1633 722 desere
1658 674 1761 738 ratem,

85 754 148 813 Nun
166 758 302 826 menetai
316 754 408 828 gratis
424 756 545 829 penitet
557 773 622 815 asse
634 757 769 832 probum,
972 756 1076 830 Meque
1090 755 1179 813 simul
1192 772 1286 827 servu,
1298 755 1503 828 judiciumque
1525 760 1621 812 tuum.

49 845 148 903 ilitius
159 849 204 904 est
219 846 302 919 lapso
313 845 436 918 digitum
448 863 614 920 supponere
628 851 737 915 mento,
931 847 1082 923 Supplicia
1093 846 1210 914 exaudi,
1220 846 1363 919 juvenum
1376 844 1542 912 mitissime,
1564 861 1674 918 vocem,

80 938 209 1008 Margara
224 952 312 1007 quam
326 934 448 1009 liquidis
458 952 509 995 cra
520 936 648 995 natantis
662 937 758 1009 aquis.
967 942 1119 1011 Quamque
1134 942 1216 1010 potes
1232 936 1354 1009 profugo
1369 935 1448 1007 (uam
1458 936 1561 1008 potes),
1577 934 1649 992 affor
1661 951 1757 1008 opem.

43 1025 172 1100 Corripis
192 1033 222 1083 ut
238 1026 328 1085 debas
339 1026 423 1086 stulti
438 1031 558 1100 peccate
572 1026 692 1094 sodalis,
933 1031 976 1087 iic
992 1029 1109 1085 fortuna
1122 1026 1189 1096 tibi,
1205 1027 1240 1082 dc
1255 1025 1400 1097 quaqucd
1419 1041 1477 1082 non
1501 1040 1608 1097 queror
1620 1023 1676 1083 hcc
1703 1029 1758 1098 ast,

80 1119 115 1172 Et
131 1116 209 1172 maia
223 1133 270 1175 me
283 1117 398 1176 meritis
414 1117 489 1175 ferre
505 1117 621 1175 minora
633 1116 725 1176 doles.
967 1117 1112 1185 Tradidit,
1124 1115 1179 1173 boc
1195 1131 1253 1172 uno
1269 1130 1327 1170 non
1342 1113 1463 1170 inimica
1478 1112 1560 1171 mibi.

46 1207 119 1265 Vera
131 1207 215 1277 iacis,
231 1209 283 1266 sed
298 1224 364 1265 sera
374 1223 445 1266 meas
457 1206 589 1267 convicia
599 1208 692 1280 cuipas
705 1226 718 1274 ,·
929 1205 1165 1282 iuppiteroranti
1180 1205 1285 1263 surdas
1300 1205 1325 1261 si
1342 1205 1468 1277 praebeat
1483 1219 1578 1273 aures,

81 1298 183 1355 sut
201 1303 313 1371 Aspera
326 1300 459 1355 contessa
469 1298 680 1354 verberemitte
695 1312 760 1354 meo
967 1298 1092 1356 Victima
1107 1312 1158 1370 pro
1171 1294 1282 1368 templo
1298 1300 1368 1350 tunc
1383 1293 1468 1350 cadet
1484 1293 1541 1349 icta
1561 1293 1624 1349 ruri
1641 1308 1648 1348 :

45 1388 117 1445 Cum
130 1389 262 1459 poteram
279 1390 357 1444 recto
371 1386 482 1444 mnsirs
497 1386 641 1444 ceraunia
655 1385 718 1443 seio
930 1389 960 1445 Si
974 1403 1075 1462 paoem
1086 1383 1197 1443 nuliam
1212 1382 1329 1457 penitus
1340 1382 1414 1439 mibi
1425 1385 1544 1456 prestat
1557 1381 1648 1449 eunti,

79 1474 115 1533 Ut
130 1475 191 1533 iera
203 1477 326 1534 vitarem
337 1493 407 1534 saxa
422 1477 589 1533 monendus
598 1491 700 1534 cram:
964 1477 1051 1534 irrita
1070 1476 1205 1549 Neptuno
1221 1489 1273 1530 cur
1286 1488 1341 1545 ego
1350 1472 1428 1531 dona
1441 1471 1534 1529 teram
1547 1471 1562 1528 i

44 1565 129 1624 Nunc
145 1565 217 1623 mibi
235 1565 387 1638 naufragio
402 1565 473 1638 quid
486 1566 605 1641 prodest
620 1566 732 1623 discere
743 1564 831 1636 iacto,
929 1568 966 1623 At
982 1580 1154 1638 quanquam
1167 1562 1255 1635 longa
1271 1565 1332 1621 toto
1345 1561 1440 1618 simus
1453 1560 1524 1618 urbe
1551 1559 1669 1630 remoti,

82 1658 215 1724 Quanam
231 1656 371 1714 debuerat
382 1672 498 1714 currere
513 1656 611 1713 cimba
624 1654 699 1711 viai
965 1657 1045 1714 scire
1057 1658 1157 1711 tamen
1172 1651 1267 1725 possis
1283 1666 1338 1708 noa
1350 1649 1522 1708 meminisse
1537 1650 1591 1707 tui.

45 1742 168 1799 Brachia
179 1743 292 1816 dilapsu
308 1744 405 1817 potius
421 1743 579 1817 prubsuuu
596 1742 723 1812 natanti,
931 1745 1075 1817 euporius
1089 1741 1218 1801 animam
1233 1741 1426 1798 hancracuas
1440 1740 1599 1798 reddemus
1612 1740 1641 1797 in
1657 1757 1755 1812 auras,

82 1831 141 1890 Nec
156 1832 253 1906 pigeat
267 1837 366 1890 mento
379 1833 573 1905 supposuisse
589 1848 722 1889 manum.
964 1836 1058 1901 Quam
1073 1832 1123 1889 ssat
1138 1831 1233 1888 mariti
1248 1830 1342 1903 gratia
1357 1846 1430 1887 rana
1446 1829 1500 1889 tui.

45 1926 141 1994 Trrrpc
151 1922 257 1980 referre
273 1921 388 1995 pedem,
404 1938 457 1979 uec
469 1938 558 1995 passu
573 1925 652 1980 stare
666 1920 782 1989 “uruit
925 1931 1040 1989 Grande
1049 1946 1118 1987 voco
1133 1928 1429 2002 meritum,iacrpmas
1443 1928 1612 2001 quibusura
1622 1927 1750 2000 rigabas,

81 2010 178 2082 Τ8888
192 2009 374 2068 8888888888
390 2010 556 2069 8888888888
569 2015 681 2080 ”Uimi
962 2021 1034 2078 Gnm
1048 2036 1113 2078 mea
1127 2023 1261 2077 concreto
1277 2019 1355 2077 sicca
1370 2016 1467 2075 dolore
1476 2018 1581 2077 iurent.

43 2100 140 2187 Turpe
151 2099 234 2170 88888
250 2103 401 2168 88888888
415 2098 540 2157 8888888
555 2100 672 2156 credere
687 2099 813 2156 88ὶὶ8888
828 2114 835 2156 ²
926 2111 1043 2167 Grande
1056 2125 1127 2167 voco
1143 2108 1291 2176 meritum,
1305 2112 1413 2165 musta
1428 2106 1532 2164 solatia
1546 2104 1654 2165 mentis

80 2187 114 2243 Et
127 2186 184 2244 uisi
198 2187 326 2255 sutelis,
341 2203 406 2246 susa
419 2204 525 2261 uagus
543 2205 642 2256 suum,
962 2199 1065 2259 saus
1083 2202 1154 2257 uum
1171 2200 1278 2269 usurus
1292 2194 1574 2268 schismatumque
1599 2195 1695 2252 durus.

41 2279 113 2333 3⁸⁸⁰
131 2274 292 2335 ³⁸¹¹¹¹⁸²¹¹ffl
308 2281 337 2336 88
348 2277 406 2335 8888
417 2293 482 2335 8888
498 2276 594 2335 8888888
608 2277 739 2352 88888888
750 2276 786 2349 ⁸⁰2
924 2289 1005 2347 auus
1016 2290 1094 2362 quod
1108 2287 1240 2346 absentis
1255 2302 1325 2345 cura
1338 2285 1478 2343 mandata
1492 2284 1571 2341 iideii

41 2366 178 2423 Pmflffiss
192 2366 386 2439 ⁸⁰b³⁰q⁰stuf
399 2367 470 2440 8888
490 2367 816 2442 888888888888188888
828 2384 836 2437 3
960 2378 1092 2450 Paruum,
1103 2383 1133 2435 st
1147 2375 1262 2435 nulium
1279 2376 1354 2433 torre
1368 2373 1500 2448 gravaris
1514 2390 1600 2435 onus.

77 2455 349 2528 88188888888888
365 2471 447 2529 8888,
464 2457 502 2514 888
518 2456 570 2514 fibi
585 2472 658 2515 8888
672 2457 728 2514 8888
928 2470 1009 2536 Quod
1027 2469 1117 2527 iacias
1128 2468 1253 2540 quaris3
1270 2480 1384 2538 quares
1400 2465 1454 2523 hoc
1469 2463 1592 2531 scilicet,
1606 2463 1701 2536 ipsum

43 2543 103 2604 Nee
117 2544 219 2602 dubito
234 2546 307 2619 quin
322 2546 371 2612 sit,
381 2546 432 2604 ssd
450 2562 496 2604 mc
510 2546 672 2620 timoripse
688 2548 833 2606 malorum
962 2557 1106 2624 lucenses,
1122 2571 1188 2613 vers
1203 2555 1228 2611 si
1239 2554 1365 2627 superius
1381 2552 1470 2611 votus,

77 2640 158 2707 seps
170 2650 367 2708 supervacuos
380 2635 459 2708 cogit
469 2635 575 2693 habere
590 2642 696 2694 motus.
924 2648 1004 2707 Velia
1018 2663 1122 2722 parum
1137 2644 1296 2716 est‚cupius
1309 2643 1358 2700 ubi
1370 2642 1525 2714 repotiaris
1539 2645 1664 2716 oportet,

42 2729 83 2782 ⁰⁸
96 2724 224 2792 8088888,
236 2741 345 2797 quw,
362 2724 511 2797 nimioque
523 2725 641 2799 ignosce
656 2725 728 2783 timo
960 2737 995 2794 ur
1010 2736 1098 2796 iaciat
1110 2751 1232 2792 somnos
1244 2732 1305 2791 bec
1320 2732 1373 2788 tibi
1389 2730 1577 2804 curanreves

77 2817 263 2891 Tranquillas
278 2817 368 2877 stium
379 2818 540 2891 naufragus
550 2819 650 2876 horret
659 2834 763 2890 equus.
924 2827 1064 2901 uspusuit
1078 2828 1188 2882 usust
1202 2821 1312 2897 populu
1328 2822 1445 2879 rurruuu
1468 2821 1639 2888 uiuendum,

40 2908 97 2975 uui
112 2907 202 2966 semel
218 2912 263 2964 eat
279 2907 367 2964 lasus
384 2907 479 2963 saliari
505 2907 596 2981 piscis
611 2908 647 2965 ab
658 2908 759 2975 hamc,
960 2916 993 2972 lut
1007 2915 1073 2987 plus
1090 2913 1212 2979 notities,
1224 2927 1313 2984 quam
1328 2912 1382 2969 fuit
1400 2916 1478 2978 ante,
1500 2909 1590 2967 dedit.

78 2997 310 3055 Omnibusuucs
324 2996 400 3054 cibis
410 3014 466 3054 ura
476 2999 597 3054 subesse
614 3001 708 3069 putat.
922 3006 951 3063 si
966 3006 1047 3062 iocus
1061 3008 1106 3061 est
1121 3002 1227 3075 aliquis
1242 3005 1324 3057 tanta
1336 3000 1412 3056 iuter
1429 2999 1549 3055 numina
1559 3000 1669 3070 parvis,

42 3088 126 3160 Sapo
136 3103 239 3145 canem
260 3085 345 3159 louge
359 3087 455 3143 visum
472 3085 548 3158 fugit
560 3088 656 3154 Anna,
671 3086 832 3158 lupumque
959 3093 1017 3149 Nos
1033 3108 1150 3163 quoque
1165 3088 1340 3161 conspicuos
1352 3091 1450 3143 nostra
1466 3088 1552 3143 ruina
1568 3087 1647 3144 iacit.

76 3177 183 3246 Cffldib
198 3180 228 3235 88
241 3178 308 3248 8888
322 3190 411 3232 88888
427 3175 526 3232 888888
541 3177 616 3232 88888
628 3191 725 3248 88888·
887 3140 954 3244 esi
970 3183 1068 3239 minus
1083 3183 1312 3247 errasset,notus
1324 3179 1422 3234 ursinus
1440 3183 1518 3233 esset
1535 3176 1652 3248 uryssss
1668 3201 1676 3246 ς

39 3266 169 3322 Membra
184 3263 633 3337 ratormidantmoliemquoque
645 3264 869 3333 nesciatactum,
960 3271 1023 3329 Non
1039 3275 1124 3328 noser
1138 3268 1269 3326 admisso
1285 3267 1411 3323 subdere
1426 3267 1522 3323 caicar
1536 3282 1621 3338 equo.

77 3358 219 3427 Vanaque
234 3353 369 3412 sollicitie
379 3353 483 3410 incitat
499 3355 602 3410 umbra
617 3356 739 3410 metum·
924 3363 970 3419 Sic
986 3365 1102 3434 praestat
1117 3359 1287 3415 virtutcsua
1302 3371 1338 3412 no
1353 3356 1450 3430 prisca
1465 3359 1596 3413 vetustas

38 3443 90 3500 Sic
105 3459 158 3516 ego
175 3445 297 3501 iortuuu
313 3441 377 3500 telis
392 3441 546 3499 confossus
568 3440 692 3515 iniquis,
960 3449 1059 3507 Laude
1075 3446 1221 3520 pudicitie
1238 3451 1369 3516 tempora
1385 3446 1485 3500 nostra
1498 3447 1623 3515 premnt.

80 3533 197 3591 Pectore
211 3531 395 3606 concipiuuil
407 3531 463 3589 uisi
475 3532 559 3589 crista
575 3547 648 3588 meu.
925 3542 1082 3599 plausibus
1095 3539 1210 3612 eripuis
1227 3536 1337 3610 pupuli,
1353 3535 1598 3608 lusuqusfuvuru,

39 3627 110 3688 Jsm
126 3627 209 3685 dolor
223 3627 254 3683 iu
265 3642 362 3684 morea
376 3627 456 3686 seuit
471 3643 555 3684 meus
568 3644 575 3696 ;
588 3631 679 3700 utque
694 3625 821 3697 caducis,
960 3632 1113 3707 lngsnium
1124 3628 1247 3703 quodvis
1259 3626 1418 3684 incaluisse
1432 3630 1537 3700 potest.

79 3718 175 3790 thue
191 3732 348 3790 percussus
363 3716 395 3788 [t.
408 3716 561 3789 percussu]
572 3718 673 3773 crebro
683 3733 753 3774 suus
767 3731 871 3773 cassu·
925 3723 1119 3794 uumqusegu
1134 3720 1299 3790 sumpsisse
1316 3715 1366 3772 ruli
1382 3715 1508 3773 elamore
1523 3715 1663 3787 vigorem,

665 3808 726 3879 ]tur
739 3807 835 3880 aquia,
961 3816 1054 3879 Quam
1071 3809 1264 3867 rudisuudita
1276 3807 1360 3863 mites
1375 3805 1410 3862 ad
1427 3822 1510 3863 arma
1530 3805 1620 3863 tuba:

43 3899 94 3956 388
109 3915 161 3970 888
177 3898 317 3955 88888888
331 3898 453 3954 8888888
468 3896 603 3953 88188888
617 3896 687 3962 ἱθὶΰ,
925 3902 983 3962 Νοο
995 3901 1068 3958 mihi
1084 3904 1152 3956 notu
1163 3899 1285 3963 ducum,
1302 3912 1356 3953 nce
1368 3901 1440 3952 suut
1450 3894 1521 3952 mihi
1534 3899 1602 3950 ncta
1622 3893 1752 3953 iocorum

81 3989 194 4062 Vixque
205 3988 293 4044 babet
307 3987 337 4043 in
354 3988 440 4043 nobis
451 3988 514 4060 jum
531 4002 604 4043 nova
615 3988 701 4059 pinge
715 3985 832 4057 locum,
961 3990 1100 4057 Nomina,
1118 3987 1269 4045 materiam
1285 4003 1344 4043 non
1359 3985 1488 4042 habuere
1504 4001 1622 4042 munus.

43 4080 105 4137 Nec
115 4078 209 4150 magis
223 4077 343 4134 assiduo
359 4092 456 4133 vomer
470 4080 612 4132 tenuatur
626 4076 742 4143 abusu,
925 4081 986 4145 Ouo
1002 4080 1094 4151 magis
1108 4077 1249 4142 oblector,
1269 4075 1359 4133 debes
1373 4074 1525 4145 ignoscere
1541 4073 1565 4131 si
1588 4072 1657 4147 quid

82 4168 140 4226 Nec
156 4166 248 4238 magis
262 4171 309 4222 est
322 4167 418 4222 curvis
432 4164 498 4238 apis
514 4164 584 4222 trita
598 4163 680 4233 rutis,
960 4170 1095 4225 Erucium
1107 4171 1151 4222 cat
1167 4165 1226 4222 iiiic
1257 4163 1436 4237 preteritum
1451 4178 1508 4235 que
1525 4160 1608 4217 mibi.

43 4262 167 4314 Pectora
181 4271 270 4328 quem
287 4270 352 4312 mea
362 4260 432 4311 sunt
446 4254 522 4311 serie
533 4259 669 4312 contacta
680 4252 835 4321 maiorum,
925 4257 1020 4329 thue
1035 4255 1225 4313 reformidant
1240 4251 1384 4309 inflictum
1400 4250 1509 4306 luminu
1523 4248 1626 4317 solum,

82 4346 170 4413 Ousia
185 4344 260 4402 nibil
274 4345 372 4400 inveni
388 4344 465 4416 quod
482 4343 554 4399 mibi
570 4344 658 4401 ferret
672 4359 768 4417 opem.
959 4349 1006 4404 Sic
1015 4347 1050 4403 ad
1067 4345 1197 4401 lautitiam
1215 4359 1298 4399 meus
1313 4358 1378 4397 mea
1389 4339 1488 4412 segnis
1503 4345 1573 4394 erut.

45 4437 164 4495 Artibus
178 4434 314 4508 ingenuis
329 4433 452 4506 quaeaita
467 4439 512 4490 est
527 4433 619 4505 gioria
634 4434 737 4493 multis
756 4451 763 4504 ;
926 4435 997 4493 Nam
1013 4451 1182 4509 quanquam
1198 4435 1343 4506 superest
1358 4429 1445 4486 allata
1456 4427 1551 4484 dulcis
1567 4427 1596 4482 in
1628 4426 1719 4492 unda,

84 4525 186 4584 infelix
202 4523 275 4598 perii
290 4523 409 4580 dotibus
422 4522 485 4595 ipse
500 4521 584 4579 meis.
889 4504 912 4570 Ῑ)
963 4526 1081 4581 Gratius
1096 4523 1202 4595 exipso
1217 4522 1296 4578 toute
1311 4518 1559 4590 bibunturaqum.

46 4616 176 4688 adjuvat
191 4614 221 4670 iu
236 4612 320 4671 duris
335 4611 464 4684 aliquem
481 4612 640 4684 presentia
655 4615 753 4686 rebus,
928 4618 962 4674 lii
979 4616 1073 4690 magis
1088 4612 1215 4671 adducto
1227 4627 1347 4684 pomum
1365 4609 1519 4680 decerpere
1529 4622 1622 4677 ramo,

83 4704 188 4761 Obruit
216 4701 272 4759 hoc
287 4700 394 4758 absens
409 4705 491 4757 vasta
508 4701 636 4773 procella
651 4707 750 4775 caput.
965 4707 1058 4771 Quam
1073 4704 1109 4760 de
1124 4700 1226 4758 sociata
1240 4714 1357 4756 sumere
1371 4696 1454 4753 lance
1466 4697 1552 4769 Juvat
1566 4694 1601 4748 ³¹.

44 4795 138 4860 Quem
155 4808 212 4848 nou
227 4793 363 4848 obrueret
376 4789 456 4846 taciti
474 4789 726 4863 quoqueCssaris
737 4791 780 4848 ira
796 4793 831 4861 ⁸¹,
931 4793 1004 4850 Huic
1019 4807 1082 4863 ego,
1099 4805 1188 4863 quam
1203 4787 1307 4860 patior,
1328 4785 1370 4843 nil
1386 4801 1509 4860 possum
1524 4784 1643 4842 demere
1662 4800 1754 4857 poeuae

85 4882 190 4941 Addita
204 4885 274 4939 suut
290 4880 384 4954 poenis
396 4895 500 4952 aspera
514 4879 603 4936 verba
620 4879 702 4938 uicis.
772 4938 775 4942 Δ
966 4880 996 4937 Si
1006 4879 1098 4951 judex
1114 4877 1181 4934 sacti
1209 4879 1325 4948 cogeret
1345 4891 1410 4932 essa
1434 4874 1503 4933 rusi.

45 4974 202 5046 Temperie
216 4970 279 5029 cmii
297 4986 464 5042 corpusque
480 4969 658 5043 animusque
670 4972 789 5042 juvatur
931 4971 1063 5040 Cumque
1073 4966 1172 5023 labant
1187 4965 1247 5033 aiii,
1256 4966 1422 5038 jactataque
1437 4962 1501 5020 vela
1524 4960 1703 5035 relinquent,

84 5062 203 5135 Frigore
218 5066 358 5134 perpetuo
374 5057 516 5116 Sarmatis
531 5073 584 5117 ors
604 5060 690 5131 riget.
966 5065 1009 5118 'ru
1025 5062 1126 5118 laccrca
1140 5074 1276 5116 remanes
1289 5058 1419 5118 anchora
1433 5056 1497 5115 sola
1511 5056 1577 5114 rati.

45 5156 101 5213 Est
116 5152 147 5209 iu
162 5168 239 5224 aqua
253 5149 332 5206 dulci
342 5165 398 5204 nou
415 5147 559 5204 invidiosa
573 5145 717 5220 voluptas,
933 5154 1021 5211 Grata
1033 5154 1086 5208 tua
1100 5155 1144 5207 cst
1157 5147 1247 5223 igitur
1262 5147 1356 5223 pietas
1371 5172 1379 5217 ;
1395 5146 1575 5222 ignoscimus
1593 5144 1650 5203 iltis

86 5332 111 5369 ⁸⁰
124 5332 178 5388 Hic
190 5333 273 5388 deest
287 5328 480 5403 pentameter,
497 5342 583 5398 quem
600 5326 643 5383 sic
659 5331 741 5399 potes
756 5329 893 5404 supplere
913 5349 921 5389 ι

529 5418 561 5472 Et
577 5417 673 5474 multia
688 5418 804 5476 uunistc
825 5421 900 5495 cupit
914 5422 1093 5478 succisurum.

82 5513 105 5550 ³¹
131 5507 306 5582 Rogisiorte
328 5501 476 5559 Guillelmi
500 5503 573 5574 unu,
594 5521 646 5562 seu
685 5506 801 5565 Hearici
820 5509 843 5578 1,
874 5514 927 5568 aut
955 5509 1094 5567 Ludovici
1124 5507 1235 5565 Crassi.
1249 5507 1316 5565 Vide
1331 5506 1490 5582 epistularu
1508 5505 1543 5562 t5
1558 5503 1609 5560 lib.
1626 5501 1762 5559 u.⁸¹vox

44 5600 121 5665 aiibi
135 5600 169 5657 ad
188 5595 354 5655 Hildeberto
369 5596 521 5666 usurpata,
544 5598 577 5652 ut
592 5595 742 5668 epistelai
761 5597 813 5655 lib.
830 5615 839 5655 r
854 5600 889 5657 ad
902 5598 992 5656 uuiti.
1003 5599 1039 5655 de
1052 5597 1219 5672 Campellis.
