<?xml version="1.0" encoding="UTF-8"?>
<!DOCTYPE html PUBLIC "-//W3C//DTD XHTML 1.0 Transitional//EN"
    "http://www.w3.org/TR/xhtml1/DTD/xhtml1-transitional.dtd">
<html xmlns="http://www.w3.org/1999/xhtml" xml:lang="en" lang="en">
 <head>
  <title>
</title>
<meta http-equiv="Content-Type" content="text/html;charset=utf-8" />
  <meta name='ocr-system' content='tesseract 3.04.00' />
  <meta name='ocr-capabilities' content='ocr_page ocr_carea ocr_par ocr_line ocrx_word'/>
</head>
<body>
  <div class='ocr_page' id='page_1' title='image "./patrologiaecurs35unkngoog/patrologiaecurs35unkngoog_0066.png"; bbox 0 0 3802 6030; ppageno 0'>
   <div class='ocr_carea' id='block_1_1' title="bbox 93 168 148 229">
    <p class='ocr_par' dir='ltr' id='par_1_1' title="bbox 93 168 148 229">
     <span class='ocr_line' id='line_1_1' title="bbox 93 168 148 229; baseline -0.055 0"><span class='ocrx_word' id='word_1_1' title='bbox 93 168 148 229; x_wconf 74' lang='lat' dir='ltr'><strong>lat</strong></span> 
     </span>
    </p>
   </div>
   <div class='ocr_carea' id='block_1_2' title="bbox 728 164 1113 231">
    <p class='ocr_par' dir='ltr' id='par_1_2' title="bbox 728 164 1113 231">
     <span class='ocr_line' id='line_1_2' title="bbox 728 164 1113 231; baseline 0.013 -6"><span class='ocrx_word' id='word_1_2' title='bbox 728 168 734 180; x_wconf 88' lang='grc'><strong>’</strong></span> <span class='ocrx_word' id='word_1_3' title='bbox 764 164 903 227; x_wconf 74' lang='lat' dir='ltr'>GESTA.</span> <span class='ocrx_word' id='word_1_4' title='bbox 927 177 966 210; x_wconf 84' lang='grc'><strong>-’</strong></span> <span class='ocrx_word' id='word_1_5' title='bbox 986 166 1113 231; x_wconf 81' lang='lat' dir='ltr'><strong>NOTAE.</strong></span> 
     </span>
    </p>
   </div>
   <div class='ocr_carea' id='block_1_3' title="bbox 1745 176 1802 240">
    <p class='ocr_par' dir='ltr' id='par_1_3' title="bbox 1745 176 1802 240">
     <span class='ocr_line' id='line_1_3' title="bbox 1745 176 1802 240; baseline 0.07 -4"><span class='ocrx_word' id='word_1_6' title='bbox 1745 176 1802 240; x_wconf 75' lang='lat' dir='ltr'><strong>lta</strong></span> 
     </span>
    </p>
   </div>
   <div class='ocr_carea' id='block_1_4' title="bbox 93 299 1803 370">
    <p class='ocr_par' dir='ltr' id='par_1_4' title="bbox 93 299 1803 370">
     <span class='ocr_line' id='line_1_4' title="bbox 93 299 1803 370; baseline 0.006 -17"><span class='ocrx_word' id='word_1_7' title='bbox 93 301 264 369; x_wconf 76' lang='lat' dir='ltr'><strong>ricburga.»</strong></span> <span class='ocrx_word' id='word_1_8' title='bbox 296 299 462 366; x_wconf 86' lang='lat' dir='ltr'><strong>llildcburga</strong></span> <span class='ocrx_word' id='word_1_9' title='bbox 491 303 580 352; x_wconf 86' lang='lat' dir='ltr'><strong>autem</strong></span> <span class='ocrx_word' id='word_1_10' title='bbox 625 313 703 352; x_wconf 89' lang='lat' dir='ltr'><strong>soror</strong></span> <span class='ocrx_word' id='word_1_11' title='bbox 741 301 921 366; x_wconf 88' lang='lat' dir='ltr'><strong>primogenita</strong></span> <span class='ocrx_word' id='word_1_12' title='bbox 936 303 961 370; x_wconf 69' lang='grc' dir='ltr'><strong>Α</strong></span> <span class='ocrx_word' id='word_1_13' title='bbox 977 305 1143 370; x_wconf 88' lang='lat' dir='ltr'><strong>consulatus,</strong></span> <span class='ocrx_word' id='word_1_14' title='bbox 1174 306 1237 359; x_wconf 91' lang='lat' dir='ltr'><strong>huic</strong></span> <span class='ocrx_word' id='word_1_15' title='bbox 1256 311 1355 360; x_wconf 83' lang='lat' dir='ltr'><strong>sauctae</strong></span> <span class='ocrx_word' id='word_1_16' title='bbox 1388 308 1467 359; x_wconf 89' lang='lat' dir='ltr'><strong>matri</strong></span> <span class='ocrx_word' id='word_1_17' title='bbox 1503 307 1627 360; x_wconf 81' lang='lat' dir='ltr'><strong>llcclesice</strong></span> <span class='ocrx_word' id='word_1_18' title='bbox 1669 313 1803 363; x_wconf 88' lang='lat' dir='ltr'><strong>concessit</strong></span> 
     </span>
    </p>
   </div>
   <div class='ocr_carea' id='block_1_5' title="bbox 90 374 922 1588">
    <p class='ocr_par' dir='ltr' id='par_1_5' title="bbox 90 374 922 1588">
     <span class='ocr_line' id='line_1_5' title="bbox 90 374 922 440; baseline -0.005 -13"><span class='ocrx_word' id='word_1_19' title='bbox 90 375 244 440; x_wconf 78' lang='lat' dir='ltr'><strong>tlvcsgaudi</strong></span> <span class='ocrx_word' id='word_1_20' title='bbox 277 378 342 438; x_wconf 87' lang='lat' dir='ltr'><strong>erat,</strong></span> <span class='ocrx_word' id='word_1_21' title='bbox 389 374 427 425; x_wconf 90' lang='lat' dir='ltr'><strong>ait</strong></span> <span class='ocrx_word' id='word_1_22' title='bbox 458 380 553 425; x_wconf 89' lang='lat' dir='ltr'><strong>auctor</strong></span> <span class='ocrx_word' id='word_1_23' title='bbox 584 374 651 424; x_wconf 79' lang='lat' dir='ltr'><strong>Vitm</strong></span> <span class='ocrx_word' id='word_1_24' title='bbox 683 374 844 438; x_wconf 74' lang='lat' dir='ltr'><strong>avesgaudi.</strong></span> <span class='ocrx_word' id='word_1_25' title='bbox 891 374 922 423; x_wconf 86' lang='lat' dir='ltr'><strong>Et</strong></span> 
     </span>
     <span class='ocr_line' id='line_1_6' title="bbox 91 444 920 513; baseline -0.004 -15"><span class='ocrx_word' id='word_1_26' title='bbox 91 461 179 513; x_wconf 85' lang='lat' dir='ltr'><strong>genus</strong></span> <span class='ocrx_word' id='word_1_27' title='bbox 205 447 341 498; x_wconf 88' lang='lat' dir='ltr'><strong>ducebant</strong></span> <span class='ocrx_word' id='word_1_28' title='bbox 371 460 388 495; x_wconf 93' lang='lat' dir='ltr'><strong>a</strong></span> <span class='ocrx_word' id='word_1_29' title='bbox 416 445 558 496; x_wconf 76' lang='lat' dir='ltr'><strong>comitibus</strong></span> <span class='ocrx_word' id='word_1_30' title='bbox 586 444 807 496; x_wconf 86' lang='lat' dir='ltr'><strong>Belismeusibus.</strong></span> <span class='ocrx_word' id='word_1_31' title='bbox 834 464 847 491; x_wconf 75' lang='lat' dir='ltr'><strong>o</strong></span> <span class='ocrx_word' id='word_1_32' title='bbox 870 445 920 495; x_wconf 83' lang='lat' dir='ltr'><strong>Pe·</strong></span> 
     </span>
     <span class='ocr_line' id='line_1_7' title="bbox 92 516 921 584; baseline -0.004 -14"><span class='ocrx_word' id='word_1_33' title='bbox 92 518 154 571; x_wconf 77' lang='lat' dir='ltr'><strong>tivit</strong></span> <span class='ocrx_word' id='word_1_34' title='bbox 183 520 296 584; x_wconf 79' lang='lat' dir='ltr'><strong>praesul,</strong></span> <span class='ocrx_word' id='word_1_35' title='bbox 324 517 362 569; x_wconf 89' lang='lat' dir='ltr'><strong>ait</strong></span> <span class='ocrx_word' id='word_1_36' title='bbox 395 517 466 567; x_wconf 91' lang='lat' dir='ltr'><strong>idem</strong></span> <span class='ocrx_word' id='word_1_37' title='bbox 508 522 611 577; x_wconf 90' lang='lat' dir='ltr'><strong>auctor,</strong></span> <span class='ocrx_word' id='word_1_38' title='bbox 653 518 798 568; x_wconf 90' lang='lat' dir='ltr'><strong>Balismum</strong></span> <span class='ocrx_word' id='word_1_39' title='bbox 832 516 921 567; x_wconf 86' lang='lat' dir='ltr'><strong>tratris</strong></span> 
     </span>
     <span class='ocr_line' id='line_1_8' title="bbox 92 588 920 653; baseline -0.004 -11"><span class='ocrx_word' id='word_1_40' title='bbox 92 594 135 643; x_wconf 87' lang='lat' dir='ltr'><strong>sui</strong></span> <span class='ocrx_word' id='word_1_41' title='bbox 162 589 300 642; x_wconf 85' lang='lat' dir='ltr'><strong>Guillelmi</strong></span> <span class='ocrx_word' id='word_1_42' title='bbox 323 588 501 640; x_wconf 80' lang='lat' dir='ltr'><strong>castellum.»</strong></span> <span class='ocrx_word' id='word_1_43' title='bbox 525 589 621 640; x_wconf 85' lang='lat' dir='ltr'><strong>Haimo</strong></span> <span class='ocrx_word' id='word_1_44' title='bbox 650 603 713 639; x_wconf 78' lang='lat' dir='ltr'><strong>sero</strong></span> <span class='ocrx_word' id='word_1_45' title='bbox 740 590 859 639; x_wconf 85' lang='lat' dir='ltr'><strong>Gcrvasii</strong></span> <span class='ocrx_word' id='word_1_46' title='bbox 875 603 920 653; x_wconf 92' lang='lat' dir='ltr'><strong>ps·</strong></span> 
     </span>
     <span class='ocr_line' id='line_1_9' title="bbox 93 659 921 728; baseline -0.005 -13"><span class='ocrx_word' id='word_1_47' title='bbox 93 670 134 715; x_wconf 87' lang='lat' dir='ltr'><strong>ter</strong></span> <span class='ocrx_word' id='word_1_48' title='bbox 150 677 253 728; x_wconf 86' lang='lat' dir='ltr'><strong>genere</strong></span> <span class='ocrx_word' id='word_1_49' title='bbox 278 662 447 713; x_wconf 90' lang='lat' dir='ltr'><strong>dominorum</strong></span> <span class='ocrx_word' id='word_1_50' title='bbox 474 663 553 712; x_wconf 88' lang='lat' dir='ltr'><strong>castri</strong></span> <span class='ocrx_word' id='word_1_51' title='bbox 583 659 642 710; x_wconf 88' lang='lat' dir='ltr'><strong>Lidi</strong></span> <span class='ocrx_word' id='word_1_52' title='bbox 669 668 817 724; x_wconf 75' lang='lat' dir='ltr'><strong>prognatus</strong></span> <span class='ocrx_word' id='word_1_53' title='bbox 845 662 921 711; x_wconf 84' lang='lat' dir='ltr'><strong>vide·</strong></span> 
     </span>
     <span class='ocr_line' id='line_1_10' title="bbox 94 732 920 798; baseline -0.005 -12"><span class='ocrx_word' id='word_1_54' title='bbox 94 742 147 786; x_wconf 91' lang='lat' dir='ltr'><strong>tur.</strong></span> <span class='ocrx_word' id='word_1_55' title='bbox 162 735 241 795; x_wconf 88' lang='lat' dir='ltr'><strong>Quod</strong></span> <span class='ocrx_word' id='word_1_56' title='bbox 257 735 313 798; x_wconf 81' lang='lat' dir='ltr'><strong>ipse</strong></span> <span class='ocrx_word' id='word_1_57' title='bbox 328 734 471 784; x_wconf 86' lang='lat' dir='ltr'><strong>Gervasius</strong></span> <span class='ocrx_word' id='word_1_58' title='bbox 497 732 637 796; x_wconf 87' lang='lat' dir='ltr'><strong>proiiletur</strong></span> <span class='ocrx_word' id='word_1_59' title='bbox 660 733 687 782; x_wconf 93' lang='lat' dir='ltr'><strong>in</strong></span> <span class='ocrx_word' id='word_1_60' title='bbox 711 732 805 782; x_wconf 86' lang='lat' dir='ltr'><strong>charta</strong></span> <span class='ocrx_word' id='word_1_61' title='bbox 834 732 920 782; x_wconf 91' lang='lat' dir='ltr'><strong>dona-</strong></span> 
     </span>
     <span class='ocr_line' id='line_1_11' title="bbox 92 805 920 872; baseline -0.006 -14"><span class='ocrx_word' id='word_1_62' title='bbox 92 810 177 858; x_wconf 84' lang='lat' dir='ltr'><strong>tionis</strong></span> <span class='ocrx_word' id='word_1_63' title='bbox 201 806 258 872; x_wconf 84' lang='lat' dir='ltr'><strong>jam</strong></span> <span class='ocrx_word' id='word_1_64' title='bbox 280 806 408 856; x_wconf 89' lang='lat' dir='ltr'><strong>laudata:</strong></span> <span class='ocrx_word' id='word_1_65' title='bbox 427 824 439 848; x_wconf 74' lang='grc' dir='ltr'><strong>(ι</strong></span> <span class='ocrx_word' id='word_1_66' title='bbox 469 805 612 856; x_wconf 70' lang='lat' dir='ltr'>Universae</span> <span class='ocrx_word' id='word_1_67' title='bbox 639 818 749 869; x_wconf 90' lang='lat' dir='ltr'><strong>quoque</strong></span> <span class='ocrx_word' id='word_1_68' title='bbox 776 808 920 854; x_wconf 83' lang='lat' dir='ltr'><strong>cousuetu-</strong></span> 
     </span>
     <span class='ocr_line' id='line_1_12' title="bbox 93 874 920 939; baseline -0.002 -13"><span class='ocrx_word' id='word_1_69' title='bbox 93 878 172 927; x_wconf 89' lang='lat' dir='ltr'><strong>dines</strong></span> <span class='ocrx_word' id='word_1_70' title='bbox 199 875 277 927; x_wconf 83' lang='lat' dir='ltr'><strong>vohis</strong></span> <span class='ocrx_word' id='word_1_71' title='bbox 305 875 391 932; x_wconf 93' lang='lat' dir='ltr'><strong>trado,</strong></span> <span class='ocrx_word' id='word_1_72' title='bbox 419 888 478 939; x_wconf 82' lang='lat' dir='ltr'><strong>quse</strong></span> <span class='ocrx_word' id='word_1_73' title='bbox 506 890 521 925; x_wconf 93' lang='lat' dir='ltr'><strong>a</strong></span> <span class='ocrx_word' id='word_1_74' title='bbox 548 875 641 925; x_wconf 85' lang='lat' dir='ltr'><strong>vestris</strong></span> <span class='ocrx_word' id='word_1_75' title='bbox 675 874 838 937; x_wconf 89' lang='lat' dir='ltr'><strong>terrispatri</strong></span> <span class='ocrx_word' id='word_1_76' title='bbox 861 887 920 924; x_wconf 88' lang='lat' dir='ltr'><strong>meo</strong></span> 
     </span>
     <span class='ocr_line' id='line_1_13' title="bbox 92 945 920 1012; baseline -0.004 -14"><span class='ocrx_word' id='word_1_77' title='bbox 92 948 331 1012; x_wconf 63' lang='lat' dir='ltr'>persolvebantur,</span> <span class='ocrx_word' id='word_1_78' title='bbox 360 945 527 1009; x_wconf 87' lang='lat' dir='ltr'><strong>pertinentes</strong></span> <span class='ocrx_word' id='word_1_79' title='bbox 562 945 595 996; x_wconf 90' lang='lat' dir='ltr'><strong>ad</strong></span> <span class='ocrx_word' id='word_1_80' title='bbox 640 945 760 1009; x_wconf 84' lang='lat' dir='ltr'><strong>ejusdem</strong></span> <span class='ocrx_word' id='word_1_81' title='bbox 802 950 920 996; x_wconf 89' lang='lat' dir='ltr'><strong>castrum</strong></span> 
     </span>
     <span class='ocr_line' id='line_1_14' title="bbox 93 1016 921 1082; baseline -0.005 -12"><span class='ocrx_word' id='word_1_82' title='bbox 93 1021 135 1070; x_wconf 86' lang='lat' dir='ltr'><strong>Lit</strong></span> <span class='ocrx_word' id='word_1_83' title='bbox 157 1023 293 1070; x_wconf 84' lang='lat' dir='ltr'><strong>vocatum.</strong></span> <span class='ocrx_word' id='word_1_84' title='bbox 323 1039 335 1063; x_wconf 75' lang='lat' dir='ltr'><strong>a</strong></span> <span class='ocrx_word' id='word_1_85' title='bbox 365 1016 500 1068; x_wconf 87' lang='lat' dir='ltr'><strong>Gotlridus</strong></span> <span class='ocrx_word' id='word_1_86' title='bbox 527 1017 672 1076; x_wconf 85' lang='lat' dir='ltr'><strong>llartellus,</strong></span> <span class='ocrx_word' id='word_1_87' title='bbox 708 1017 787 1082; x_wconf 89' lang='lat' dir='ltr'><strong>cujus</strong></span> <span class='ocrx_word' id='word_1_88' title='bbox 831 1023 921 1080; x_wconf 89' lang='lat' dir='ltr'><strong>partes</strong></span> 
     </span>
     <span class='ocr_line' id='line_1_15' title="bbox 93 1090 920 1153; baseline -0.004 -11"><span class='ocrx_word' id='word_1_89' title='bbox 93 1092 239 1143; x_wconf 82' lang='lat' dir='ltr'><strong>Gerrasius</strong></span> <span class='ocrx_word' id='word_1_90' title='bbox 255 1093 359 1141; x_wconf 89' lang='lat' dir='ltr'><strong>tutatos</strong></span> <span class='ocrx_word' id='word_1_91' title='bbox 374 1090 472 1153; x_wconf 89' lang='lat' dir='ltr'><strong>luerat,</strong></span> <span class='ocrx_word' id='word_1_92' title='bbox 489 1090 610 1139; x_wconf 90' lang='lat' dir='ltr'><strong>animum</strong></span> <span class='ocrx_word' id='word_1_93' title='bbox 636 1092 664 1140; x_wconf 91' lang='lat' dir='ltr'><strong>et</strong></span> <span class='ocrx_word' id='word_1_94' title='bbox 681 1090 844 1139; x_wconf 87' lang='lat' dir='ltr'><strong>seutentiam</strong></span> <span class='ocrx_word' id='word_1_95' title='bbox 860 1102 920 1139; x_wconf 92' lang='lat' dir='ltr'><strong>mu·</strong></span> 
     </span>
     <span class='ocr_line' id='line_1_16' title="bbox 93 1159 918 1214; baseline -0.001 0"><span class='ocrx_word' id='word_1_96' title='bbox 93 1168 194 1214; x_wconf 68' lang='lat' dir='ltr'><strong>uatem</strong></span> <span class='ocrx_word' id='word_1_97' title='bbox 224 1161 340 1213; x_wconf 82' lang='lat' dir='ltr'><strong>vinculis</strong></span> <span class='ocrx_word' id='word_1_98' title='bbox 370 1163 496 1212; x_wconf 85' lang='lat' dir='ltr'><strong>coercuit.</strong></span> <span class='ocrx_word' id='word_1_99' title='bbox 527 1161 631 1211; x_wconf 84' lang='lat' dir='ltr'><strong>Auctor</strong></span> <span class='ocrx_word' id='word_1_100' title='bbox 667 1159 736 1212; x_wconf 86' lang='lat' dir='ltr'><strong>Vitas</strong></span> <span class='ocrx_word' id='word_1_101' title='bbox 777 1161 918 1213; x_wconf 85' lang='lat' dir='ltr'><strong>Gsrvasii:</strong></span> 
     </span>
     <span class='ocr_line' id='line_1_17' title="bbox 94 1230 919 1298; baseline -0.002 -16"><span class='ocrx_word' id='word_1_102' title='bbox 94 1235 225 1286; x_wconf 69' lang='lat' dir='ltr'><strong>«videns</strong></span> <span class='ocrx_word' id='word_1_103' title='bbox 251 1247 314 1298; x_wconf 78' lang='lat' dir='ltr'><strong>ergo</strong></span> <span class='ocrx_word' id='word_1_104' title='bbox 343 1232 485 1295; x_wconf 84' lang='lat' dir='ltr'><strong>Goliridus,</strong></span> <span class='ocrx_word' id='word_1_105' title='bbox 512 1232 585 1297; x_wconf 91' lang='lat' dir='ltr'><strong>quod</strong></span> <span class='ocrx_word' id='word_1_106' title='bbox 613 1230 726 1282; x_wconf 90' lang='lat' dir='ltr'><strong>consilio</strong></span> <span class='ocrx_word' id='word_1_107' title='bbox 752 1233 919 1283; x_wconf 87' lang='lat' dir='ltr'><strong>domuiGer-</strong></span> 
     </span>
     <span class='ocr_line' id='line_1_18' title="bbox 91 1304 919 1372; baseline 0 -17"><span class='ocrx_word' id='word_1_108' title='bbox 91 1309 159 1358; x_wconf 80' lang='lat' dir='ltr'><strong>vasii</strong></span> <span class='ocrx_word' id='word_1_109' title='bbox 187 1305 321 1372; x_wconf 87' lang='lat' dir='ltr'><strong>episcopi,</strong></span> <span class='ocrx_word' id='word_1_110' title='bbox 346 1306 380 1356; x_wconf 90' lang='lat' dir='ltr'><strong>ad</strong></span> <span class='ocrx_word' id='word_1_111' title='bbox 409 1307 514 1356; x_wconf 87' lang='lat' dir='ltr'><strong>ruinam</strong></span> <span class='ocrx_word' id='word_1_112' title='bbox 546 1306 572 1354; x_wconf 91' lang='lat' dir='ltr'><strong>et</strong></span> <span class='ocrx_word' id='word_1_113' title='bbox 609 1304 801 1355; x_wconf 76' lang='lat' dir='ltr'><strong>detrimentum</strong></span> <span class='ocrx_word' id='word_1_114' title='bbox 829 1319 919 1363; x_wconf 89' lang='lat' dir='ltr'><strong>suum,</strong></span> 
     </span>
     <span class='ocr_line' id='line_1_19' title="bbox 91 1374 919 1441; baseline -0.004 -12"><span class='ocrx_word' id='word_1_115' title='bbox 91 1379 171 1441; x_wconf 80' lang='lat' dir='ltr'><strong>lingo</strong></span> <span class='ocrx_word' id='word_1_116' title='bbox 201 1392 294 1429; x_wconf 89' lang='lat' dir='ltr'><strong>comes</strong></span> <span class='ocrx_word' id='word_1_117' title='bbox 318 1390 429 1427; x_wconf 87' lang='lat' dir='ltr'><strong>uxorem</strong></span> <span class='ocrx_word' id='word_1_118' title='bbox 459 1376 632 1427; x_wconf 76' lang='lat' dir='ltr'><strong>fortissimam</strong></span> <span class='ocrx_word' id='word_1_119' title='bbox 660 1374 789 1435; x_wconf 82' lang='lat' dir='ltr'><strong>duxisset,</strong></span> <span class='ocrx_word' id='word_1_120' title='bbox 821 1375 919 1426; x_wconf 86' lang='lat' dir='ltr'><strong>Judam</strong></span> 
     </span>
     <span class='ocr_line' id='line_1_20' title="bbox 90 1447 920 1515; baseline -0.005 -15"><span class='ocrx_word' id='word_1_121' title='bbox 90 1457 205 1515; x_wconf 81' lang='lat' dir='ltr'><strong>portam</strong></span> <span class='ocrx_word' id='word_1_122' title='bbox 223 1449 252 1499; x_wconf 92' lang='lat' dir='ltr'><strong>iu</strong></span> <span class='ocrx_word' id='word_1_123' title='bbox 274 1455 394 1514; x_wconf 85' lang='lat' dir='ltr'><strong>pectore,</strong></span> <span class='ocrx_word' id='word_1_124' title='bbox 427 1451 563 1498; x_wconf 81' lang='lat' dir='ltr'><strong>mandavit</strong></span> <span class='ocrx_word' id='word_1_125' title='bbox 590 1448 617 1498; x_wconf 90' lang='lat' dir='ltr'><strong>iu</strong></span> <span class='ocrx_word' id='word_1_126' title='bbox 656 1447 719 1498; x_wconf 93' lang='lat' dir='ltr'><strong>dolo</strong></span> <span class='ocrx_word' id='word_1_127' title='bbox 760 1448 920 1498; x_wconf 63' lang='lat' dir='ltr'><strong>Gerrssiurn</strong></span> 
     </span>
     <span class='ocr_line' id='line_1_21' title="bbox 90 1518 920 1588; baseline -0.001 -14"><span class='ocrx_word' id='word_1_128' title='bbox 90 1525 260 1588; x_wconf 87' lang='lat' dir='ltr'><strong>episcopum,</strong></span> <span class='ocrx_word' id='word_1_129' title='bbox 291 1527 320 1572; x_wconf 93' lang='lat' dir='ltr'><strong>ut</strong></span> <span class='ocrx_word' id='word_1_130' title='bbox 350 1521 468 1573; x_wconf 86' lang='lat' dir='ltr'><strong>traderet</strong></span> <span class='ocrx_word' id='word_1_131' title='bbox 495 1535 574 1583; x_wconf 88' lang='lat' dir='ltr'><strong>enm;</strong></span> <span class='ocrx_word' id='word_1_132' title='bbox 600 1534 679 1585; x_wconf 89' lang='lat' dir='ltr'><strong>quem</strong></span> <span class='ocrx_word' id='word_1_133' title='bbox 704 1518 831 1571; x_wconf 86' lang='lat' dir='ltr'><strong>traditum</strong></span> <span class='ocrx_word' id='word_1_134' title='bbox 846 1520 920 1574; x_wconf 92' lang='lat' dir='ltr'><strong>misit</strong></span> 
     </span>
    </p>
   </div>
   <div class='ocr_carea' id='block_1_6' title="bbox 972 378 1805 1586">
    <p class='ocr_par' dir='ltr' id='par_1_6' title="bbox 972 378 1805 1586">
     <span class='ocr_line' id='line_1_22' title="bbox 976 378 1801 452; baseline 0.005 -23"><span class='ocrx_word' id='word_1_135' title='bbox 976 378 1107 452; x_wconf 84' lang='lat' dir='ltr'><strong>quidquid</strong></span> <span class='ocrx_word' id='word_1_136' title='bbox 1138 380 1217 445; x_wconf 87' lang='lat' dir='ltr'><strong>Hugo</strong></span> <span class='ocrx_word' id='word_1_137' title='bbox 1255 394 1344 430; x_wconf 88' lang='lat' dir='ltr'><strong>comcs</strong></span> <span class='ocrx_word' id='word_1_138' title='bbox 1387 381 1445 446; x_wconf 90' lang='lat' dir='ltr'><strong>ejus</strong></span> <span class='ocrx_word' id='word_1_139' title='bbox 1475 386 1638 440; x_wconf 72' lang='lat' dir='ltr'><strong>antecessor,</strong></span> <span class='ocrx_word' id='word_1_140' title='bbox 1675 384 1801 433; x_wconf 88' lang='lat' dir='ltr'><strong>marchisi</strong></span> 
     </span>
     <span class='ocr_line' id='line_1_23' title="bbox 976 451 1800 516; baseline 0.001 -11"><span class='ocrx_word' id='word_1_141' title='bbox 976 451 1166 510; x_wconf 81' lang='lat' dir='ltr'><strong>illius,Hoello</strong></span> <span class='ocrx_word' id='word_1_142' title='bbox 1195 452 1273 503; x_wconf 79' lang='lat' dir='ltr'><strong>bonae</strong></span> <span class='ocrx_word' id='word_1_143' title='bbox 1301 457 1437 503; x_wconf 85' lang='lat' dir='ltr'><strong>memorias</strong></span> <span class='ocrx_word' id='word_1_144' title='bbox 1466 455 1601 516; x_wconf 86' lang='lat' dir='ltr'><strong>episcopo,</strong></span> <span class='ocrx_word' id='word_1_145' title='bbox 1627 468 1674 516; x_wconf 92' lang='lat' dir='ltr'><strong>pro</strong></span> <span class='ocrx_word' id='word_1_146' title='bbox 1695 456 1800 507; x_wconf 87' lang='lat' dir='ltr'><strong>damnis</strong></span> 
     </span>
     <span class='ocr_line' id='line_1_24' title="bbox 976 522 1801 591; baseline -0.007 -10"><span class='ocrx_word' id='word_1_147' title='bbox 976 535 1003 581; x_wconf 89' lang='lat' dir='ltr'><strong>et</strong></span> <span class='ocrx_word' id='word_1_148' title='bbox 1019 526 1101 578; x_wconf 92' lang='lat' dir='ltr'><strong>illatis</strong></span> <span class='ocrx_word' id='word_1_149' title='bbox 1116 522 1167 575; x_wconf 93' lang='lat' dir='ltr'><strong>sibi</strong></span> <span class='ocrx_word' id='word_1_150' title='bbox 1181 525 1335 574; x_wconf 86' lang='lat' dir='ltr'><strong>contulerat</strong></span> <span class='ocrx_word' id='word_1_151' title='bbox 1353 524 1470 588; x_wconf 88' lang='lat' dir='ltr'><strong>injuriis,</strong></span> <span class='ocrx_word' id='word_1_152' title='bbox 1494 525 1596 575; x_wconf 89' lang='lat' dir='ltr'><strong>scilicet</strong></span> <span class='ocrx_word' id='word_1_153' title='bbox 1619 526 1801 591; x_wconf 87' lang='lat' dir='ltr'><strong>diabliagium,</strong></span> 
     </span>
     <span class='ocr_line' id='line_1_25' title="bbox 977 595 1798 659; baseline -0.005 -8"><span class='ocrx_word' id='word_1_154' title='bbox 977 595 1200 651; x_wconf 84' lang='lat' dir='ltr'><strong>consuetudines,</strong></span> <span class='ocrx_word' id='word_1_155' title='bbox 1225 597 1386 653; x_wconf 81' lang='lat' dir='ltr'><strong>exactiones,</strong></span> <span class='ocrx_word' id='word_1_156' title='bbox 1417 600 1442 644; x_wconf 88' lang='lat' dir='ltr'><strong>et</strong></span> <span class='ocrx_word' id='word_1_157' title='bbox 1469 608 1640 659; x_wconf 71' lang='lat' dir='ltr'><strong>quacunque</strong></span> <span class='ocrx_word' id='word_1_158' title='bbox 1669 599 1696 645; x_wconf 93' lang='lat' dir='ltr'><strong>in</strong></span> <span class='ocrx_word' id='word_1_159' title='bbox 1724 599 1798 647; x_wconf 89' lang='lat' dir='ltr'><strong>clau·</strong></span> 
     </span>
     <span class='ocr_line' id='line_1_26' title="bbox 975 664 1797 729; baseline -0.007 -6"><span class='ocrx_word' id='word_1_160' title='bbox 975 673 1071 724; x_wconf 82' lang='lat' dir='ltr'><strong>straet</strong></span> <span class='ocrx_word' id='word_1_161' title='bbox 1098 664 1341 729; x_wconf 84' lang='lat' dir='ltr'><strong>inepiscopulibua</strong></span> <span class='ocrx_word' id='word_1_162' title='bbox 1369 666 1502 724; x_wconf 87' lang='lat' dir='ltr'><strong>domibus,</strong></span> <span class='ocrx_word' id='word_1_163' title='bbox 1527 669 1554 715; x_wconf 87' lang='lat' dir='ltr'><strong>et</strong></span> <span class='ocrx_word' id='word_1_164' title='bbox 1576 668 1646 729; x_wconf 86' lang='lat' dir='ltr'><strong>apud</strong></span> <span class='ocrx_word' id='word_1_165' title='bbox 1662 668 1797 729; x_wconf 82' lang='lat' dir='ltr'><strong>Coloniae,</strong></span> 
     </span>
     <span class='ocr_line' id='line_1_27' title="bbox 975 735 1797 802; baseline 0 -12"><span class='ocrx_word' id='word_1_166' title='bbox 975 756 1023 792; x_wconf 89' lang='lat' dir='ltr'><strong>seu</strong></span> <span class='ocrx_word' id='word_1_167' title='bbox 1052 739 1131 789; x_wconf 85' lang='lat' dir='ltr'><strong>etiam</strong></span> <span class='ocrx_word' id='word_1_168' title='bbox 1173 735 1202 785; x_wconf 91' lang='lat' dir='ltr'><strong>iu</strong></span> <span class='ocrx_word' id='word_1_169' title='bbox 1231 741 1288 787; x_wconf 90' lang='lat' dir='ltr'><strong>tota</strong></span> <span class='ocrx_word' id='word_1_170' title='bbox 1319 742 1390 787; x_wconf 90' lang='lat' dir='ltr'><strong>tarra</strong></span> <span class='ocrx_word' id='word_1_171' title='bbox 1417 738 1606 786; x_wconf 87' lang='lat' dir='ltr'><strong>canonicorum</strong></span> <span class='ocrx_word' id='word_1_172' title='bbox 1635 751 1697 802; x_wconf 82' lang='lat' dir='ltr'><strong>quas</strong></span> <span class='ocrx_word' id='word_1_173' title='bbox 1724 737 1797 790; x_wconf 86' lang='lat' dir='ltr'><strong>intra</strong></span> 
     </span>
     <span class='ocr_line' id='line_1_28' title="bbox 974 809 1799 875; baseline -0.001 -15"><span class='ocrx_word' id='word_1_174' title='bbox 974 813 1097 875; x_wconf 76' lang='lat' dir='ltr'><strong>Quintum</strong></span> <span class='ocrx_word' id='word_1_175' title='bbox 1112 809 1274 864; x_wconf 89' lang='lat' dir='ltr'><strong>continetur,</strong></span> <span class='ocrx_word' id='word_1_176' title='bbox 1290 821 1350 872; x_wconf 81' lang='lat' dir='ltr'><strong>ques</strong></span> <span class='ocrx_word' id='word_1_177' title='bbox 1375 809 1444 857; x_wconf 86' lang='lat' dir='ltr'><strong>idem</strong></span> <span class='ocrx_word' id='word_1_178' title='bbox 1472 809 1684 859; x_wconf 87' lang='lat' dir='ltr'><strong>Cenomanensis</strong></span> <span class='ocrx_word' id='word_1_179' title='bbox 1704 809 1799 859; x_wconf 88' lang='lat' dir='ltr'><strong>consul</strong></span> 
     </span>
     <span class='ocr_line' id='line_1_29' title="bbox 974 878 1797 946; baseline -0.006 -11"><span class='ocrx_word' id='word_1_180' title='bbox 974 887 1087 946; x_wconf 77' lang='lat' dir='ltr'><strong>excepto</strong></span> <span class='ocrx_word' id='word_1_181' title='bbox 1115 878 1242 930; x_wconf 89' lang='lat' dir='ltr'><strong>incendio</strong></span> <span class='ocrx_word' id='word_1_182' title='bbox 1271 885 1298 928; x_wconf 88' lang='lat' dir='ltr'><strong>et</strong></span> <span class='ocrx_word' id='word_1_183' title='bbox 1323 884 1401 941; x_wconf 87' lang='lat' dir='ltr'><strong>raptu</strong></span> <span class='ocrx_word' id='word_1_184' title='bbox 1429 879 1502 943; x_wconf 86' lang='lat' dir='ltr'><strong>juste</strong></span> <span class='ocrx_word' id='word_1_185' title='bbox 1519 882 1546 928; x_wconf 92' lang='lat' dir='ltr'><strong>et</strong></span> <span class='ocrx_word' id='word_1_186' title='bbox 1560 879 1659 942; x_wconf 84' lang='lat' dir='ltr'><strong>injuste</strong></span> <span class='ocrx_word' id='word_1_187' title='bbox 1674 880 1797 931; x_wconf 91' lang='lat' dir='ltr'><strong>obtinere</strong></span> 
     </span>
     <span class='ocr_line' id='line_1_30' title="bbox 976 949 1798 1015; baseline -0.006 -8"><span class='ocrx_word' id='word_1_188' title='bbox 976 955 1126 1007; x_wconf 87' lang='lat' dir='ltr'><strong>dicebatur.</strong></span> <span class='ocrx_word' id='word_1_189' title='bbox 1147 949 1287 1000; x_wconf 89' lang='lat' dir='ltr'><strong>Concessit</strong></span> <span class='ocrx_word' id='word_1_190' title='bbox 1311 952 1389 1002; x_wconf 89' lang='lat' dir='ltr'><strong>etiam</strong></span> <span class='ocrx_word' id='word_1_191' title='bbox 1419 949 1549 1015; x_wconf 90' lang='lat' dir='ltr'><strong>quidquid</strong></span> <span class='ocrx_word' id='word_1_192' title='bbox 1578 949 1636 1013; x_wconf 88' lang='lat' dir='ltr'><strong>ejus</strong></span> <span class='ocrx_word' id='word_1_193' title='bbox 1651 952 1798 1002; x_wconf 86' lang='lat' dir='ltr'><strong>socerGer·</strong></span> 
     </span>
     <span class='ocr_line' id='line_1_31' title="bbox 974 1019 1799 1085; baseline -0.005 -9"><span class='ocrx_word' id='word_1_194' title='bbox 974 1027 1065 1076; x_wconf 81' lang='lat' dir='ltr'><strong>sosius</strong></span> <span class='ocrx_word' id='word_1_195' title='bbox 1094 1024 1127 1073; x_wconf 92' lang='lat' dir='ltr'><strong>de</strong></span> <span class='ocrx_word' id='word_1_196' title='bbox 1148 1026 1236 1072; x_wconf 89' lang='lat' dir='ltr'><strong>castro</strong></span> <span class='ocrx_word' id='word_1_197' title='bbox 1264 1022 1304 1072; x_wconf 83' lang='lat' dir='ltr'><strong>hit</strong></span> <span class='ocrx_word' id='word_1_198' title='bbox 1325 1023 1352 1071; x_wconf 93' lang='lat' dir='ltr'><strong>in</strong></span> <span class='ocrx_word' id='word_1_199' title='bbox 1382 1025 1454 1071; x_wconf 87' lang='lat' dir='ltr'><strong>terra</strong></span> <span class='ocrx_word' id='word_1_200' title='bbox 1494 1019 1613 1085; x_wconf 80' lang='lat' dir='ltr'><strong>episcopi</strong></span> <span class='ocrx_word' id='word_1_201' title='bbox 1637 1028 1664 1071; x_wconf 89' lang='lat' dir='ltr'><strong>et</strong></span> <span class='ocrx_word' id='word_1_202' title='bbox 1687 1022 1799 1072; x_wconf 90' lang='lat' dir='ltr'><strong>canoni·</strong></span> 
     </span>
     <span class='ocr_line' id='line_1_32' title="bbox 974 1093 1796 1159; baseline -0.006 -11"><span class='ocrx_word' id='word_1_203' title='bbox 974 1112 1077 1156; x_wconf 88' lang='lat' dir='ltr'><strong>corum,</strong></span> <span class='ocrx_word' id='word_1_204' title='bbox 1106 1108 1167 1159; x_wconf 82' lang='lat' dir='ltr'><strong>quse</strong></span> <span class='ocrx_word' id='word_1_205' title='bbox 1195 1094 1265 1145; x_wconf 90' lang='lat' dir='ltr'><strong>ultra</strong></span> <span class='ocrx_word' id='word_1_206' title='bbox 1293 1094 1421 1144; x_wconf 86' lang='lat' dir='ltr'><strong>ldnnasm</strong></span> <span class='ocrx_word' id='word_1_207' title='bbox 1440 1093 1796 1154; x_wconf 85' lang='lat' dir='ltr'><strong>lluviumest,lleatocou·</strong></span> 
     </span>
     <span class='ocr_line' id='line_1_33' title="bbox 973 1163 1804 1227; baseline -0.006 -7"><span class='ocrx_word' id='word_1_208' title='bbox 973 1171 1034 1220; x_wconf 93' lang='lat' dir='ltr'><strong>tulit</strong></span> <span class='ocrx_word' id='word_1_209' title='bbox 1047 1168 1162 1218; x_wconf 79' lang='lat' dir='ltr'><strong>loliano.</strong></span> <span class='ocrx_word' id='word_1_210' title='bbox 1192 1166 1222 1214; x_wconf 93' lang='lat' dir='ltr'><strong>lu</strong></span> <span class='ocrx_word' id='word_1_211' title='bbox 1249 1163 1458 1215; x_wconf 71' lang='lat' dir='ltr'><strong>reedificatione</strong></span> <span class='ocrx_word' id='word_1_212' title='bbox 1489 1169 1578 1213; x_wconf 91' lang='lat' dir='ltr'><strong>autem</strong></span> <span class='ocrx_word' id='word_1_213' title='bbox 1609 1164 1691 1227; x_wconf 91' lang='lat' dir='ltr'><strong>hujns</strong></span> <span class='ocrx_word' id='word_1_214' title='bbox 1713 1165 1804 1215; x_wconf 77' lang='lat' dir='ltr'><strong>ecole-</strong></span> 
     </span>
     <span class='ocr_line' id='line_1_34' title="bbox 973 1235 1800 1304; baseline -0.005 -14"><span class='ocrx_word' id='word_1_215' title='bbox 973 1242 1030 1295; x_wconf 83' lang='lat' dir='ltr'><strong>sioe,</strong></span> <span class='ocrx_word' id='word_1_216' title='bbox 1060 1243 1156 1304; x_wconf 86' lang='lat' dir='ltr'><strong>praeter</strong></span> <span class='ocrx_word' id='word_1_217' title='bbox 1188 1235 1238 1286; x_wconf 86' lang='lat' dir='ltr'><strong>alia</strong></span> <span class='ocrx_word' id='word_1_218' title='bbox 1261 1236 1349 1286; x_wconf 85' lang='lat' dir='ltr'><strong>multa</strong></span> <span class='ocrx_word' id='word_1_219' title='bbox 1378 1237 1450 1286; x_wconf 90' lang='lat' dir='ltr'><strong>dona</strong></span> <span class='ocrx_word' id='word_1_220' title='bbox 1476 1249 1555 1286; x_wconf 81' lang='lat' dir='ltr'><strong>erasit</strong></span> <span class='ocrx_word' id='word_1_221' title='bbox 1585 1250 1682 1285; x_wconf 89' lang='lat' dir='ltr'><strong>aurcos</strong></span> <span class='ocrx_word' id='word_1_222' title='bbox 1715 1235 1800 1286; x_wconf 83' lang='lat' dir='ltr'><strong>dedit.</strong></span> 
     </span>
     <span class='ocr_line' id='line_1_35' title="bbox 974 1306 1802 1375; baseline -0.007 -13"><span class='ocrx_word' id='word_1_223' title='bbox 974 1312 1012 1362; x_wconf 75' lang='lat' dir='ltr'><strong>ild</strong></span> <span class='ocrx_word' id='word_1_224' title='bbox 1036 1309 1234 1375; x_wconf 78' lang='lat' dir='ltr'><strong>suggestionem</strong></span> <span class='ocrx_word' id='word_1_225' title='bbox 1263 1307 1422 1364; x_wconf 90' lang='lat' dir='ltr'><strong>Hildeberti,</strong></span> <span class='ocrx_word' id='word_1_226' title='bbox 1450 1306 1526 1356; x_wconf 83' lang='lat' dir='ltr'><strong>Beati</strong></span> <span class='ocrx_word' id='word_1_227' title='bbox 1559 1307 1658 1357; x_wconf 85' lang='lat' dir='ltr'><strong>tuliani</strong></span> <span class='ocrx_word' id='word_1_228' title='bbox 1696 1306 1802 1365; x_wconf 85' lang='lat' dir='ltr'><strong>lectum,</strong></span> 
     </span>
     <span class='ocr_line' id='line_1_36' title="bbox 973 1379 1798 1448; baseline -0.008 -14"><span class='ocrx_word' id='word_1_229' title='bbox 973 1385 1000 1434; x_wconf 91' lang='lat' dir='ltr'><strong>in</strong></span> <span class='ocrx_word' id='word_1_230' title='bbox 1026 1396 1080 1448; x_wconf 90' lang='lat' dir='ltr'><strong>quo</strong></span> <span class='ocrx_word' id='word_1_231' title='bbox 1107 1394 1180 1431; x_wconf 94' lang='lat' dir='ltr'><strong>nunc</strong></span> <span class='ocrx_word' id='word_1_232' title='bbox 1208 1380 1377 1430; x_wconf 83' lang='lat' dir='ltr'><strong>sanctissima</strong></span> <span class='ocrx_word' id='word_1_233' title='bbox 1403 1379 1596 1443; x_wconf 85' lang='lat' dir='ltr'><strong>ejusmembra</strong></span> <span class='ocrx_word' id='word_1_234' title='bbox 1612 1379 1798 1443; x_wconf 89' lang='lat' dir='ltr'><strong>requiescunt,</strong></span> 
     </span>
     <span class='ocr_line' id='line_1_37' title="bbox 973 1449 1803 1516; baseline -0.008 -11"><span class='ocrx_word' id='word_1_235' title='bbox 973 1469 1004 1506; x_wconf 84' lang='lat' dir='ltr'><strong>ex</strong></span> <span class='ocrx_word' id='word_1_236' title='bbox 1017 1455 1128 1516; x_wconf 88' lang='lat' dir='ltr'><strong>argento</strong></span> <span class='ocrx_word' id='word_1_237' title='bbox 1157 1451 1219 1501; x_wconf 87' lang='lat' dir='ltr'><strong>iecit</strong></span> <span class='ocrx_word' id='word_1_238' title='bbox 1246 1455 1274 1500; x_wconf 92' lang='lat' dir='ltr'><strong>et</strong></span> <span class='ocrx_word' id='word_1_239' title='bbox 1301 1464 1376 1500; x_wconf 88' lang='lat' dir='ltr'><strong>auro.</strong></span> <span class='ocrx_word' id='word_1_240' title='bbox 1394 1449 1467 1500; x_wconf 90' lang='lat' dir='ltr'><strong>ldam</strong></span> <span class='ocrx_word' id='word_1_241' title='bbox 1492 1454 1632 1514; x_wconf 73' lang='lat' dir='ltr'><strong>preterea,</strong></span> <span class='ocrx_word' id='word_1_242' title='bbox 1660 1450 1727 1499; x_wconf 85' lang='lat' dir='ltr'><strong>riam</strong></span> <span class='ocrx_word' id='word_1_243' title='bbox 1745 1449 1803 1498; x_wconf 89' lang='lat' dir='ltr'><strong>unl-</strong></span> 
     </span>
     <span class='ocr_line' id='line_1_38' title="bbox 972 1520 1805 1586; baseline -0.007 -10"><span class='ocrx_word' id='word_1_244' title='bbox 972 1539 1057 1576; x_wconf 82' lang='lat' dir='ltr'><strong>rersee</strong></span> <span class='ocrx_word' id='word_1_245' title='bbox 1086 1522 1173 1573; x_wconf 89' lang='lat' dir='ltr'><strong>carnis</strong></span> <span class='ocrx_word' id='word_1_246' title='bbox 1201 1521 1363 1586; x_wconf 89' lang='lat' dir='ltr'><strong>ingrediens,</strong></span> <span class='ocrx_word' id='word_1_247' title='bbox 1393 1522 1427 1572; x_wconf 92' lang='lat' dir='ltr'><strong>ad</strong></span> <span class='ocrx_word' id='word_1_248' title='bbox 1456 1520 1609 1571; x_wconf 87' lang='lat' dir='ltr'><strong>taciendam</strong></span> <span class='ocrx_word' id='word_1_249' title='bbox 1637 1534 1719 1570; x_wconf 88' lang='lat' dir='ltr'><strong>unam</strong></span> <span class='ocrx_word' id='word_1_250' title='bbox 1744 1534 1805 1570; x_wconf 92' lang='lat' dir='ltr'><strong>cru·</strong></span> 
     </span>
    </p>
   </div>
   <div class='ocr_carea' id='block_1_7' title="bbox 89 1591 1801 1804">
    <p class='ocr_par' dir='ltr' id='par_1_7' title="bbox 89 1591 1801 1804">
     <span class='ocr_line' id='line_1_39' title="bbox 89 1591 918 1656; baseline -0.004 -10"><span class='ocrx_word' id='word_1_251' title='bbox 89 1596 118 1646; x_wconf 92' lang='lat' dir='ltr'><strong>in</strong></span> <span class='ocrx_word' id='word_1_252' title='bbox 148 1607 295 1650; x_wconf 84' lang='lat' dir='ltr'><strong>carcerem,</strong></span> <span class='ocrx_word' id='word_1_253' title='bbox 325 1607 357 1644; x_wconf 92' lang='lat' dir='ltr'><strong>ac</strong></span> <span class='ocrx_word' id='word_1_254' title='bbox 381 1591 468 1643; x_wconf 90' lang='lat' dir='ltr'><strong>tonuit</strong></span> <span class='ocrx_word' id='word_1_255' title='bbox 495 1606 557 1643; x_wconf 90' lang='lat' dir='ltr'><strong>eum</strong></span> <span class='ocrx_word' id='word_1_256' title='bbox 586 1592 613 1643; x_wconf 91' lang='lat' dir='ltr'><strong>in</strong></span> <span class='ocrx_word' id='word_1_257' title='bbox 639 1592 754 1642; x_wconf 83' lang='lat' dir='ltr'><strong>vinculis</strong></span> <span class='ocrx_word' id='word_1_258' title='bbox 777 1606 861 1656; x_wconf 88' lang='lat' dir='ltr'><strong>usque</strong></span> <span class='ocrx_word' id='word_1_259' title='bbox 885 1593 918 1643; x_wconf 90' lang='lat' dir='ltr'><strong>ad</strong></span> 
     </span>
     <span class='ocr_line' id='line_1_40' title="bbox 90 1661 1801 1740; baseline -0.009 -24"><span class='ocrx_word' id='word_1_260' title='bbox 90 1670 197 1730; x_wconf 89' lang='lat' dir='ltr'><strong>septam</strong></span> <span class='ocrx_word' id='word_1_261' title='bbox 213 1678 310 1716; x_wconf 84' lang='lat' dir='ltr'><strong>annos.</strong></span> <span class='ocrx_word' id='word_1_262' title='bbox 328 1683 342 1710; x_wconf 75' lang='lat' dir='ltr'><strong>s</strong></span> <span class='ocrx_word' id='word_1_263' title='bbox 359 1662 477 1714; x_wconf 84' lang='lat' dir='ltr'><strong>Tandem</strong></span> <span class='ocrx_word' id='word_1_264' title='bbox 489 1662 617 1713; x_wconf 86' lang='lat' dir='ltr'><strong>liberatus</strong></span> <span class='ocrx_word' id='word_1_265' title='bbox 632 1661 787 1723; x_wconf 82' lang='lat' dir='ltr'><strong>Gareasius,</strong></span> <span class='ocrx_word' id='word_1_266' title='bbox 812 1664 920 1715; x_wconf 91' lang='lat' dir='ltr'><strong>llenrioi</strong></span> <span class='ocrx_word' id='word_1_267' title='bbox 939 1667 1196 1740; x_wconf 77' lang='lat' dir='ltr'><strong>Bcompouendum</strong></span> <span class='ocrx_word' id='word_1_268' title='bbox 1227 1664 1393 1714; x_wconf 91' lang='lat' dir='ltr'><strong>thuribulum</strong></span> <span class='ocrx_word' id='word_1_269' title='bbox 1424 1664 1610 1728; x_wconf 82' lang='lat' dir='ltr'><strong>quotidianum</strong></span> <span class='ocrx_word' id='word_1_270' title='bbox 1637 1663 1704 1712; x_wconf 67' lang='lat' dir='ltr'><strong>duae</strong></span> <span class='ocrx_word' id='word_1_271' title='bbox 1730 1676 1801 1712; x_wconf 61' lang='lat' dir='ltr'><strong>mar.</strong></span> 
     </span>
     <span class='ocr_line' id='line_1_41' title="bbox 90 1734 1800 1804; baseline -0.004 -11"><span class='ocrx_word' id='word_1_272' title='bbox 90 1740 163 1803; x_wconf 68' lang='lat' dir='ltr'><strong>regis</strong></span> <span class='ocrx_word' id='word_1_273' title='bbox 188 1736 322 1789; x_wconf 73' lang='lat' dir='ltr'><strong>beneflcio</strong></span> <span class='ocrx_word' id='word_1_274' title='bbox 356 1736 478 1786; x_wconf 63' lang='lat' dir='ltr'><strong>altiorem</strong></span> <span class='ocrx_word' id='word_1_275' title='bbox 513 1734 628 1799; x_wconf 70' lang='lat' dir='ltr'><strong>littidum</strong></span> <span class='ocrx_word' id='word_1_276' title='bbox 654 1735 784 1794; x_wconf 65' lang='lat' dir='ltr'><strong>attendit.</strong></span> <span class='ocrx_word' id='word_1_277' title='bbox 820 1736 923 1786; x_wconf 70' lang='lat' dir='ltr'><strong>archie-</strong></span> <span class='ocrx_word' id='word_1_278' title='bbox 978 1755 1022 1792; x_wconf 90' lang='lat' dir='ltr'><strong>eas</strong></span> <span class='ocrx_word' id='word_1_279' title='bbox 1053 1739 1164 1804; x_wconf 86' lang='lat' dir='ltr'><strong>argenti,</strong></span> <span class='ocrx_word' id='word_1_280' title='bbox 1191 1741 1218 1788; x_wconf 88' lang='lat' dir='ltr'><strong>et</strong></span> <span class='ocrx_word' id='word_1_281' title='bbox 1245 1736 1382 1786; x_wconf 90' lang='lat' dir='ltr'><strong>canonicis</strong></span> <span class='ocrx_word' id='word_1_282' title='bbox 1411 1736 1531 1800; x_wconf 87' lang='lat' dir='ltr'><strong>quinque</strong></span> <span class='ocrx_word' id='word_1_283' title='bbox 1559 1748 1661 1784; x_wconf 88' lang='lat' dir='ltr'><strong>marcas</strong></span> <span class='ocrx_word' id='word_1_284' title='bbox 1685 1734 1800 1786; x_wconf 85' lang='lat' dir='ltr'><strong>donans.</strong></span> 
     </span>
    </p>
   </div>
   <div class='ocr_carea' id='block_1_8' title="bbox 974 1591 1800 1660">
    <p class='ocr_par' dir='ltr' id='par_1_8' title="bbox 974 1591 1800 1660">
     <span class='ocr_line' id='line_1_42' title="bbox 974 1591 1800 1660; baseline -0.008 -12"><span class='ocrx_word' id='word_1_285' title='bbox 974 1611 1031 1648; x_wconf 85' lang='lat' dir='ltr'><strong>cent</strong></span> <span class='ocrx_word' id='word_1_286' title='bbox 1056 1595 1173 1660; x_wconf 76' lang='lat' dir='ltr'><strong>cyphum</strong></span> <span class='ocrx_word' id='word_1_287' title='bbox 1200 1607 1233 1643; x_wconf 85' lang='lat' dir='ltr'><strong>xe</strong></span> <span class='ocrx_word' id='word_1_288' title='bbox 1261 1597 1288 1643; x_wconf 90' lang='lat' dir='ltr'><strong>et</strong></span> <span class='ocrx_word' id='word_1_289' title='bbox 1317 1606 1361 1642; x_wconf 80' lang='lat' dir='ltr'><strong>suu</strong></span> <span class='ocrx_word' id='word_1_290' title='bbox 1391 1593 1530 1642; x_wconf 87' lang='lat' dir='ltr'><strong>unciarum</strong></span> <span class='ocrx_word' id='word_1_291' title='bbox 1547 1593 1608 1656; x_wconf 90' lang='lat' dir='ltr'><strong>puri</strong></span> <span class='ocrx_word' id='word_1_292' title='bbox 1637 1591 1705 1647; x_wconf 93' lang='lat' dir='ltr'><strong>auri,</strong></span> <span class='ocrx_word' id='word_1_293' title='bbox 1722 1591 1800 1641; x_wconf 87' lang='lat' dir='ltr'><strong>etad</strong></span> 
     </span>
    </p>
   </div>
   <div class='ocr_carea' id='block_1_9' title="bbox 92 1804 1892 1876">
    <p class='ocr_par' dir='ltr' id='par_1_9' title="bbox 92 1804 1892 1876">
     <span class='ocr_line' id='line_1_43' title="bbox 92 1804 1892 1876; baseline -0.005 -12"><span class='ocrx_word' id='word_1_294' title='bbox 92 1804 578 1875; x_wconf 67' lang='lat' dir='ltr'><strong>piseoputRemssntisrfflunliflltlss·</strong></span> <span class='ocrx_word' id='word_1_295' title='bbox 605 1805 678 1856; x_wconf 74' lang='lat' dir='ltr'><strong>1de</strong></span> <span class='ocrx_word' id='word_1_296' title='bbox 696 1810 812 1857; x_wconf 66' lang='lat' dir='ltr'><strong>fluclort</strong></span> <span class='ocrx_word' id='word_1_297' title='bbox 836 1825 849 1851; x_wconf 64' lang='lat' dir='ltr'><strong>s</strong></span> <span class='ocrx_word' id='word_1_298' title='bbox 878 1807 924 1857; x_wconf 77' lang='lat'><strong>(20-</strong></span> <span class='ocrx_word' id='word_1_299' title='bbox 976 1812 1060 1876; x_wconf 89' lang='lat' dir='ltr'><strong>Cujus</strong></span> <span class='ocrx_word' id='word_1_300' title='bbox 1088 1810 1178 1860; x_wconf 89' lang='lat' dir='ltr'><strong>anima</strong></span> <span class='ocrx_word' id='word_1_301' title='bbox 1205 1808 1312 1873; x_wconf 88' lang='lat' dir='ltr'><strong>gaudiis</strong></span> <span class='ocrx_word' id='word_1_302' title='bbox 1342 1808 1447 1857; x_wconf 84' lang='lat' dir='ltr'><strong>truatur</strong></span> <span class='ocrx_word' id='word_1_303' title='bbox 1470 1805 1598 1871; x_wconf 84' lang='lat' dir='ltr'><strong>paradisi.</strong></span> <span class='ocrx_word' id='word_1_304' title='bbox 1627 1826 1639 1851; x_wconf 79' lang='lat' dir='ltr'><strong>s</strong></span> <span class='ocrx_word' id='word_1_305' title='bbox 1667 1805 1800 1856; x_wconf 72' lang='lat' dir='ltr'><strong>Caeterum</strong></span> <span class='ocrx_word' id='word_1_306' title='bbox 1889 1868 1892 1873; x_wconf 21' lang='grc' dir='ltr'>Ι</span> 
     </span>
    </p>
   </div>
   <div class='ocr_carea' id='block_1_10' title="bbox 91 1877 1804 4173">
    <p class='ocr_par' dir='ltr' id='par_1_10' title="bbox 91 1877 1803 2158">
     <span class='ocr_line' id='line_1_44' title="bbox 91 1877 1802 1947; baseline -0.008 -17"><span class='ocrx_word' id='word_1_307' title='bbox 91 1895 149 1931; x_wconf 85' lang='lat' dir='ltr'><strong>mes</strong></span> <span class='ocrx_word' id='word_1_308' title='bbox 166 1877 303 1931; x_wconf 84' lang='lat' dir='ltr'><strong>Goitridus</strong></span> <span class='ocrx_word' id='word_1_309' title='bbox 326 1879 481 1929; x_wconf 80' lang='lat' dir='ltr'><strong>Gerrasium</strong></span> <span class='ocrx_word' id='word_1_310' title='bbox 505 1878 539 1928; x_wconf 88' lang='lat' dir='ltr'><strong>de</strong></span> <span class='ocrx_word' id='word_1_311' title='bbox 570 1890 678 1928; x_wconf 87' lang='lat' dir='ltr'><strong>carcere</strong></span> <span class='ocrx_word' id='word_1_312' title='bbox 695 1877 769 1929; x_wconf 83' lang='lat' dir='ltr'><strong>exire</strong></span> <span class='ocrx_word' id='word_1_313' title='bbox 793 1877 923 1941; x_wconf 86' lang='lat' dir='ltr'><strong>permisit,</strong></span> <span class='ocrx_word' id='word_1_314' title='bbox 976 1880 1197 1947; x_wconf 81' lang='lat' dir='ltr'><strong>Martyrologium</strong></span> <span class='ocrx_word' id='word_1_315' title='bbox 1227 1880 1380 1944; x_wconf 89' lang='lat' dir='ltr'><strong>sepulerum</strong></span> <span class='ocrx_word' id='word_1_316' title='bbox 1407 1885 1485 1929; x_wconf 79' lang='lat' dir='ltr'><strong>vocat</strong></span> <span class='ocrx_word' id='word_1_317' title='bbox 1513 1878 1615 1936; x_wconf 84' lang='lat' dir='ltr'><strong>tectum,</strong></span> <span class='ocrx_word' id='word_1_318' title='bbox 1644 1882 1675 1928; x_wconf 88' lang='lat' dir='ltr'><strong>ut</strong></span> <span class='ocrx_word' id='word_1_319' title='bbox 1716 1878 1802 1942; x_wconf 69' lang='lat' dir='ltr'><strong>suge.</strong></span> 
     </span>
     <span class='ocr_line' id='line_1_45' title="bbox 92 1946 1801 2013; baseline -0.006 -5"><span class='ocrx_word' id='word_1_320' title='bbox 92 1952 138 2003; x_wconf 63' lang='lat' dir='ltr'><strong>isli</strong></span> <span class='ocrx_word' id='word_1_321' title='bbox 171 1950 300 2002; x_wconf 71' lang='lat' dir='ltr'><strong>videlieet</strong></span> <span class='ocrx_word' id='word_1_322' title='bbox 328 1955 505 2007; x_wconf 47' lang='lat' dir='ltr'><strong>sacrament&amp;</strong></span> <span class='ocrx_word' id='word_1_323' title='bbox 533 1949 771 2012; x_wconf 83' lang='lat' dir='ltr'><strong>utouandtuipso</strong></span> <span class='ocrx_word' id='word_1_324' title='bbox 796 1948 924 2000; x_wconf 81' lang='lat' dir='ltr'><strong>Godridus</strong></span> <span class='ocrx_word' id='word_1_325' title='bbox 976 1955 1089 2005; x_wconf 88' lang='lat' dir='ltr'><strong>riualib.</strong></span> <span class='ocrx_word' id='word_1_326' title='bbox 1115 1954 1151 2004; x_wconf 88' lang='lat' dir='ltr'><strong>ns</strong></span> <span class='ocrx_word' id='word_1_327' title='bbox 1167 1951 1373 2002; x_wconf 90' lang='lat' dir='ltr'><strong>consecratione</strong></span> <span class='ocrx_word' id='word_1_328' title='bbox 1398 1951 1523 2000; x_wconf 78' lang='lat' dir='ltr'><strong>Ecclesiae</strong></span> <span class='ocrx_word' id='word_1_329' title='bbox 1553 1950 1643 1999; x_wconf 88' lang='lat' dir='ltr'><strong>Sancti</strong></span> <span class='ocrx_word' id='word_1_330' title='bbox 1672 1946 1801 2013; x_wconf 81' lang='lat' dir='ltr'><strong>Dionysii,</strong></span> 
     </span>
     <span class='ocr_line' id='line_1_46' title="bbox 92 2020 1803 2086; baseline -0.005 -8"><span class='ocrx_word' id='word_1_331' title='bbox 92 2025 243 2086; x_wconf 79' lang='lat' dir='ltr'><strong>adviveret,</strong></span> <span class='ocrx_word' id='word_1_332' title='bbox 271 2023 343 2074; x_wconf 83' lang='lat' dir='ltr'><strong>intra</strong></span> <span class='ocrx_word' id='word_1_333' title='bbox 369 2020 506 2072; x_wconf 82' lang='lat' dir='ltr'><strong>civitatem</strong></span> <span class='ocrx_word' id='word_1_334' title='bbox 538 2020 746 2072; x_wconf 78' lang='lat' dir='ltr'><strong>Cenomaniaom</strong></span> <span class='ocrx_word' id='word_1_335' title='bbox 779 2020 924 2072; x_wconf 80' lang='lat' dir='ltr'><strong>Garrasrus</strong></span> <span class='ocrx_word' id='word_1_336' title='bbox 977 2028 1155 2077; x_wconf 78' lang='lat' dir='ltr'><strong>«lectio-am:</strong></span> <span class='ocrx_word' id='word_1_337' title='bbox 1181 2022 1382 2075; x_wconf 56' lang='lat' dir='ltr'><strong>Sacratis-simos</strong></span> <span class='ocrx_word' id='word_1_338' title='bbox 1412 2037 1504 2072; x_wconf 87' lang='lat' dir='ltr'><strong>eorum</strong></span> <span class='ocrx_word' id='word_1_339' title='bbox 1533 2021 1651 2083; x_wconf 81' lang='lat' dir='ltr'><strong>lecticas,</strong></span> <span class='ocrx_word' id='word_1_340' title='bbox 1669 2022 1803 2085; x_wconf 76' lang='lat' dir='ltr'><strong>precipue</strong></span> 
     </span>
     <span class='ocr_line' id='line_1_47' title="bbox 92 2092 1692 2158; baseline -0.004 -13"><span class='ocrx_word' id='word_1_341' title='bbox 92 2108 146 2146; x_wconf 91' lang='lat' dir='ltr'><strong>nou</strong></span> <span class='ocrx_word' id='word_1_342' title='bbox 175 2097 303 2147; x_wconf 88' lang='lat' dir='ltr'><strong>intraret.</strong></span> <span class='ocrx_word' id='word_1_343' title='bbox 332 2095 397 2144; x_wconf 86' lang='lat' dir='ltr'><strong>Cum</strong></span> <span class='ocrx_word' id='word_1_344' title='bbox 426 2108 491 2143; x_wconf 82' lang='lat' dir='ltr'><strong>raro</strong></span> <span class='ocrx_word' id='word_1_345' title='bbox 514 2092 817 2158; x_wconf 78' lang='lat' dir='ltr'><strong>videretprassulquod</strong></span> <span class='ocrx_word' id='word_1_346' title='bbox 836 2106 923 2156; x_wconf 87' lang='lat' dir='ltr'><strong>neque</strong></span> <span class='ocrx_word' id='word_1_347' title='bbox 977 2100 1161 2158; x_wconf 85' lang='lat' dir='ltr'><strong>dominorum,</strong></span> <span class='ocrx_word' id='word_1_348' title='bbox 1173 2102 1298 2146; x_wconf 89' lang='lat' dir='ltr'><strong>ornatum</strong></span> <span class='ocrx_word' id='word_1_349' title='bbox 1315 2095 1345 2143; x_wconf 91' lang='lat' dir='ltr'><strong>iri</strong></span> <span class='ocrx_word' id='word_1_350' title='bbox 1362 2096 1452 2143; x_wconf 80' lang='lat' dir='ltr'><strong>sotira</strong></span> <span class='ocrx_word' id='word_1_351' title='bbox 1467 2092 1692 2143; x_wconf 74' lang='lat' dir='ltr'><strong>animabamur.»</strong></span> 
     </span>
    </p>

    <p class='ocr_par' dir='ltr' id='par_1_11' title="bbox 93 2161 1804 4173">
     <span class='ocr_line' id='line_1_48' title="bbox 93 2161 1804 2231; baseline -0.008 -6"><span class='ocrx_word' id='word_1_352' title='bbox 93 2167 121 2217; x_wconf 83' lang='lat' dir='ltr'><strong>ia</strong></span> <span class='ocrx_word' id='word_1_353' title='bbox 137 2166 243 2224; x_wconf 68' lang='lat' dir='ltr'><strong>urbem</strong></span> <span class='ocrx_word' id='word_1_354' title='bbox 262 2180 354 2231; x_wconf 81' lang='lat' dir='ltr'><strong>nequo</strong></span> <span class='ocrx_word' id='word_1_355' title='bbox 369 2167 396 2215; x_wconf 82' lang='lat' dir='ltr'><strong>in</strong></span> <span class='ocrx_word' id='word_1_356' title='bbox 415 2166 550 2216; x_wconf 78' lang='lat' dir='ltr'><strong>castellum</strong></span> <span class='ocrx_word' id='word_1_357' title='bbox 579 2178 668 2224; x_wconf 82' lang='lat' dir='ltr'><strong>suom,</strong></span> <span class='ocrx_word' id='word_1_358' title='bbox 692 2170 784 2228; x_wconf 81' lang='lat' dir='ltr'><strong>posset</strong></span> <span class='ocrx_word' id='word_1_359' title='bbox 812 2166 922 2225; x_wconf 74' lang='lat' dir='ltr'><strong>intrare,</strong></span> <span class='ocrx_word' id='word_1_360' title='bbox 1010 2167 1241 2226; x_wconf 68' lang='lat' dir='ltr'><strong>Coerenses.</strong></span> <span class='ocrx_word' id='word_1_361' title='bbox 1266 2193 1293 2202; x_wconf 95' lang='lat'>-</span> <span class='ocrx_word' id='word_1_362' title='bbox 1320 2164 1359 2216; x_wconf 77' lang='lat' dir='ltr'><strong>se</strong></span> <span class='ocrx_word' id='word_1_363' title='bbox 1375 2163 1495 2216; x_wconf 70' lang='lat' dir='ltr'><strong>oronites</strong></span> <span class='ocrx_word' id='word_1_364' title='bbox 1525 2164 1672 2213; x_wconf 52' lang='lat' dir='ltr'><strong>coaetanea.</strong></span> <span class='ocrx_word' id='word_1_365' title='bbox 1703 2161 1804 2213; x_wconf 80' lang='lat' dir='ltr'><strong>conflr-</strong></span> 
     </span>
     <span class='ocr_line' id='line_1_49' title="bbox 93 2235 1803 2303; baseline -0.009 -15"><span class='ocrx_word' id='word_1_366' title='bbox 93 2239 156 2288; x_wconf 87' lang='lat' dir='ltr'><strong>abiit</strong></span> <span class='ocrx_word' id='word_1_367' title='bbox 172 2240 207 2288; x_wconf 86' lang='lat' dir='ltr'><strong>ad</strong></span> <span class='ocrx_word' id='word_1_368' title='bbox 229 2237 403 2288; x_wconf 77' lang='lat' dir='ltr'><strong>willelmum</strong></span> <span class='ocrx_word' id='word_1_369' title='bbox 426 2235 600 2286; x_wconf 82' lang='lat' dir='ltr'><strong>Normanniae</strong></span> <span class='ocrx_word' id='word_1_370' title='bbox 626 2237 762 2289; x_wconf 88' lang='lat' dir='ltr'><strong>comitem.</strong></span> <span class='ocrx_word' id='word_1_371' title='bbox 783 2251 816 2287; x_wconf 87' lang='lat' dir='ltr'><strong>ao</strong></span> <span class='ocrx_word' id='word_1_372' title='bbox 843 2237 925 2299; x_wconf 89' lang='lat' dir='ltr'><strong>quid·</strong></span> <span class='ocrx_word' id='word_1_373' title='bbox 977 2240 1098 2293; x_wconf 83' lang='lat' dir='ltr'><strong>maritat</strong></span> <span class='ocrx_word' id='word_1_374' title='bbox 1128 2239 1313 2303; x_wconf 76' lang='lat' dir='ltr'><strong>comprobavit</strong></span> <span class='ocrx_word' id='word_1_375' title='bbox 1344 2243 1448 2286; x_wconf 91' lang='lat' dir='ltr'><strong>tantum</strong></span> <span class='ocrx_word' id='word_1_376' title='bbox 1474 2251 1535 2301; x_wconf 82' lang='lat' dir='ltr'><strong>qum</strong></span> <span class='ocrx_word' id='word_1_377' title='bbox 1558 2235 1803 2295; x_wconf 81' lang='lat' dir='ltr'><strong>liupocnmesde.</strong></span> 
     </span>
     <span class='ocr_line' id='line_1_50' title="bbox 95 2307 1801 2379; baseline -0.001 -19"><span class='ocrx_word' id='word_1_378' title='bbox 95 2313 202 2378; x_wconf 84' lang='lat' dir='ltr'><strong>quidsi</strong></span> <span class='ocrx_word' id='word_1_379' title='bbox 232 2310 369 2362; x_wconf 71' lang='lat' dir='ltr'><strong>Gobridus</strong></span> <span class='ocrx_word' id='word_1_380' title='bbox 397 2311 470 2373; x_wconf 82' lang='lat' dir='ltr'><strong>iecit,</strong></span> <span class='ocrx_word' id='word_1_381' title='bbox 491 2310 533 2360; x_wconf 84' lang='lat' dir='ltr'><strong>vel</strong></span> <span class='ocrx_word' id='word_1_382' title='bbox 559 2310 695 2374; x_wconf 86' lang='lat' dir='ltr'><strong>quomodo</strong></span> <span class='ocrx_word' id='word_1_383' title='bbox 719 2325 780 2362; x_wconf 75' lang='lat' dir='ltr'><strong>eum</strong></span> <span class='ocrx_word' id='word_1_384' title='bbox 803 2311 922 2371; x_wconf 65' lang='lat' dir='ltr'><strong>tradidit,</strong></span> <span class='ocrx_word' id='word_1_385' title='bbox 978 2319 1063 2375; x_wconf 88' lang='lat' dir='ltr'><strong>derat,</strong></span> <span class='ocrx_word' id='word_1_386' title='bbox 1080 2318 1117 2368; x_wconf 89' lang='lat' dir='ltr'><strong>ait</strong></span> <span class='ocrx_word' id='word_1_387' title='bbox 1144 2314 1281 2379; x_wconf 77' lang='lat' dir='ltr'><strong>Martyrol.</strong></span> <span class='ocrx_word' id='word_1_388' title='bbox 1310 2311 1379 2372; x_wconf 85' lang='lat' dir='ltr'><strong>Quid</strong></span> <span class='ocrx_word' id='word_1_389' title='bbox 1407 2317 1496 2361; x_wconf 83' lang='lat' dir='ltr'><strong>autern</strong></span> <span class='ocrx_word' id='word_1_390' title='bbox 1512 2310 1630 2361; x_wconf 88' lang='lat' dir='ltr'><strong>dedisset</strong></span> <span class='ocrx_word' id='word_1_391' title='bbox 1641 2307 1760 2371; x_wconf 86' lang='lat' dir='ltr'><strong>explicat</strong></span> <span class='ocrx_word' id='word_1_392' title='bbox 1773 2309 1801 2359; x_wconf 94' lang='lat' dir='ltr'><strong>in</strong></span> 
     </span>
     <span class='ocr_line' id='line_1_51' title="bbox 95 2382 1801 2450; baseline -0.001 -16"><span class='ocrx_word' id='word_1_393' title='bbox 95 2382 134 2434; x_wconf 89' lang='lat' dir='ltr'><strong>illi</strong></span> <span class='ocrx_word' id='word_1_394' title='bbox 157 2397 276 2434; x_wconf 82' lang='lat' dir='ltr'><strong>moersns</strong></span> <span class='ocrx_word' id='word_1_395' title='bbox 297 2383 398 2433; x_wconf 88' lang='lat' dir='ltr'><strong>retulit.</strong></span> <span class='ocrx_word' id='word_1_396' title='bbox 422 2382 499 2442; x_wconf 81' lang='lat' dir='ltr'><strong>Quod</strong></span> <span class='ocrx_word' id='word_1_397' title='bbox 527 2396 588 2432; x_wconf 91' lang='lat' dir='ltr'><strong>cum</strong></span> <span class='ocrx_word' id='word_1_398' title='bbox 620 2382 741 2432; x_wconf 87' lang='lat' dir='ltr'><strong>audisset</strong></span> <span class='ocrx_word' id='word_1_399' title='bbox 769 2383 924 2434; x_wconf 81' lang='lat' dir='ltr'><strong>willelmus</strong></span> <span class='ocrx_word' id='word_1_400' title='bbox 977 2390 1091 2440; x_wconf 73' lang='lat' dir='ltr'><strong>Hoollo:</strong></span> <span class='ocrx_word' id='word_1_401' title='bbox 1108 2409 1120 2433; x_wconf 81' lang='lat' dir='ltr'><strong>o</strong></span> <span class='ocrx_word' id='word_1_402' title='bbox 1145 2387 1178 2438; x_wconf 78' lang='lat' dir='ltr'><strong>lit</strong></span> <span class='ocrx_word' id='word_1_403' title='bbox 1208 2386 1271 2450; x_wconf 89' lang='lat' dir='ltr'><strong>qula</strong></span> <span class='ocrx_word' id='word_1_404' title='bbox 1296 2384 1366 2433; x_wconf 83' lang='lat' dir='ltr'><strong>idem</strong></span> <span class='ocrx_word' id='word_1_405' title='bbox 1394 2396 1483 2433; x_wconf 89' lang='lat' dir='ltr'><strong>comes</strong></span> <span class='ocrx_word' id='word_1_406' title='bbox 1511 2383 1625 2432; x_wconf 78' lang='lat' dir='ltr'><strong>maxima</strong></span> <span class='ocrx_word' id='word_1_407' title='bbox 1656 2382 1680 2430; x_wconf 87' lang='lat' dir='ltr'><strong>ei</strong></span> <span class='ocrx_word' id='word_1_408' title='bbox 1704 2382 1801 2432; x_wconf 82' lang='lat' dir='ltr'><strong>dumne</strong></span> 
     </span>
     <span class='ocr_line' id='line_1_52' title="bbox 100 2452 1800 2522; baseline -0.007 -9"><span class='ocrx_word' id='word_1_409' title='bbox 100 2469 194 2519; x_wconf 69' lang='lat' dir='ltr'><strong>omos,</strong></span> <span class='ocrx_word' id='word_1_410' title='bbox 226 2453 409 2505; x_wconf 76' lang='lat' dir='ltr'><strong>misericordis</strong></span> <span class='ocrx_word' id='word_1_411' title='bbox 435 2457 532 2512; x_wconf 77' lang='lat' dir='ltr'><strong>motos,</strong></span> <span class='ocrx_word' id='word_1_412' title='bbox 557 2452 631 2503; x_wconf 82' lang='lat' dir='ltr'><strong>dedit</strong></span> <span class='ocrx_word' id='word_1_413' title='bbox 656 2452 680 2503; x_wconf 83' lang='lat' dir='ltr'><strong>ei</strong></span> <span class='ocrx_word' id='word_1_414' title='bbox 708 2466 804 2504; x_wconf 78' lang='lat' dir='ltr'><strong>aarum</strong></span> <span class='ocrx_word' id='word_1_415' title='bbox 829 2459 856 2504; x_wconf 83' lang='lat' dir='ltr'><strong>et</strong></span> <span class='ocrx_word' id='word_1_416' title='bbox 883 2469 923 2505; x_wconf 84' lang='lat' dir='ltr'><strong>ar·</strong></span> <span class='ocrx_word' id='word_1_417' title='bbox 977 2461 1116 2522; x_wconf 78' lang='lat' dir='ltr'><strong>incolorat,</strong></span> <span class='ocrx_word' id='word_1_418' title='bbox 1150 2459 1185 2510; x_wconf 86' lang='lat' dir='ltr'><strong>ob</strong></span> <span class='ocrx_word' id='word_1_419' title='bbox 1224 2455 1446 2507; x_wconf 67' lang='lat' dir='ltr'><strong>restaurationem</strong></span> <span class='ocrx_word' id='word_1_420' title='bbox 1490 2468 1583 2504; x_wconf 78' lang='lat' dir='ltr'><strong>eorum</strong></span> <span class='ocrx_word' id='word_1_421' title='bbox 1630 2453 1800 2513; x_wconf 80' lang='lat' dir='ltr'><strong>domnorum,</strong></span> 
     </span>
     <span class='ocr_line' id='line_1_53' title="bbox 99 2523 1802 2596; baseline -0.002 -19"><span class='ocrx_word' id='word_1_422' title='bbox 99 2532 215 2593; x_wconf 82' lang='lat' dir='ltr'><strong>gentum.</strong></span> <span class='ocrx_word' id='word_1_423' title='bbox 250 2524 360 2575; x_wconf 71' lang='lat' dir='ltr'><strong>castella</strong></span> <span class='ocrx_word' id='word_1_424' title='bbox 386 2523 476 2581; x_wconf 89' lang='lat' dir='ltr'><strong>tortia,</strong></span> <span class='ocrx_word' id='word_1_425' title='bbox 505 2524 632 2589; x_wconf 58' lang='lat' dir='ltr'><strong>eidone</strong></span> <span class='ocrx_word' id='word_1_426' title='bbox 666 2523 826 2581; x_wconf 74' lang='lat' dir='ltr'><strong>largissima.</strong></span> <span class='ocrx_word' id='word_1_427' title='bbox 855 2526 923 2577; x_wconf 91' lang='lat' dir='ltr'><strong>llum</strong></span> <span class='ocrx_word' id='word_1_428' title='bbox 978 2533 1073 2583; x_wconf 91' lang='lat' dir='ltr'><strong>domos</strong></span> <span class='ocrx_word' id='word_1_429' title='bbox 1098 2532 1184 2596; x_wconf 89' lang='lat' dir='ltr'><strong>ipsius</strong></span> <span class='ocrx_word' id='word_1_430' title='bbox 1212 2534 1293 2592; x_wconf 91' lang='lat' dir='ltr'><strong>atqua</strong></span> <span class='ocrx_word' id='word_1_431' title='bbox 1322 2527 1437 2583; x_wconf 87' lang='lat' dir='ltr'><strong>cellaria,</strong></span> <span class='ocrx_word' id='word_1_432' title='bbox 1477 2525 1677 2589; x_wconf 80' lang='lat' dir='ltr'><strong>claustrumque</strong></span> <span class='ocrx_word' id='word_1_433' title='bbox 1719 2524 1802 2586; x_wconf 89' lang='lat' dir='ltr'><strong>ipsius</strong></span> 
     </span>
     <span class='ocr_line' id='line_1_54' title="bbox 100 2593 1801 2668; baseline -0.002 -19"><span class='ocrx_word' id='word_1_434' title='bbox 100 2606 183 2649; x_wconf 85' lang='lat' dir='ltr'><strong>autem</strong></span> <span class='ocrx_word' id='word_1_435' title='bbox 200 2593 769 2662; x_wconf 80' lang='lat' dir='ltr'><strong>pressulGersasiusinNormaunisnpud</strong></span> <span class='ocrx_word' id='word_1_436' title='bbox 799 2599 922 2648; x_wconf 91' lang='lat' dir='ltr'><strong>comitem</strong></span> <span class='ocrx_word' id='word_1_437' title='bbox 978 2605 1103 2656; x_wconf 70' lang='lat' dir='ltr'><strong>Ecolooiae</strong></span> <span class='ocrx_word' id='word_1_438' title='bbox 1132 2618 1180 2668; x_wconf 75' lang='lat' dir='ltr'><strong>per</strong></span> <span class='ocrx_word' id='word_1_439' title='bbox 1208 2603 1358 2655; x_wconf 82' lang='lat' dir='ltr'><strong>circuitum,</strong></span> <span class='ocrx_word' id='word_1_440' title='bbox 1384 2605 1411 2649; x_wconf 93' lang='lat' dir='ltr'><strong>et</strong></span> <span class='ocrx_word' id='word_1_441' title='bbox 1438 2599 1583 2663; x_wconf 83' lang='lat' dir='ltr'><strong>quamdam</strong></span> <span class='ocrx_word' id='word_1_442' title='bbox 1609 2597 1801 2659; x_wconf 82' lang='lat' dir='ltr'><strong>villamquam</strong></span> 
     </span>
     <span class='ocr_line' id='line_1_55' title="bbox 99 2664 1802 2734; baseline -0.005 -7"><span class='ocrx_word' id='word_1_443' title='bbox 99 2673 256 2727; x_wconf 63' lang='lat' dir='ltr'><strong>moriretur·</strong></span> <span class='ocrx_word' id='word_1_444' title='bbox 286 2667 384 2719; x_wconf 68' lang='grc' dir='ltr'><strong>Ιῦῦὶὒίῑ</strong></span> <span class='ocrx_word' id='word_1_445' title='bbox 406 2672 436 2718; x_wconf 70' lang='grc' dir='ltr'><strong>ὓῑ</strong></span> <span class='ocrx_word' id='word_1_446' title='bbox 463 2664 545 2717; x_wconf 70' lang='lat' dir='ltr'><strong>Wido</strong></span> <span class='ocrx_word' id='word_1_447' title='bbox 574 2666 717 2716; x_wconf 60' lang='lat' dir='ltr'><strong>Remessssit</strong></span> <span class='ocrx_word' id='word_1_448' title='bbox 741 2667 866 2718; x_wconf 62' lang='lat' dir='ltr'><strong>Ecclessiffi</strong></span> <span class='ocrx_word' id='word_1_449' title='bbox 884 2683 924 2719; x_wconf 73' lang='lat' dir='ltr'><strong>tr·</strong></span> <span class='ocrx_word' id='word_1_450' title='bbox 977 2676 1102 2728; x_wconf 90' lang='lat' dir='ltr'><strong>Coloniae</strong></span> <span class='ocrx_word' id='word_1_451' title='bbox 1130 2675 1280 2734; x_wconf 87' lang='lat' dir='ltr'><strong>nominant,</strong></span> <span class='ocrx_word' id='word_1_452' title='bbox 1310 2675 1338 2721; x_wconf 88' lang='lat' dir='ltr'><strong>et</strong></span> <span class='ocrx_word' id='word_1_453' title='bbox 1365 2671 1443 2721; x_wconf 89' lang='lat' dir='ltr'><strong>aliem</strong></span> <span class='ocrx_word' id='word_1_454' title='bbox 1469 2669 1558 2719; x_wconf 87' lang='lat' dir='ltr'><strong>villam</strong></span> <span class='ocrx_word' id='word_1_455' title='bbox 1601 2672 1802 2726; x_wconf 86' lang='lat' dir='ltr'><strong>canonicorum,</strong></span> 
     </span>
     <span class='ocr_line' id='line_1_56' title="bbox 103 2739 1802 2815; baseline -0.004 -17"><span class='ocrx_word' id='word_1_456' title='bbox 103 2741 243 2804; x_wconf 63' lang='lat' dir='ltr'><strong>carpserat</strong></span> <span class='ocrx_word' id='word_1_457' title='bbox 274 2746 432 2791; x_wconf 81' lang='lat' dir='ltr'><strong>moreretur·</strong></span> <span class='ocrx_word' id='word_1_458' title='bbox 457 2739 554 2789; x_wconf 77' lang='lat' dir='ltr'><strong>sonito</strong></span> <span class='ocrx_word' id='word_1_459' title='bbox 578 2745 668 2789; x_wconf 77' lang='lat' dir='ltr'><strong>aurem</strong></span> <span class='ocrx_word' id='word_1_460' title='bbox 687 2752 703 2788; x_wconf 84' lang='lat' dir='ltr'><strong>a</strong></span> <span class='ocrx_word' id='word_1_461' title='bbox 720 2752 782 2804; x_wconf 77' lang='lat' dir='ltr'><strong>rego</strong></span> <span class='ocrx_word' id='word_1_462' title='bbox 800 2740 923 2803; x_wconf 76' lang='lat' dir='ltr'><strong>ilenrico,</strong></span> <span class='ocrx_word' id='word_1_463' title='bbox 977 2763 1038 2815; x_wconf 79' lang='lat' dir='ltr'><strong>qua</strong></span> <span class='ocrx_word' id='word_1_464' title='bbox 1060 2748 1182 2799; x_wconf 75' lang='lat' dir='ltr'><strong>Mentora</strong></span> <span class='ocrx_word' id='word_1_465' title='bbox 1210 2745 1317 2802; x_wconf 71' lang='lat' dir='ltr'><strong>eicitur,</strong></span> <span class='ocrx_word' id='word_1_466' title='bbox 1333 2745 1366 2795; x_wconf 82' lang='lat' dir='ltr'><strong>ab</strong></span> <span class='ocrx_word' id='word_1_467' title='bbox 1390 2742 1465 2794; x_wconf 81' lang='lat' dir='ltr'><strong>omni</strong></span> <span class='ocrx_word' id='word_1_468' title='bbox 1484 2743 1592 2806; x_wconf 79' lang='lat' dir='ltr'><strong>pontica</strong></span> <span class='ocrx_word' id='word_1_469' title='bbox 1606 2742 1802 2792; x_wconf 79' lang='lat' dir='ltr'><strong>consuetudine</strong></span> 
     </span>
     <span class='ocr_line' id='line_1_57' title="bbox 103 2811 1801 2885; baseline -0.004 -16"><span class='ocrx_word' id='word_1_470' title='bbox 103 2815 167 2881; x_wconf 73' lang='lat' dir='ltr'><strong>qnod</strong></span> <span class='ocrx_word' id='word_1_471' title='bbox 193 2819 317 2865; x_wconf 74' lang='lat' dir='ltr'><strong>mortuus</strong></span> <span class='ocrx_word' id='word_1_472' title='bbox 345 2817 416 2864; x_wconf 73' lang='lat' dir='ltr'><strong>emi</strong></span> <span class='ocrx_word' id='word_1_473' title='bbox 458 2812 549 2869; x_wconf 76' lang='lat' dir='ltr'><strong>wido.</strong></span> <span class='ocrx_word' id='word_1_474' title='bbox 574 2811 650 2863; x_wconf 73' lang='lat' dir='ltr'><strong>dedit</strong></span> <span class='ocrx_word' id='word_1_475' title='bbox 676 2811 923 2875; x_wconf 80' lang='lat' dir='ltr'><strong>archipraesulatum</strong></span> <span class='ocrx_word' id='word_1_476' title='bbox 978 2826 1058 2885; x_wconf 91' lang='lat' dir='ltr'><strong>atqua</strong></span> <span class='ocrx_word' id='word_1_477' title='bbox 1090 2821 1229 2871; x_wconf 87' lang='lat' dir='ltr'><strong>exactione</strong></span> <span class='ocrx_word' id='word_1_478' title='bbox 1258 2818 1356 2867; x_wconf 88' lang='lat' dir='ltr'><strong>liberas</strong></span> <span class='ocrx_word' id='word_1_479' title='bbox 1385 2821 1465 2880; x_wconf 88' lang='lat' dir='ltr'><strong>atque</strong></span> <span class='ocrx_word' id='word_1_480' title='bbox 1494 2815 1628 2864; x_wconf 85' lang='lat' dir='ltr'><strong>immunes</strong></span> <span class='ocrx_word' id='word_1_481' title='bbox 1663 2814 1734 2871; x_wconf 87' lang='lat' dir='ltr'><strong>iecit,</strong></span> <span class='ocrx_word' id='word_1_482' title='bbox 1775 2816 1801 2862; x_wconf 91' lang='lat' dir='ltr'><strong>ct</strong></span> 
     </span>
     <span class='ocr_line' id='line_1_58' title="bbox 105 2883 1801 2956; baseline -0.001 -22"><span class='ocrx_word' id='word_1_483' title='bbox 105 2885 203 2950; x_wconf 83' lang='lat' dir='ltr'><strong>pessuli</strong></span> <span class='ocrx_word' id='word_1_484' title='bbox 232 2885 366 2941; x_wconf 78' lang='lat' dir='ltr'><strong>Gerrasio,</strong></span> <span class='ocrx_word' id='word_1_485' title='bbox 394 2884 441 2949; x_wconf 92' lang='lat' dir='ltr'><strong>qui</strong></span> <span class='ocrx_word' id='word_1_486' title='bbox 458 2885 581 2949; x_wconf 88' lang='lat' dir='ltr'><strong>gaudens</strong></span> <span class='ocrx_word' id='word_1_487' title='bbox 607 2883 727 2946; x_wconf 87' lang='lat' dir='ltr'><strong>suscepit</strong></span> <span class='ocrx_word' id='word_1_488' title='bbox 753 2885 924 2952; x_wconf 81' lang='lat' dir='ltr'><strong>illampost·</strong></span> <span class='ocrx_word' id='word_1_489' title='bbox 978 2892 1141 2953; x_wconf 79' lang='lat' dir='ltr'><strong>diablagium</strong></span> <span class='ocrx_word' id='word_1_490' title='bbox 1162 2891 1234 2956; x_wconf 88' lang='lat' dir='ltr'><strong>quod</strong></span> <span class='ocrx_word' id='word_1_491' title='bbox 1262 2890 1324 2939; x_wconf 91' lang='lat' dir='ltr'><strong>inde</strong></span> <span class='ocrx_word' id='word_1_492' title='bbox 1353 2887 1545 2948; x_wconf 72' lang='lat' dir='ltr'><strong>accipiebatur,</strong></span> <span class='ocrx_word' id='word_1_493' title='bbox 1569 2890 1595 2935; x_wconf 88' lang='lat' dir='ltr'><strong>et</strong></span> <span class='ocrx_word' id='word_1_494' title='bbox 1619 2885 1724 2948; x_wconf 88' lang='lat' dir='ltr'><strong>reliqua</strong></span> <span class='ocrx_word' id='word_1_495' title='bbox 1747 2897 1801 2934; x_wconf 92' lang='lat' dir='ltr'><strong>om·</strong></span> 
     </span>
     <span class='ocr_line' id='line_1_59' title="bbox 106 2956 1800 3030; baseline 0.001 -25"><span class='ocrx_word' id='word_1_496' title='bbox 106 2971 175 3021; x_wconf 87' lang='lat' dir='ltr'><strong>quam</strong></span> <span class='ocrx_word' id='word_1_497' title='bbox 193 2957 291 3023; x_wconf 80' lang='lat' dir='ltr'><strong>viginti</strong></span> <span class='ocrx_word' id='word_1_498' title='bbox 306 2969 394 3007; x_wconf 88' lang='lat' dir='ltr'><strong>anuos</strong></span> <span class='ocrx_word' id='word_1_499' title='bbox 418 2956 710 3007; x_wconf 82' lang='lat' dir='ltr'><strong>cenomanicarnrsxit</strong></span> <span class='ocrx_word' id='word_1_500' title='bbox 737 2957 893 3012; x_wconf 88' lang='lat' dir='ltr'><strong>Ecclesiam.</strong></span> <span class='ocrx_word' id='word_1_501' title='bbox 910 2980 923 3007; x_wconf 77' lang='lat' dir='ltr'><strong>s</strong></span> <span class='ocrx_word' id='word_1_502' title='bbox 979 2966 1095 3030; x_wconf 81' lang='lat' dir='ltr'><strong>alequas</strong></span> <span class='ocrx_word' id='word_1_503' title='bbox 1113 2963 1146 3013; x_wconf 89' lang='lat' dir='ltr'><strong>ad</strong></span> <span class='ocrx_word' id='word_1_504' title='bbox 1168 2961 1338 3026; x_wconf 80' lang='lat' dir='ltr'><strong>hscumajus</strong></span> <span class='ocrx_word' id='word_1_505' title='bbox 1367 2960 1501 3022; x_wconf 88' lang='lat' dir='ltr'><strong>pertinere</strong></span> <span class='ocrx_word' id='word_1_506' title='bbox 1520 2957 1692 3017; x_wconf 86' lang='lat' dir='ltr'><strong>videbantur,</strong></span> <span class='ocrx_word' id='word_1_507' title='bbox 1706 2969 1800 3018; x_wconf 88' lang='lat' dir='ltr'><strong>proce·</strong></span> 
     </span>
     <span class='ocr_line' id='line_1_60' title="bbox 106 3026 1801 3108; baseline -0.001 -28"><span class='ocrx_word' id='word_1_508' title='bbox 106 3030 155 3089; x_wconf 76' lang='lat' dir='ltr'><strong>buo</strong></span> <span class='ocrx_word' id='word_1_509' title='bbox 195 3045 259 3081; x_wconf 76' lang='lat' dir='ltr'><strong>vcro</strong></span> <span class='ocrx_word' id='word_1_510' title='bbox 286 3043 358 3081; x_wconf 90' lang='lat' dir='ltr'><strong>anno</strong></span> <span class='ocrx_word' id='word_1_511' title='bbox 382 3042 415 3080; x_wconf 87' lang='lat' dir='ltr'><strong>ex</strong></span> <span class='ocrx_word' id='word_1_512' title='bbox 459 3028 656 3079; x_wconf 81' lang='lat' dir='ltr'><strong>cenomanensi</strong></span> <span class='ocrx_word' id='word_1_513' title='bbox 702 3031 728 3080; x_wconf 92' lang='lat' dir='ltr'><strong>in</strong></span> <span class='ocrx_word' id='word_1_514' title='bbox 763 3031 1036 3108; x_wconf 73' lang='lat' dir='ltr'><strong>Remensemcrum</strong></span> <span class='ocrx_word' id='word_1_515' title='bbox 1062 3047 1173 3085; x_wconf 92' lang='lat' dir='ltr'><strong>suorum</strong></span> <span class='ocrx_word' id='word_1_516' title='bbox 1200 3032 1312 3084; x_wconf 83' lang='lat' dir='ltr'><strong>consilio</strong></span> <span class='ocrx_word' id='word_1_517' title='bbox 1337 3038 1417 3095; x_wconf 88' lang='lat' dir='ltr'><strong>atque</strong></span> <span class='ocrx_word' id='word_1_518' title='bbox 1441 3030 1630 3092; x_wconf 85' lang='lat' dir='ltr'><strong>astipulatione</strong></span> <span class='ocrx_word' id='word_1_519' title='bbox 1646 3026 1756 3084; x_wconf 90' lang='lat' dir='ltr'><strong>remisit,</strong></span> <span class='ocrx_word' id='word_1_520' title='bbox 1773 3031 1801 3078; x_wconf 93' lang='lat' dir='ltr'><strong>et</strong></span> 
     </span>
     <span class='ocr_line' id='line_1_61' title="bbox 108 3099 1800 3167; baseline -0.001 -17"><span class='ocrx_word' id='word_1_521' title='bbox 108 3102 244 3153; x_wconf 82' lang='lat' dir='ltr'><strong>translatus</strong></span> <span class='ocrx_word' id='word_1_522' title='bbox 273 3101 364 3163; x_wconf 87' lang='lat' dir='ltr'><strong>luerit,</strong></span> <span class='ocrx_word' id='word_1_523' title='bbox 388 3099 523 3166; x_wconf 78' lang='lat' dir='ltr'><strong>colligitur</strong></span> <span class='ocrx_word' id='word_1_524' title='bbox 554 3115 585 3152; x_wconf 85' lang='lat' dir='ltr'><strong>ex</strong></span> <span class='ocrx_word' id='word_1_525' title='bbox 614 3102 680 3151; x_wconf 90' lang='lat' dir='ltr'><strong>actis</strong></span> <span class='ocrx_word' id='word_1_526' title='bbox 710 3105 922 3155; x_wconf 88' lang='lat' dir='ltr'><strong>consecrationis</strong></span> <span class='ocrx_word' id='word_1_527' title='bbox 976 3108 1060 3159; x_wconf 83' lang='lat' dir='ltr'><strong>Beato</strong></span> <span class='ocrx_word' id='word_1_528' title='bbox 1100 3105 1212 3156; x_wconf 83' lang='lat' dir='ltr'><strong>tuliano</strong></span> <span class='ocrx_word' id='word_1_529' title='bbox 1250 3103 1403 3167; x_wconf 81' lang='lat' dir='ltr'><strong>tuterisque</strong></span> <span class='ocrx_word' id='word_1_530' title='bbox 1442 3101 1577 3164; x_wconf 87' lang='lat' dir='ltr'><strong>episcopis</strong></span> <span class='ocrx_word' id='word_1_531' title='bbox 1607 3099 1800 3163; x_wconf 87' lang='lat' dir='ltr'><strong>perpetualiter</strong></span> 
     </span>
     <span class='ocr_line' id='line_1_62' title="bbox 108 3170 1799 3241; baseline -0.001 -20"><span class='ocrx_word' id='word_1_532' title='bbox 108 3171 213 3239; x_wconf 86' lang='lat' dir='ltr'><strong>Philippi</strong></span> <span class='ocrx_word' id='word_1_533' title='bbox 228 3173 249 3231; x_wconf 91' lang='lat'><strong>1,</strong></span> <span class='ocrx_word' id='word_1_534' title='bbox 279 3188 312 3224; x_wconf 83' lang='lat' dir='ltr'><strong>ex</strong></span> <span class='ocrx_word' id='word_1_535' title='bbox 342 3173 441 3239; x_wconf 91' lang='lat' dir='ltr'><strong>quihus</strong></span> <span class='ocrx_word' id='word_1_536' title='bbox 469 3176 575 3223; x_wconf 92' lang='lat' dir='ltr'><strong>constat</strong></span> <span class='ocrx_word' id='word_1_537' title='bbox 600 3172 751 3236; x_wconf 80' lang='lat' dir='ltr'><strong>Philippum</strong></span> <span class='ocrx_word' id='word_1_538' title='bbox 773 3177 921 3229; x_wconf 73' lang='lat' dir='ltr'><strong>annoltlbtl</strong></span> <span class='ocrx_word' id='word_1_539' title='bbox 977 3178 1086 3241; x_wconf 91' lang='lat' dir='ltr'><strong>reliquit</strong></span> <span class='ocrx_word' id='word_1_540' title='bbox 1104 3184 1184 3240; x_wconf 84' lang='lat' dir='ltr'><strong>etque</strong></span> <span class='ocrx_word' id='word_1_541' title='bbox 1208 3176 1350 3224; x_wconf 86' lang='lat' dir='ltr'><strong>concessit.</strong></span> <span class='ocrx_word' id='word_1_542' title='bbox 1371 3173 1404 3223; x_wconf 79' lang='lat' dir='ltr'><strong>lit</strong></span> <span class='ocrx_word' id='word_1_543' title='bbox 1434 3186 1468 3222; x_wconf 89' lang='lat' dir='ltr'><strong>ne</strong></span> <span class='ocrx_word' id='word_1_544' title='bbox 1496 3170 1595 3235; x_wconf 90' lang='lat' dir='ltr'><strong>aliquis</strong></span> <span class='ocrx_word' id='word_1_545' title='bbox 1614 3184 1799 3223; x_wconf 84' lang='lat' dir='ltr'><strong>successorum</strong></span> 
     </span>
     <span class='ocr_line' id='line_1_63' title="bbox 109 3244 1800 3311; baseline -0.002 -16"><span class='ocrx_word' id='word_1_546' title='bbox 109 3246 396 3311; x_wconf 84' lang='lat' dir='ltr'><strong>eunosoilicetquarto</strong></span> <span class='ocrx_word' id='word_1_547' title='bbox 425 3245 596 3308; x_wconf 86' lang='lat' dir='ltr'><strong>episcopatus</strong></span> <span class='ocrx_word' id='word_1_548' title='bbox 623 3244 754 3308; x_wconf 83' lang='lat' dir='ltr'><strong>Gervasii,</strong></span> <span class='ocrx_word' id='word_1_549' title='bbox 780 3248 808 3295; x_wconf 94' lang='lat' dir='ltr'><strong>in</strong></span> <span class='ocrx_word' id='word_1_550' title='bbox 832 3247 921 3298; x_wconf 92' lang='lat' dir='ltr'><strong>locum</strong></span> <span class='ocrx_word' id='word_1_551' title='bbox 976 3264 1088 3302; x_wconf 90' lang='lat' dir='ltr'><strong>suorum</strong></span> <span class='ocrx_word' id='word_1_552' title='bbox 1114 3249 1311 3298; x_wconf 84' lang='lat' dir='ltr'><strong>institutionem</strong></span> <span class='ocrx_word' id='word_1_553' title='bbox 1336 3246 1402 3310; x_wconf 87' lang='lat' dir='ltr'><strong>ejus,</strong></span> <span class='ocrx_word' id='word_1_554' title='bbox 1432 3246 1573 3310; x_wconf 85' lang='lat' dir='ltr'><strong>ipsamque</strong></span> <span class='ocrx_word' id='word_1_555' title='bbox 1602 3244 1800 3293; x_wconf 87' lang='lat' dir='ltr'><strong>immunitatem</strong></span> 
     </span>
     <span class='ocr_line' id='line_1_64' title="bbox 110 3316 1800 3384; baseline -0.002 -17"><span class='ocrx_word' id='word_1_556' title='bbox 110 3317 205 3368; x_wconf 80' lang='lat' dir='ltr'><strong>henrici</strong></span> <span class='ocrx_word' id='word_1_557' title='bbox 233 3322 317 3381; x_wconf 82' lang='lat' dir='ltr'><strong>patris</strong></span> <span class='ocrx_word' id='word_1_558' title='bbox 345 3318 543 3379; x_wconf 85' lang='lat' dir='ltr'><strong>inauguratum.</strong></span> <span class='ocrx_word' id='word_1_559' title='bbox 565 3316 708 3366; x_wconf 68' lang='lat' dir='ltr'><strong>subductis</strong></span> <span class='ocrx_word' id='word_1_560' title='bbox 730 3316 812 3381; x_wconf 87' lang='lat' dir='ltr'><strong>igitur</strong></span> <span class='ocrx_word' id='word_1_561' title='bbox 828 3332 852 3368; x_wconf 82' lang='lat' dir='ltr'><strong>iv</strong></span> <span class='ocrx_word' id='word_1_562' title='bbox 872 3333 920 3369; x_wconf 91' lang='lat' dir='ltr'><strong>sn·</strong></span> <span class='ocrx_word' id='word_1_563' title='bbox 976 3324 1010 3372; x_wconf 89' lang='lat' dir='ltr'><strong>de</strong></span> <span class='ocrx_word' id='word_1_564' title='bbox 1025 3321 1131 3384; x_wconf 85' lang='lat' dir='ltr'><strong>reliquo</strong></span> <span class='ocrx_word' id='word_1_565' title='bbox 1142 3320 1280 3370; x_wconf 89' lang='lat' dir='ltr'><strong>destruere</strong></span> <span class='ocrx_word' id='word_1_566' title='bbox 1291 3321 1339 3366; x_wconf 88' lang='lat' dir='ltr'><strong>eut</strong></span> <span class='ocrx_word' id='word_1_567' title='bbox 1365 3316 1514 3380; x_wconf 87' lang='lat' dir='ltr'><strong>depravere</strong></span> <span class='ocrx_word' id='word_1_568' title='bbox 1540 3319 1724 3378; x_wconf 79' lang='lat' dir='ltr'><strong>praesumeret,</strong></span> <span class='ocrx_word' id='word_1_569' title='bbox 1751 3328 1800 3378; x_wconf 90' lang='lat' dir='ltr'><strong>pro</strong></span> 
     </span>
     <span class='ocr_line' id='line_1_65' title="bbox 109 3383 1800 3453; baseline -0.002 -15"><span class='ocrx_word' id='word_1_570' title='bbox 109 3389 154 3446; x_wconf 86' lang='lat' dir='ltr'><strong>nis,</strong></span> <span class='ocrx_word' id='word_1_571' title='bbox 166 3389 301 3439; x_wconf 89' lang='lat' dir='ltr'><strong>translatio</strong></span> <span class='ocrx_word' id='word_1_572' title='bbox 318 3387 416 3438; x_wconf 91' lang='lat' dir='ltr'><strong>incidit</strong></span> <span class='ocrx_word' id='word_1_573' title='bbox 431 3390 458 3438; x_wconf 95' lang='lat' dir='ltr'><strong>in</strong></span> <span class='ocrx_word' id='word_1_574' title='bbox 473 3401 574 3437; x_wconf 81' lang='lat' dir='ltr'><strong>asinum</strong></span> <span class='ocrx_word' id='word_1_575' title='bbox 589 3389 659 3438; x_wconf 76' lang='lat' dir='ltr'><strong>libb.</strong></span> <span class='ocrx_word' id='word_1_576' title='bbox 676 3389 818 3439; x_wconf 83' lang='lat' dir='ltr'><strong>Gersusius</strong></span> <span class='ocrx_word' id='word_1_577' title='bbox 832 3396 921 3442; x_wconf 87' lang='lat' dir='ltr'><strong>autem</strong></span> <span class='ocrx_word' id='word_1_578' title='bbox 976 3390 1197 3445; x_wconf 83' lang='lat' dir='ltr'><strong>corroboratione</strong></span> <span class='ocrx_word' id='word_1_579' title='bbox 1219 3389 1339 3453; x_wconf 78' lang='lat' dir='ltr'><strong>sJusdem</strong></span> <span class='ocrx_word' id='word_1_580' title='bbox 1362 3387 1435 3444; x_wconf 88' lang='lat' dir='ltr'><strong>lacti,</strong></span> <span class='ocrx_word' id='word_1_581' title='bbox 1468 3390 1550 3434; x_wconf 90' lang='lat' dir='ltr'><strong>totam</strong></span> <span class='ocrx_word' id='word_1_582' title='bbox 1580 3383 1727 3434; x_wconf 78' lang='lat' dir='ltr'><strong>Ecclesiam</strong></span> <span class='ocrx_word' id='word_1_583' title='bbox 1754 3398 1800 3448; x_wconf 90' lang='lat' dir='ltr'><strong>per</strong></span> 
     </span>
     <span class='ocr_line' id='line_1_66' title="bbox 109 3457 1797 3533; baseline -0.002 -24"><span class='ocrx_word' id='word_1_584' title='bbox 109 3465 202 3520; x_wconf 79' lang='lat' dir='ltr'><strong>cronia</strong></span> <span class='ocrx_word' id='word_1_585' title='bbox 235 3459 450 3510; x_wconf 86' lang='lat' dir='ltr'><strong>consecrationis</strong></span> <span class='ocrx_word' id='word_1_586' title='bbox 490 3457 561 3521; x_wconf 81' lang='lat' dir='ltr'><strong>regis</strong></span> <span class='ocrx_word' id='word_1_587' title='bbox 596 3458 736 3521; x_wconf 82' lang='lat' dir='ltr'><strong>septennis</strong></span> <span class='ocrx_word' id='word_1_588' title='bbox 769 3463 920 3520; x_wconf 72' lang='lat' dir='ltr'><strong>occasione.</strong></span> <span class='ocrx_word' id='word_1_589' title='bbox 975 3480 1070 3533; x_wconf 82' lang='lat' dir='ltr'><strong>gyrum</strong></span> <span class='ocrx_word' id='word_1_590' title='bbox 1096 3463 1175 3513; x_wconf 91' lang='lat' dir='ltr'><strong>simul</strong></span> <span class='ocrx_word' id='word_1_591' title='bbox 1205 3475 1265 3511; x_wconf 91' lang='lat' dir='ltr'><strong>cum</strong></span> <span class='ocrx_word' id='word_1_592' title='bbox 1290 3459 1409 3510; x_wconf 90' lang='lat' dir='ltr'><strong>claustro</strong></span> <span class='ocrx_word' id='word_1_593' title='bbox 1438 3460 1465 3508; x_wconf 91' lang='lat' dir='ltr'><strong>at</strong></span> <span class='ocrx_word' id='word_1_594' title='bbox 1493 3458 1596 3507; x_wconf 67' lang='lat' dir='ltr'><strong>realibus</strong></span> <span class='ocrx_word' id='word_1_595' title='bbox 1616 3457 1797 3519; x_wconf 82' lang='lat' dir='ltr'><strong>pontificatus,</strong></span> 
     </span>
     <span class='ocr_line' id='line_1_67' title="bbox 107 3525 1796 3601; baseline -0.004 -20"><span class='ocrx_word' id='word_1_596' title='bbox 107 3531 303 3590; x_wconf 88' lang='lat' dir='ltr'><strong>intermortua,</strong></span> <span class='ocrx_word' id='word_1_597' title='bbox 334 3541 364 3581; x_wconf 82' lang='lat' dir='ltr'><strong>ut</strong></span> <span class='ocrx_word' id='word_1_598' title='bbox 388 3529 427 3580; x_wconf 93' lang='lat' dir='ltr'><strong>illi</strong></span> <span class='ocrx_word' id='word_1_599' title='bbox 455 3529 604 3593; x_wconf 85' lang='lat' dir='ltr'><strong>videbatur,</strong></span> <span class='ocrx_word' id='word_1_600' title='bbox 638 3530 761 3581; x_wconf 75' lang='lat' dir='ltr'><strong>Ecclesiae</strong></span> <span class='ocrx_word' id='word_1_601' title='bbox 782 3532 922 3583; x_wconf 80' lang='lat' dir='ltr'><strong>lisoiensis</strong></span> <span class='ocrx_word' id='word_1_602' title='bbox 976 3532 1322 3601; x_wconf 85' lang='lat' dir='ltr'><strong>publicsprocessione,et</strong></span> <span class='ocrx_word' id='word_1_603' title='bbox 1349 3545 1419 3595; x_wconf 89' lang='lat' dir='ltr'><strong>aqua</strong></span> <span class='ocrx_word' id='word_1_604' title='bbox 1441 3525 1796 3589; x_wconf 83' lang='lat' dir='ltr'><strong>benedicte,omnip0pulo</strong></span> 
     </span>
     <span class='ocr_line' id='line_1_68' title="bbox 106 3595 1795 3673; baseline -0.002 -22"><span class='ocrx_word' id='word_1_605' title='bbox 106 3600 169 3667; x_wconf 84' lang='lat' dir='ltr'><strong>jura,</strong></span> <span class='ocrx_word' id='word_1_606' title='bbox 192 3601 349 3667; x_wconf 78' lang='lat' dir='ltr'><strong>crepitirit3</strong></span> <span class='ocrx_word' id='word_1_607' title='bbox 378 3606 405 3651; x_wconf 87' lang='lat' dir='ltr'><strong>et</strong></span> <span class='ocrx_word' id='word_1_608' title='bbox 432 3600 550 3651; x_wconf 89' lang='lat' dir='ltr'><strong>obtinuit</strong></span> <span class='ocrx_word' id='word_1_609' title='bbox 567 3606 597 3650; x_wconf 92' lang='lat' dir='ltr'><strong>ut</strong></span> <span class='ocrx_word' id='word_1_610' title='bbox 621 3601 774 3656; x_wconf 82' lang='lat' dir='ltr'><strong>haberetur.</strong></span> <span class='ocrx_word' id='word_1_611' title='bbox 793 3617 825 3653; x_wconf 92' lang='lat' dir='ltr'><strong>eo</strong></span> <span class='ocrx_word' id='word_1_612' title='bbox 841 3605 920 3666; x_wconf 87' lang='lat' dir='ltr'><strong>plena</strong></span> <span class='ocrx_word' id='word_1_613' title='bbox 976 3612 1166 3673; x_wconf 76' lang='lat' dir='ltr'><strong>prosequente,</strong></span> <span class='ocrx_word' id='word_1_614' title='bbox 1195 3603 1365 3658; x_wconf 87' lang='lat' dir='ltr'><strong>circumdari,</strong></span> <span class='ocrx_word' id='word_1_615' title='bbox 1400 3601 1538 3664; x_wconf 75' lang='lat' dir='ltr'><strong>presterari</strong></span> <span class='ocrx_word' id='word_1_616' title='bbox 1580 3597 1651 3648; x_wconf 85' lang='lat' dir='ltr'><strong>lecit.</strong></span> <span class='ocrx_word' id='word_1_617' title='bbox 1692 3595 1795 3647; x_wconf 83' lang='lat' dir='ltr'><strong>Deinde</strong></span> 
     </span>
     <span class='ocr_line' id='line_1_69' title="bbox 108 3669 1797 3740; baseline -0.002 -16"><span class='ocrx_word' id='word_1_618' title='bbox 108 3676 180 3726; x_wconf 86' lang='lat' dir='ltr'><strong>modo</strong></span> <span class='ocrx_word' id='word_1_619' title='bbox 208 3690 261 3740; x_wconf 93' lang='lat' dir='ltr'><strong>quo</strong></span> <span class='ocrx_word' id='word_1_620' title='bbox 287 3676 451 3731; x_wconf 78' lang='lat' dir='ltr'><strong>decessores,</strong></span> <span class='ocrx_word' id='word_1_621' title='bbox 478 3687 601 3723; x_wconf 73' lang='lat' dir='ltr'><strong>sirmmus</strong></span> <span class='ocrx_word' id='word_1_622' title='bbox 638 3675 757 3725; x_wconf 74' lang='lat' dir='ltr'><strong>Francia</strong></span> <span class='ocrx_word' id='word_1_623' title='bbox 789 3676 921 3727; x_wconf 88' lang='lat' dir='ltr'><strong>cancella·</strong></span> <span class='ocrx_word' id='word_1_624' title='bbox 975 3679 1120 3729; x_wconf 82' lang='lat' dir='ltr'><strong>Ecclesiam</strong></span> <span class='ocrx_word' id='word_1_625' title='bbox 1142 3692 1202 3728; x_wconf 85' lang='lat' dir='ltr'><strong>cum</strong></span> <span class='ocrx_word' id='word_1_626' title='bbox 1233 3677 1326 3726; x_wconf 88' lang='lat' dir='ltr'><strong>eodem</strong></span> <span class='ocrx_word' id='word_1_627' title='bbox 1354 3675 1480 3736; x_wconf 86' lang='lat' dir='ltr'><strong>episcopo</strong></span> <span class='ocrx_word' id='word_1_628' title='bbox 1496 3671 1642 3733; x_wconf 86' lang='lat' dir='ltr'><strong>ingressus,</strong></span> <span class='ocrx_word' id='word_1_629' title='bbox 1658 3669 1797 3720; x_wconf 85' lang='lat' dir='ltr'><strong>remissio-</strong></span> 
     </span>
     <span class='ocr_line' id='line_1_70' title="bbox 108 3742 1799 3814; baseline -0.002 -19"><span class='ocrx_word' id='word_1_630' title='bbox 108 3747 167 3805; x_wconf 91' lang='lat' dir='ltr'><strong>rius,</strong></span> <span class='ocrx_word' id='word_1_631' title='bbox 193 3761 276 3811; x_wconf 89' lang='lat' dir='ltr'><strong>eaque</strong></span> <span class='ocrx_word' id='word_1_632' title='bbox 302 3745 421 3809; x_wconf 89' lang='lat' dir='ltr'><strong>dignitas</strong></span> <span class='ocrx_word' id='word_1_633' title='bbox 448 3745 689 3809; x_wconf 85' lang='lat' dir='ltr'><strong>archiepiscopatui</strong></span> <span class='ocrx_word' id='word_1_634' title='bbox 718 3748 921 3799; x_wconf 85' lang='lat' dir='ltr'><strong>attribueretur.</strong></span> <span class='ocrx_word' id='word_1_635' title='bbox 976 3765 1037 3802; x_wconf 91' lang='lat' dir='ltr'><strong>nem</strong></span> <span class='ocrx_word' id='word_1_636' title='bbox 1067 3755 1148 3814; x_wconf 86' lang='lat' dir='ltr'><strong>atqua</strong></span> <span class='ocrx_word' id='word_1_637' title='bbox 1177 3750 1372 3799; x_wconf 85' lang='lat' dir='ltr'><strong>immunitatem</strong></span> <span class='ocrx_word' id='word_1_638' title='bbox 1412 3759 1492 3811; x_wconf 86' lang='lat' dir='ltr'><strong>quam</strong></span> <span class='ocrx_word' id='word_1_639' title='bbox 1532 3744 1652 3794; x_wconf 82' lang='lat' dir='ltr'><strong>ecclesiae</strong></span> <span class='ocrx_word' id='word_1_640' title='bbox 1690 3742 1799 3805; x_wconf 88' lang='lat' dir='ltr'><strong>lecerat,</strong></span> 
     </span>
     <span class='ocr_line' id='line_1_71' title="bbox 108 3812 1800 3884; baseline -0.004 -16"><span class='ocrx_word' id='word_1_641' title='bbox 108 3820 166 3869; x_wconf 78' lang='lat' dir='ltr'><strong>leta</strong></span> <span class='ocrx_word' id='word_1_642' title='bbox 194 3818 452 3868; x_wconf 79' lang='lat' dir='ltr'><strong>consecrationisto</strong></span> <span class='ocrx_word' id='word_1_643' title='bbox 484 3817 647 3881; x_wconf 76' lang='lat' dir='ltr'><strong>subscripsit</strong></span> <span class='ocrx_word' id='word_1_644' title='bbox 670 3817 749 3867; x_wconf 89' lang='lat' dir='ltr'><strong>etiam</strong></span> <span class='ocrx_word' id='word_1_645' title='bbox 792 3820 921 3884; x_wconf 87' lang='lat' dir='ltr'><strong>archiepi-</strong></span> <span class='ocrx_word' id='word_1_646' title='bbox 976 3824 1047 3872; x_wconf 88' lang='lat' dir='ltr'><strong>clero</strong></span> <span class='ocrx_word' id='word_1_647' title='bbox 1077 3820 1151 3870; x_wconf 84' lang='lat' dir='ltr'><strong>Beati</strong></span> <span class='ocrx_word' id='word_1_648' title='bbox 1178 3819 1291 3880; x_wconf 75' lang='lat' dir='ltr'><strong>tuliani,</strong></span> <span class='ocrx_word' id='word_1_649' title='bbox 1321 3820 1444 3881; x_wconf 89' lang='lat' dir='ltr'><strong>ultraque</strong></span> <span class='ocrx_word' id='word_1_650' title='bbox 1473 3812 1563 3865; x_wconf 85' lang='lat' dir='ltr'><strong>Sancti</strong></span> <span class='ocrx_word' id='word_1_651' title='bbox 1591 3813 1726 3864; x_wconf 81' lang='lat' dir='ltr'><strong>l’stritam</strong></span> <span class='ocrx_word' id='word_1_652' title='bbox 1746 3812 1800 3862; x_wconf 90' lang='lat' dir='ltr'><strong>cle·</strong></span> 
     </span>
     <span class='ocr_line' id='line_1_72' title="bbox 106 3882 1800 3957; baseline -0.005 -17"><span class='ocrx_word' id='word_1_653' title='bbox 106 3889 291 3953; x_wconf 74' lang='lat' dir='ltr'><strong>scripnallam</strong></span> <span class='ocrx_word' id='word_1_654' title='bbox 315 3888 351 3941; x_wconf 90' lang='lat' dir='ltr'><strong>ibi</strong></span> <span class='ocrx_word' id='word_1_655' title='bbox 381 3889 523 3940; x_wconf 90' lang='lat' dir='ltr'><strong>coustituit</strong></span> <span class='ocrx_word' id='word_1_656' title='bbox 545 3902 605 3938; x_wconf 85' lang='lat' dir='ltr'><strong>auur</strong></span> <span class='ocrx_word' id='word_1_657' title='bbox 631 3903 767 3939; x_wconf 86' lang='lat' dir='ltr'><strong>summum</strong></span> <span class='ocrx_word' id='word_1_658' title='bbox 792 3893 922 3942; x_wconf 86' lang='lat' dir='ltr'><strong>cancella·</strong></span> <span class='ocrx_word' id='word_1_659' title='bbox 976 3895 1092 3945; x_wconf 84' lang='lat' dir='ltr'><strong>cicorum</strong></span> <span class='ocrx_word' id='word_1_660' title='bbox 1124 3906 1203 3957; x_wconf 89' lang='lat' dir='ltr'><strong>quam</strong></span> <span class='ocrx_word' id='word_1_661' title='bbox 1244 3889 1437 3941; x_wconf 84' lang='lat' dir='ltr'><strong>monachorum</strong></span> <span class='ocrx_word' id='word_1_662' title='bbox 1466 3887 1682 3952; x_wconf 82' lang='lat' dir='ltr'><strong>congregatione,</strong></span> <span class='ocrx_word' id='word_1_663' title='bbox 1711 3882 1800 3934; x_wconf 88' lang='lat' dir='ltr'><strong>omui·</strong></span> 
     </span>
     <span class='ocr_line' id='line_1_73' title="bbox 105 3958 1802 4031; baseline -0.002 -21"><span class='ocrx_word' id='word_1_664' title='bbox 105 3961 264 4022; x_wconf 86' lang='lat' dir='ltr'><strong>rium,eicut</strong></span> <span class='ocrx_word' id='word_1_665' title='bbox 287 3968 471 4011; x_wconf 85' lang='lat' dir='ltr'><strong>antecessores</strong></span> <span class='ocrx_word' id='word_1_666' title='bbox 493 3961 534 4010; x_wconf 95' lang='lat' dir='ltr'><strong>sui</strong></span> <span class='ocrx_word' id='word_1_667' title='bbox 565 3963 827 4012; x_wconf 85' lang='lat' dir='ltr'><strong>autecessoressuos</strong></span> <span class='ocrx_word' id='word_1_668' title='bbox 851 3963 920 4014; x_wconf 88' lang='lat' dir='ltr'><strong>leca-</strong></span> <span class='ocrx_word' id='word_1_669' title='bbox 976 3980 1028 4031; x_wconf 90' lang='lat' dir='ltr'><strong>qus</strong></span> <span class='ocrx_word' id='word_1_670' title='bbox 1048 3967 1148 4030; x_wconf 91' lang='lat' dir='ltr'><strong>populo</strong></span> <span class='ocrx_word' id='word_1_671' title='bbox 1168 3964 1302 4020; x_wconf 86' lang='lat' dir='ltr'><strong>audiente,</strong></span> <span class='ocrx_word' id='word_1_672' title='bbox 1337 3968 1417 4025; x_wconf 90' lang='lat' dir='ltr'><strong>atque</strong></span> <span class='ocrx_word' id='word_1_673' title='bbox 1449 3960 1542 4010; x_wconf 83' lang='lat' dir='ltr'><strong>eodem</strong></span> <span class='ocrx_word' id='word_1_674' title='bbox 1574 3960 1699 4023; x_wconf 83' lang='lat' dir='ltr'><strong>episcopo</strong></span> <span class='ocrx_word' id='word_1_675' title='bbox 1732 3958 1802 4007; x_wconf 87' lang='lat' dir='ltr'><strong>reci·</strong></span> 
     </span>
     <span class='ocr_line' id='line_1_74' title="bbox 105 4028 1801 4100; baseline -0.003 -18"><span class='ocrx_word' id='word_1_676' title='bbox 105 4039 168 4082; x_wconf 83' lang='lat' dir='ltr'><strong>rant</strong></span> <span class='ocrx_word' id='word_1_677' title='bbox 192 4032 225 4084; x_wconf 86' lang='lat' dir='ltr'><strong>lit</strong></span> <span class='ocrx_word' id='word_1_678' title='bbox 249 4033 286 4083; x_wconf 88' lang='lat' dir='ltr'><strong>ita</strong></span> <span class='ocrx_word' id='word_1_679' title='bbox 307 4030 478 4082; x_wconf 83' lang='lat' dir='ltr'><strong>consecravit</strong></span> <span class='ocrx_word' id='word_1_680' title='bbox 502 4044 564 4081; x_wconf 88' lang='lat' dir='ltr'><strong>aum</strong></span> <span class='ocrx_word' id='word_1_681' title='bbox 591 4030 620 4081; x_wconf 92' lang='lat' dir='ltr'><strong>iu</strong></span> <span class='ocrx_word' id='word_1_682' title='bbox 644 4033 922 4089; x_wconf 60' lang='lat' dir='ltr'><strong>ceremonensem</strong></span> <span class='ocrx_word' id='word_1_683' title='bbox 977 4042 1062 4096; x_wconf 89' lang='lat' dir='ltr'><strong>tauto,</strong></span> <span class='ocrx_word' id='word_1_684' title='bbox 1092 4036 1255 4100; x_wconf 89' lang='lat' dir='ltr'><strong>promulgari</strong></span> <span class='ocrx_word' id='word_1_685' title='bbox 1285 4034 1423 4098; x_wconf 70' lang='lat' dir='ltr'><strong>precepit,</strong></span> <span class='ocrx_word' id='word_1_686' title='bbox 1447 4032 1517 4081; x_wconf 86' lang='lat' dir='ltr'><strong>sicut</strong></span> <span class='ocrx_word' id='word_1_687' title='bbox 1544 4032 1571 4080; x_wconf 93' lang='lat' dir='ltr'><strong>in</strong></span> <span class='ocrx_word' id='word_1_688' title='bbox 1596 4028 1717 4094; x_wconf 72' lang='lat' dir='ltr'><strong>ejusdem</strong></span> <span class='ocrx_word' id='word_1_689' title='bbox 1747 4029 1801 4091; x_wconf 88' lang='lat' dir='ltr'><strong>epi·</strong></span> 
     </span>
     <span class='ocr_line' id='line_1_75' title="bbox 104 4102 1612 4173; baseline -0.003 -20"><span class='ocrx_word' id='word_1_690' title='bbox 104 4105 202 4155; x_wconf 86' lang='lat' dir='ltr'><strong>rationc</strong></span> <span class='ocrx_word' id='word_1_691' title='bbox 232 4109 382 4168; x_wconf 89' lang='lat' dir='ltr'><strong>temporum</strong></span> <span class='ocrx_word' id='word_1_692' title='bbox 412 4117 420 4156; x_wconf 76' lang='lat' dir='ltr'><strong>t</strong></span> <span class='ocrx_word' id='word_1_693' title='bbox 454 4119 469 4150; x_wconf 84' lang='lat' dir='ltr'><strong>a</strong></span> <span class='ocrx_word' id='word_1_694' title='bbox 490 4102 536 4153; x_wconf 86' lang='lat' dir='ltr'><strong>llis</strong></span> <span class='ocrx_word' id='word_1_695' title='bbox 575 4106 601 4152; x_wconf 90' lang='lat' dir='ltr'><strong>et</strong></span> <span class='ocrx_word' id='word_1_696' title='bbox 635 4103 738 4154; x_wconf 80' lang='lat' dir='ltr'><strong>certaris</strong></span> <span class='ocrx_word' id='word_1_697' title='bbox 764 4106 922 4166; x_wconf 88' lang='lat' dir='ltr'><strong>astantibus,</strong></span> <span class='ocrx_word' id='word_1_698' title='bbox 978 4110 1051 4173; x_wconf 90' lang='lat' dir='ltr'><strong>scopi</strong></span> <span class='ocrx_word' id='word_1_699' title='bbox 1067 4108 1291 4170; x_wconf 86' lang='lat' dir='ltr'><strong>descriptionibus</strong></span> <span class='ocrx_word' id='word_1_700' title='bbox 1315 4105 1429 4157; x_wconf 88' lang='lat' dir='ltr'><strong>hahetur</strong></span> <span class='ocrx_word' id='word_1_701' title='bbox 1443 4103 1612 4154; x_wconf 74' lang='lat' dir='ltr'><strong>insertum.»</strong></span> 
     </span>
    </p>
   </div>
   <div class='ocr_carea' id='block_1_11' title="bbox 104 4166 1900 4241">
    <p class='ocr_par' dir='ltr' id='par_1_12' title="bbox 104 4166 1900 4241">
     <span class='ocr_line' id='line_1_76' title="bbox 104 4166 1900 4241; baseline -0.003 -15"><span class='ocrx_word' id='word_1_702' title='bbox 104 4175 240 4228; x_wconf 77' lang='lat' dir='ltr'><strong>(ieremias</strong></span> <span class='ocrx_word' id='word_1_703' title='bbox 266 4176 378 4226; x_wconf 79' lang='lat' dir='ltr'><strong>verbum</strong></span> <span class='ocrx_word' id='word_1_704' title='bbox 411 4175 505 4224; x_wconf 91' lang='lat' dir='ltr'><strong>habuit</strong></span> <span class='ocrx_word' id='word_1_705' title='bbox 535 4188 624 4225; x_wconf 88' lang='lat' dir='ltr'><strong>coram</strong></span> <span class='ocrx_word' id='word_1_706' title='bbox 655 4189 726 4238; x_wconf 83' lang='lat' dir='ltr'><strong>rege,</strong></span> <span class='ocrx_word' id='word_1_707' title='bbox 765 4178 828 4241; x_wconf 87' lang='lat' dir='ltr'><strong>quia</strong></span> <span class='ocrx_word' id='word_1_708' title='bbox 865 4193 923 4230; x_wconf 84' lang='lat' dir='ltr'><strong>esse</strong></span> <span class='ocrx_word' id='word_1_709' title='bbox 1009 4174 1800 4241; x_wconf 67' lang='lat' dir='ltr'><strong>Colid,lin.ittl.-ouiconorrioirronerentlirautsa·</strong></span> <span class='ocrx_word' id='word_1_710' title='bbox 1896 4166 1900 4171; x_wconf 82' lang='grc'><strong><em>’</em></strong></span> 
     </span>
    </p>
   </div>
   <div class='ocr_carea' id='block_1_12' title="bbox 93 4244 1802 5820">
    <p class='ocr_par' dir='ltr' id='par_1_13' title="bbox 93 4244 1802 5529">
     <span class='ocr_line' id='line_1_77' title="bbox 104 4244 1799 4310; baseline -0.008 -7"><span class='ocrx_word' id='word_1_711' title='bbox 104 4247 216 4303; x_wconf 72' lang='lat' dir='ltr'><strong>deberet.</strong></span> <span class='ocrx_word' id='word_1_712' title='bbox 250 4246 320 4295; x_wconf 66' lang='lat' dir='ltr'>⁸¹0¹st</span> <span class='ocrx_word' id='word_1_713' title='bbox 351 4244 394 4295; x_wconf 67' lang='lat'><strong>⁸1¹1</strong></span> <span class='ocrx_word' id='word_1_714' title='bbox 424 4248 607 4295; x_wconf 65' lang='lat' dir='ltr'><strong>wlwtswt&#39;et</strong></span> <span class='ocrx_word' id='word_1_715' title='bbox 641 4244 756 4304; x_wconf 65' lang='lat' dir='ltr'><strong>fuerunt.</strong></span> <span class='ocrx_word' id='word_1_716' title='bbox 802 4261 924 4299; x_wconf 80' lang='lat' dir='ltr'><strong>summus</strong></span> <span class='ocrx_word' id='word_1_717' title='bbox 978 4253 1099 4303; x_wconf 88' lang='lat' dir='ltr'><strong>cerdotes</strong></span> <span class='ocrx_word' id='word_1_718' title='bbox 1125 4248 1285 4300; x_wconf 85' lang='lat' dir='ltr'><strong>incoelesiis</strong></span> <span class='ocrx_word' id='word_1_719' title='bbox 1309 4248 1519 4310; x_wconf 86' lang='lat' dir='ltr'><strong>cathedralibus,</strong></span> <span class='ocrx_word' id='word_1_720' title='bbox 1544 4244 1799 4310; x_wconf 86' lang='lat' dir='ltr'><strong>quioanonicisvi-</strong></span> 
     </span>
     <span class='ocr_line' id='line_1_78' title="bbox 102 4313 1800 4387; baseline -0.003 -19"><span class='ocrx_word' id='word_1_721' title='bbox 102 4322 168 4382; x_wconf 86' lang='lat' dir='ltr'><strong>ragis</strong></span> <span class='ocrx_word' id='word_1_722' title='bbox 197 4317 382 4368; x_wconf 84' lang='lat' dir='ltr'><strong>cancellarius.</strong></span> <span class='ocrx_word' id='word_1_723' title='bbox 422 4317 499 4378; x_wconf 84' lang='lat' dir='ltr'><strong>Quod</strong></span> <span class='ocrx_word' id='word_1_724' title='bbox 534 4318 628 4367; x_wconf 87' lang='lat' dir='ltr'><strong>sodcnr</strong></span> <span class='ocrx_word' id='word_1_725' title='bbox 670 4331 732 4377; x_wconf 87' lang='lat' dir='ltr'><strong>rege</strong></span> <span class='ocrx_word' id='word_1_726' title='bbox 770 4320 923 4382; x_wconf 84' lang='lat' dir='ltr'><strong>gratissime</strong></span> <span class='ocrx_word' id='word_1_727' title='bbox 979 4326 1076 4374; x_wconf 88' lang='lat' dir='ltr'><strong>cariam</strong></span> <span class='ocrx_word' id='word_1_728' title='bbox 1108 4336 1216 4387; x_wconf 88' lang='lat' dir='ltr'><strong>operam</strong></span> <span class='ocrx_word' id='word_1_729' title='bbox 1245 4320 1446 4383; x_wconf 88' lang='lat' dir='ltr'><strong>impendebant.</strong></span> <span class='ocrx_word' id='word_1_730' title='bbox 1474 4319 1503 4368; x_wconf 94' lang='lat' dir='ltr'><strong>ln</strong></span> <span class='ocrx_word' id='word_1_731' title='bbox 1533 4317 1649 4366; x_wconf 85' lang='lat' dir='ltr'><strong>Ecclesia</strong></span> <span class='ocrx_word' id='word_1_732' title='bbox 1677 4313 1800 4364; x_wconf 87' lang='lat' dir='ltr'><strong>l&#39;reoenai</strong></span> 
     </span>
     <span class='ocr_line' id='line_1_79' title="bbox 101 4386 1800 4455; baseline -0.003 -16"><span class='ocrx_word' id='word_1_733' title='bbox 101 4395 294 4445; x_wconf 66' lang='lat' dir='ltr'><strong>annuentem</strong></span> <span class='ocrx_word' id='word_1_734' title='bbox 322 4386 427 4439; x_wconf 82' lang='lat' dir='ltr'><strong>caeteris</strong></span> <span class='ocrx_word' id='word_1_735' title='bbox 452 4387 670 4446; x_wconf 79' lang='lat' dir='ltr'><strong>conniventibus,</strong></span> <span class='ocrx_word' id='word_1_736' title='bbox 684 4389 829 4454; x_wconf 72' lang='lat' dir='ltr'><strong>praedictus</strong></span> <span class='ocrx_word' id='word_1_737' title='bbox 853 4405 922 4455; x_wconf 88' lang='lat' dir='ltr'><strong>pou·</strong></span> <span class='ocrx_word' id='word_1_738' title='bbox 980 4395 1146 4445; x_wconf 80' lang='lat' dir='ltr'><strong>vocabantur</strong></span> <span class='ocrx_word' id='word_1_739' title='bbox 1171 4390 1289 4442; x_wconf 80' lang='lat' dir='ltr'><strong>coaonrct</strong></span> <span class='ocrx_word' id='word_1_740' title='bbox 1319 4389 1472 4454; x_wconf 77' lang='lat' dir='ltr'><strong>presbyteri,</strong></span> <span class='ocrx_word' id='word_1_741' title='bbox 1502 4392 1619 4451; x_wconf 86' lang='lat' dir='ltr'><strong>utpntet</strong></span> <span class='ocrx_word' id='word_1_742' title='bbox 1642 4401 1674 4436; x_wconf 86' lang='lat' dir='ltr'><strong>ex</strong></span> <span class='ocrx_word' id='word_1_743' title='bbox 1704 4386 1800 4435; x_wconf 90' lang='lat' dir='ltr'><strong>litteris</strong></span> 
     </span>
     <span class='ocr_line' id='line_1_80' title="bbox 101 4458 1800 4528; baseline -0.006 -11"><span class='ocrx_word' id='word_1_744' title='bbox 101 4459 163 4510; x_wconf 70' lang='lat' dir='ltr'><strong>tifex</strong></span> <span class='ocrx_word' id='word_1_745' title='bbox 195 4459 246 4510; x_wconf 71' lang='lat' dir='ltr'><strong>tibi</strong></span> <span class='ocrx_word' id='word_1_746' title='bbox 276 4464 304 4511; x_wconf 62' lang='grc' dir='ltr'><strong>οἱ</strong></span> <span class='ocrx_word' id='word_1_747' title='bbox 333 4458 459 4509; x_wconf 53' lang='lat' dir='ltr'><strong>&amp;claim</strong></span> <span class='ocrx_word' id='word_1_748' title='bbox 490 4472 546 4508; x_wconf 64' lang='lat'><strong>⁸¹¹&amp;</strong></span> <span class='ocrx_word' id='word_1_749' title='bbox 577 4459 704 4509; x_wconf 67' lang='lat' dir='ltr'><strong>obtinuit·</strong></span> <span class='ocrx_word' id='word_1_750' title='bbox 736 4460 922 4524; x_wconf 81' lang='lat' dir='ltr'><strong>Scilicetquia</strong></span> <span class='ocrx_word' id='word_1_751' title='bbox 979 4466 1112 4518; x_wconf 81' lang='lat' dir='ltr'><strong>Merrassis</strong></span> <span class='ocrx_word' id='word_1_752' title='bbox 1127 4463 1246 4528; x_wconf 79' lang='lat' dir='ltr'><strong>episcopi</strong></span> <span class='ocrx_word' id='word_1_753' title='bbox 1260 4461 1413 4516; x_wconf 84' lang='lat' dir='ltr'><strong>Trecensis.</strong></span> <span class='ocrx_word' id='word_1_754' title='bbox 1428 4475 1489 4526; x_wconf 85' lang='lat' dir='ltr'><strong>quse</strong></span> <span class='ocrx_word' id='word_1_755' title='bbox 1502 4465 1607 4510; x_wconf 83' lang='lat' dir='ltr'><strong>exstant</strong></span> <span class='ocrx_word' id='word_1_756' title='bbox 1626 4461 1653 4508; x_wconf 95' lang='lat' dir='ltr'><strong>in</strong></span> <span class='ocrx_word' id='word_1_757' title='bbox 1683 4462 1800 4522; x_wconf 88' lang='lat' dir='ltr'><strong>prompt.</strong></span> 
     </span>
     <span class='ocr_line' id='line_1_81' title="bbox 100 4527 1801 4602; baseline 0.001 -24"><span class='ocrx_word' id='word_1_758' title='bbox 100 4545 191 4582; x_wconf 83' lang='lat' dir='ltr'><strong>serum</strong></span> <span class='ocrx_word' id='word_1_759' title='bbox 222 4532 258 4582; x_wconf 90' lang='lat' dir='ltr'><strong>sit</strong></span> <span class='ocrx_word' id='word_1_760' title='bbox 279 4530 353 4596; x_wconf 89' lang='lat' dir='ltr'><strong>quod</strong></span> <span class='ocrx_word' id='word_1_761' title='bbox 384 4531 418 4580; x_wconf 90' lang='lat' dir='ltr'><strong>ab</strong></span> <span class='ocrx_word' id='word_1_762' title='bbox 449 4527 562 4594; x_wconf 89' lang='lat' dir='ltr'><strong>antiquo</strong></span> <span class='ocrx_word' id='word_1_763' title='bbox 595 4529 634 4580; x_wconf 89' lang='lat' dir='ltr'><strong>its</strong></span> <span class='ocrx_word' id='word_1_764' title='bbox 665 4530 754 4591; x_wconf 89' lang='lat' dir='ltr'><strong>luerit,</strong></span> <span class='ocrx_word' id='word_1_765' title='bbox 787 4533 922 4597; x_wconf 90' lang='lat' dir='ltr'><strong>legiturin</strong></span> <span class='ocrx_word' id='word_1_766' title='bbox 978 4536 1062 4602; x_wconf 86' lang='lat' dir='ltr'><strong>antiq.</strong></span> <span class='ocrx_word' id='word_1_767' title='bbox 1084 4535 1352 4591; x_wconf 80' lang='lat' dir='ltr'><strong>Trieursinarum,et</strong></span> <span class='ocrx_word' id='word_1_768' title='bbox 1376 4532 1499 4582; x_wconf 76' lang='lat' dir='ltr'><strong>cunorrici</strong></span> <span class='ocrx_word' id='word_1_769' title='bbox 1518 4531 1663 4580; x_wconf 67' lang='lat' dir='ltr'><strong>reseratores</strong></span> <span class='ocrx_word' id='word_1_770' title='bbox 1690 4529 1718 4578; x_wconf 88' lang='lat' dir='ltr'><strong>in</strong></span> <span class='ocrx_word' id='word_1_771' title='bbox 1742 4530 1801 4579; x_wconf 89' lang='lat' dir='ltr'><strong>aliis</strong></span> 
     </span>
     <span class='ocr_line' id='line_1_82' title="bbox 100 4602 1802 4673; baseline -0.002 -19"><span class='ocrx_word' id='word_1_772' title='bbox 100 4602 280 4667; x_wconf 67' lang='lat' dir='ltr'><strong>preceptione</strong></span> <span class='ocrx_word' id='word_1_773' title='bbox 310 4602 447 4667; x_wconf 73' lang='lat' dir='ltr'><strong>praecepti,</strong></span> <span class='ocrx_word' id='word_1_774' title='bbox 474 4603 547 4667; x_wconf 90' lang='lat' dir='ltr'><strong>quod</strong></span> <span class='ocrx_word' id='word_1_775' title='bbox 574 4602 747 4653; x_wconf 86' lang='lat' dir='ltr'><strong>Carolusrea</strong></span> <span class='ocrx_word' id='word_1_776' title='bbox 779 4603 811 4652; x_wconf 93' lang='lat' dir='ltr'><strong>de</strong></span> <span class='ocrx_word' id='word_1_777' title='bbox 842 4604 923 4656; x_wconf 84' lang='lat' dir='ltr'><strong>rebus</strong></span> <span class='ocrx_word' id='word_1_778' title='bbox 978 4607 1098 4673; x_wconf 74' lang='lat' dir='ltr'><strong>ejusdem</strong></span> <span class='ocrx_word' id='word_1_779' title='bbox 1123 4608 1259 4657; x_wconf 75' lang='lat' dir='ltr'><strong>Marrassis.</strong></span> <span class='ocrx_word' id='word_1_780' title='bbox 1284 4604 1401 4664; x_wconf 88' lang='lat' dir='ltr'><strong>Quorum</strong></span> <span class='ocrx_word' id='word_1_781' title='bbox 1426 4603 1653 4666; x_wconf 81' lang='lat' dir='ltr'><strong>semipraebeudus</strong></span> <span class='ocrx_word' id='word_1_782' title='bbox 1674 4604 1802 4651; x_wconf 83' lang='lat' dir='ltr'><strong>vacantes</strong></span> 
     </span>
     <span class='ocr_line' id='line_1_83' title="bbox 99 4671 1799 4738; baseline -0.001 -14"><span class='ocrx_word' id='word_1_783' title='bbox 99 4674 203 4726; x_wconf 69' lang='lat' dir='ltr'><strong>Sancto</strong></span> <span class='ocrx_word' id='word_1_784' title='bbox 244 4673 402 4738; x_wconf 81' lang='lat' dir='ltr'><strong>walburgis</strong></span> <span class='ocrx_word' id='word_1_785' title='bbox 444 4673 546 4724; x_wconf 85' lang='lat' dir='ltr'><strong>lecerat</strong></span> <span class='ocrx_word' id='word_1_786' title='bbox 574 4673 626 4722; x_wconf 92' lang='lat' dir='ltr'><strong>hoc</strong></span> <span class='ocrx_word' id='word_1_787' title='bbox 660 4674 762 4726; x_wconf 90' lang='lat' dir='ltr'><strong>modo:</strong></span> <span class='ocrx_word' id='word_1_788' title='bbox 789 4673 924 4726; x_wconf 80' lang='lat' dir='ltr'><strong>Goeleuus</strong></span> <span class='ocrx_word' id='word_1_789' title='bbox 978 4677 1116 4727; x_wconf 88' lang='lat' dir='ltr'><strong>canonicis</strong></span> <span class='ocrx_word' id='word_1_790' title='bbox 1146 4689 1296 4727; x_wconf 87' lang='lat' dir='ltr'><strong>accrescere</strong></span> <span class='ocrx_word' id='word_1_791' title='bbox 1330 4674 1466 4724; x_wconf 80' lang='lat' dir='ltr'><strong>Monaeses</strong></span> <span class='ocrx_word' id='word_1_792' title='bbox 1505 4673 1627 4723; x_wconf 84' lang='lat' dir='ltr'><strong>similiter</strong></span> <span class='ocrx_word' id='word_1_793' title='bbox 1668 4671 1799 4723; x_wconf 63' lang='lat' dir='ltr'><strong>instituit:</strong></span> 
     </span>
     <span class='ocr_line' id='line_1_84' title="bbox 99 4743 1798 4812; baseline -0.005 -14"><span class='ocrx_word' id='word_1_794' title='bbox 99 4748 274 4799; x_wconf 77' lang='lat' dir='ltr'><strong>uuaelhrius</strong></span> <span class='ocrx_word' id='word_1_795' title='bbox 301 4745 408 4812; x_wconf 86' lang='lat' dir='ltr'><strong>scripsit</strong></span> <span class='ocrx_word' id='word_1_796' title='bbox 434 4753 461 4797; x_wconf 87' lang='lat' dir='ltr'><strong>et</strong></span> <span class='ocrx_word' id='word_1_797' title='bbox 491 4745 697 4809; x_wconf 81' lang='lat' dir='ltr'><strong>sulrscripsitad</strong></span> <span class='ocrx_word' id='word_1_798' title='bbox 714 4746 799 4796; x_wconf 83' lang='lat' dir='ltr'><strong>vicem</strong></span> <span class='ocrx_word' id='word_1_799' title='bbox 817 4747 923 4799; x_wconf 83' lang='lat' dir='ltr'><strong>llerivel</strong></span> <span class='ocrx_word' id='word_1_800' title='bbox 979 4747 1098 4797; x_wconf 75' lang='lat' dir='ltr'><strong>«Nullus</strong></span> <span class='ocrx_word' id='word_1_801' title='bbox 1124 4746 1157 4795; x_wconf 90' lang='lat' dir='ltr'><strong>de</strong></span> <span class='ocrx_word' id='word_1_802' title='bbox 1180 4745 1270 4808; x_wconf 89' lang='lat' dir='ltr'><strong>aliqua</strong></span> <span class='ocrx_word' id='word_1_803' title='bbox 1294 4744 1501 4807; x_wconf 77' lang='lat' dir='ltr'><strong>prebendarum</strong></span> <span class='ocrx_word' id='word_1_804' title='bbox 1523 4743 1627 4794; x_wconf 86' lang='lat' dir='ltr'><strong>illurum</strong></span> <span class='ocrx_word' id='word_1_805' title='bbox 1643 4743 1798 4807; x_wconf 90' lang='lat' dir='ltr'><strong>poteritin-</strong></span> 
     </span>
     <span class='ocr_line' id='line_1_85' title="bbox 100 4814 1799 4884; baseline -0.005 -14"><span class='ocrx_word' id='word_1_806' title='bbox 100 4819 302 4884; x_wconf 85' lang='lat' dir='ltr'><strong>arcbiepiscopi,</strong></span> <span class='ocrx_word' id='word_1_807' title='bbox 325 4816 479 4882; x_wconf 86' lang='lat' dir='ltr'><strong>summique</strong></span> <span class='ocrx_word' id='word_1_808' title='bbox 508 4816 673 4868; x_wconf 89' lang='lat' dir='ltr'><strong>cancellarii.</strong></span> <span class='ocrx_word' id='word_1_809' title='bbox 698 4819 841 4868; x_wconf 86' lang='lat' dir='ltr'><strong>Gcrvssius</strong></span> <span class='ocrx_word' id='word_1_810' title='bbox 860 4833 923 4869; x_wconf 86' lang='lat' dir='ltr'><strong>vero</strong></span> <span class='ocrx_word' id='word_1_811' title='bbox 976 4819 1081 4880; x_wconf 82' lang='lat' dir='ltr'><strong>vestiri,</strong></span> <span class='ocrx_word' id='word_1_812' title='bbox 1106 4831 1248 4882; x_wconf 78' lang='lat' dir='ltr'><strong>quousque</strong></span> <span class='ocrx_word' id='word_1_813' title='bbox 1277 4817 1310 4867; x_wconf 89' lang='lat' dir='ltr'><strong>ad</strong></span> <span class='ocrx_word' id='word_1_814' title='bbox 1341 4816 1519 4866; x_wconf 90' lang='lat' dir='ltr'><strong>sacerdotium</strong></span> <span class='ocrx_word' id='word_1_815' title='bbox 1549 4814 1799 4880; x_wconf 76' lang='lat' dir='ltr'><strong>promotusluerit3</strong></span> 
     </span>
     <span class='ocr_line' id='line_1_86' title="bbox 98 4885 1799 4953; baseline -0.005 -12"><span class='ocrx_word' id='word_1_816' title='bbox 98 4897 208 4941; x_wconf 75' lang='lat' dir='ltr'><strong>octarm</strong></span> <span class='ocrx_word' id='word_1_817' title='bbox 235 4888 288 4938; x_wconf 83' lang='lat' dir='ltr'><strong>luit</strong></span> <span class='ocrx_word' id='word_1_818' title='bbox 320 4888 538 4953; x_wconf 88' lang='lat' dir='ltr'><strong>archiepiscopus</strong></span> <span class='ocrx_word' id='word_1_819' title='bbox 571 4893 632 4952; x_wconf 88' lang='lat' dir='ltr'><strong>post</strong></span> <span class='ocrx_word' id='word_1_820' title='bbox 664 4889 846 4939; x_wconf 69' lang='lat' dir='ltr'><strong>heriveum.»</strong></span> <span class='ocrx_word' id='word_1_821' title='bbox 871 4889 922 4940; x_wconf 84' lang='lat' dir='ltr'><strong>Ar·</strong></span> <span class='ocrx_word' id='word_1_822' title='bbox 978 4903 1038 4940; x_wconf 90' lang='lat' dir='ltr'><strong>cum</strong></span> <span class='ocrx_word' id='word_1_823' title='bbox 1071 4889 1264 4953; x_wconf 87' lang='lat' dir='ltr'><strong>vernaliquam</strong></span> <span class='ocrx_word' id='word_1_824' title='bbox 1285 4900 1377 4939; x_wconf 86' lang='lat' dir='ltr'><strong>earum</strong></span> <span class='ocrx_word' id='word_1_825' title='bbox 1401 4902 1496 4938; x_wconf 84' lang='lat' dir='ltr'><strong>vacare</strong></span> <span class='ocrx_word' id='word_1_826' title='bbox 1521 4886 1674 4950; x_wconf 88' lang='lat' dir='ltr'><strong>contigerit.</strong></span> <span class='ocrx_word' id='word_1_827' title='bbox 1703 4885 1799 4949; x_wconf 89' lang='lat' dir='ltr'><strong>reliqui</strong></span> 
     </span>
     <span class='ocr_line' id='line_1_87' title="bbox 96 4957 1800 5028; baseline -0.003 -16"><span class='ocrx_word' id='word_1_828' title='bbox 96 4965 256 5028; x_wconf 77' lang='lat' dir='ltr'><strong>gementum</strong></span> <span class='ocrx_word' id='word_1_829' title='bbox 281 4974 345 5011; x_wconf 88' lang='lat' dir='ltr'><strong>sans</strong></span> <span class='ocrx_word' id='word_1_830' title='bbox 372 4957 501 5024; x_wconf 82' lang='lat' dir='ltr'><strong>frigidum</strong></span> <span class='ocrx_word' id='word_1_831' title='bbox 530 4964 557 5010; x_wconf 90' lang='lat' dir='ltr'><strong>ct</strong></span> <span class='ocrx_word' id='word_1_832' title='bbox 582 4972 693 5010; x_wconf 84' lang='lat' dir='ltr'><strong>vanum.</strong></span> <span class='ocrx_word' id='word_1_833' title='bbox 714 4960 766 5011; x_wconf 86' lang='lat' dir='ltr'><strong>Sed</strong></span> <span class='ocrx_word' id='word_1_834' title='bbox 785 4961 842 5011; x_wconf 76' lang='lat' dir='ltr'><strong>irasc</strong></span> <span class='ocrx_word' id='word_1_835' title='bbox 868 4973 923 5011; x_wconf 93' lang='lat' dir='ltr'><strong>non</strong></span> <span class='ocrx_word' id='word_1_836' title='bbox 978 4960 1100 5012; x_wconf 89' lang='lat' dir='ltr'><strong>canonici</strong></span> <span class='ocrx_word' id='word_1_837' title='bbox 1117 4963 1164 5027; x_wconf 92' lang='lat' dir='ltr'><strong>qui</strong></span> <span class='ocrx_word' id='word_1_838' title='bbox 1182 4965 1352 5025; x_wconf 74' lang='lat' dir='ltr'><strong>reposcerent,</strong></span> <span class='ocrx_word' id='word_1_839' title='bbox 1376 4960 1498 5009; x_wconf 77' lang='lat' dir='ltr'><strong>vacantis</strong></span> <span class='ocrx_word' id='word_1_840' title='bbox 1520 4960 1623 5009; x_wconf 87' lang='lat' dir='ltr'><strong>tructus</strong></span> <span class='ocrx_word' id='word_1_841' title='bbox 1639 4958 1800 5020; x_wconf 71' lang='lat' dir='ltr'><strong>praebendas,</strong></span> 
     </span>
     <span class='ocr_line' id='line_1_88' title="bbox 97 5029 1799 5100; baseline -0.008 -16"><span class='ocrx_word' id='word_1_842' title='bbox 97 5039 160 5084; x_wconf 84' lang='lat' dir='ltr'><strong>aunt</strong></span> <span class='ocrx_word' id='word_1_843' title='bbox 182 5033 265 5099; x_wconf 84' lang='lat' dir='ltr'><strong>hujus</strong></span> <span class='ocrx_word' id='word_1_844' title='bbox 288 5033 350 5082; x_wconf 93' lang='lat' dir='ltr'><strong>loci.</strong></span> <span class='ocrx_word' id='word_1_845' title='bbox 376 5031 488 5082; x_wconf 78' lang='lat' dir='ltr'><strong>Exstant</strong></span> <span class='ocrx_word' id='word_1_846' title='bbox 522 5033 552 5081; x_wconf 80' lang='lat'><strong>22</strong></span> <span class='ocrx_word' id='word_1_847' title='bbox 584 5029 704 5095; x_wconf 79' lang='lat' dir='ltr'><strong>epistolas</strong></span> <span class='ocrx_word' id='word_1_848' title='bbox 735 5033 863 5096; x_wconf 85' lang='lat' dir='ltr'><strong>Stephani</strong></span> <span class='ocrx_word' id='word_1_849' title='bbox 889 5032 923 5100; x_wconf 78' lang='lat' dir='ltr'><strong>X,</strong></span> <span class='ocrx_word' id='word_1_850' title='bbox 978 5046 1120 5097; x_wconf 87' lang='lat' dir='ltr'><strong>quousque</strong></span> <span class='ocrx_word' id='word_1_851' title='bbox 1150 5030 1297 5081; x_wconf 88' lang='lat' dir='ltr'><strong>canonicus</strong></span> <span class='ocrx_word' id='word_1_852' title='bbox 1324 5029 1485 5079; x_wconf 89' lang='lat' dir='ltr'><strong>substitutus</strong></span> <span class='ocrx_word' id='word_1_853' title='bbox 1515 5030 1559 5090; x_wconf 91' lang='lat' dir='ltr'><strong>sit,</strong></span> <span class='ocrx_word' id='word_1_854' title='bbox 1586 5029 1744 5093; x_wconf 85' lang='lat' dir='ltr'><strong>percipiant.</strong></span> <span class='ocrx_word' id='word_1_855' title='bbox 1787 5046 1799 5071; x_wconf 78' lang='lat' dir='ltr'><strong>o</strong></span> 
     </span>
     <span class='ocr_line' id='line_1_89' title="bbox 96 5101 1800 5170; baseline -0.002 -15"><span class='ocrx_word' id='word_1_856' title='bbox 96 5105 200 5156; x_wconf 79' lang='lat' dir='ltr'><strong>Nicolai</strong></span> <span class='ocrx_word' id='word_1_857' title='bbox 216 5105 239 5156; x_wconf 92' lang='lat' dir='ltr'><strong>ll</strong></span> <span class='ocrx_word' id='word_1_858' title='bbox 254 5109 280 5155; x_wconf 89' lang='lat' dir='ltr'><strong>et</strong></span> <span class='ocrx_word' id='word_1_859' title='bbox 292 5103 438 5155; x_wconf 73' lang='lat' dir='ltr'><strong>Alexandri</strong></span> <span class='ocrx_word' id='word_1_860' title='bbox 451 5102 542 5153; x_wconf 89' lang='lat' dir='ltr'><strong>itidem</strong></span> <span class='ocrx_word' id='word_1_861' title='bbox 559 5101 591 5159; x_wconf 89' lang='lat' dir='ltr'><strong>ll,</strong></span> <span class='ocrx_word' id='word_1_862' title='bbox 622 5103 655 5152; x_wconf 90' lang='lat' dir='ltr'><strong>ad</strong></span> <span class='ocrx_word' id='word_1_863' title='bbox 686 5101 844 5154; x_wconf 83' lang='lat' dir='ltr'><strong>Gervesium</strong></span> <span class='ocrx_word' id='word_1_864' title='bbox 867 5104 923 5170; x_wconf 75' lang='lat' dir='ltr'><strong>leem</strong></span> <span class='ocrx_word' id='word_1_865' title='bbox 978 5105 1094 5156; x_wconf 78' lang='lat' dir='ltr'><strong>licentra</strong></span> <span class='ocrx_word' id='word_1_866' title='bbox 1123 5107 1217 5155; x_wconf 88' lang='lat' dir='ltr'><strong>statuit</strong></span> <span class='ocrx_word' id='word_1_867' title='bbox 1246 5104 1424 5162; x_wconf 86' lang='lat' dir='ltr'><strong>Hildebertus,</strong></span> <span class='ocrx_word' id='word_1_868' title='bbox 1460 5107 1489 5152; x_wconf 94' lang='lat' dir='ltr'><strong>ut</strong></span> <span class='ocrx_word' id='word_1_869' title='bbox 1517 5103 1650 5167; x_wconf 86' lang='lat' dir='ltr'><strong>majorum</strong></span> <span class='ocrx_word' id='word_1_870' title='bbox 1676 5104 1800 5164; x_wconf 76' lang='lat' dir='ltr'><strong>praeben·</strong></span> 
     </span>
     <span class='ocr_line' id='line_1_90' title="bbox 95 5175 1801 5243; baseline -0.003 -14"><span class='ocrx_word' id='word_1_871' title='bbox 95 5179 261 5230; x_wconf 80' lang='lat' dir='ltr'><strong>Rementem</strong></span> <span class='ocrx_word' id='word_1_872' title='bbox 278 5178 512 5243; x_wconf 89' lang='lat' dir='ltr'><strong>archiepiscopum</strong></span> <span class='ocrx_word' id='word_1_873' title='bbox 528 5179 644 5240; x_wconf 81' lang='lat' dir='ltr'><strong>scriptas,</strong></span> <span class='ocrx_word' id='word_1_874' title='bbox 666 5176 774 5229; x_wconf 76' lang='lat' dir='ltr'><strong>inserta</strong></span> <span class='ocrx_word' id='word_1_875' title='bbox 794 5184 866 5230; x_wconf 90' lang='lat' dir='ltr'><strong>tomo</strong></span> <span class='ocrx_word' id='word_1_876' title='bbox 888 5179 923 5230; x_wconf 90' lang='lat' dir='ltr'><strong>lv</strong></span> <span class='ocrx_word' id='word_1_877' title='bbox 979 5179 1074 5230; x_wconf 89' lang='lat' dir='ltr'><strong>durum</strong></span> <span class='ocrx_word' id='word_1_878' title='bbox 1097 5179 1247 5228; x_wconf 83' lang='lat' dir='ltr'><strong>vacantium</strong></span> <span class='ocrx_word' id='word_1_879' title='bbox 1276 5176 1381 5225; x_wconf 84' lang='lat' dir='ltr'><strong>tructus</strong></span> <span class='ocrx_word' id='word_1_880' title='bbox 1402 5175 1584 5226; x_wconf 79' lang='lat' dir='ltr'><strong>emolumento</strong></span> <span class='ocrx_word' id='word_1_881' title='bbox 1609 5179 1699 5225; x_wconf 89' lang='lat' dir='ltr'><strong>esseut</strong></span> <span class='ocrx_word' id='word_1_882' title='bbox 1713 5188 1801 5224; x_wconf 85' lang='lat' dir='ltr'><strong>sacer·</strong></span> 
     </span>
     <span class='ocr_line' id='line_1_91' title="bbox 96 5245 1801 5315; baseline -0.004 -13"><span class='ocrx_word' id='word_1_883' title='bbox 96 5252 223 5302; x_wconf 78' lang='lat' dir='ltr'><strong>Historia</strong></span> <span class='ocrx_word' id='word_1_884' title='bbox 247 5249 394 5306; x_wconf 77' lang='lat' dir='ltr'><strong>Francicus,</strong></span> <span class='ocrx_word' id='word_1_885' title='bbox 423 5262 456 5300; x_wconf 84' lang='lat' dir='ltr'><strong>ex</strong></span> <span class='ocrx_word' id='word_1_886' title='bbox 481 5249 589 5313; x_wconf 90' lang='lat' dir='ltr'><strong>quibus,</strong></span> <span class='ocrx_word' id='word_1_887' title='bbox 615 5261 742 5312; x_wconf 85' lang='lat' dir='ltr'><strong>tanquam</strong></span> <span class='ocrx_word' id='word_1_888' title='bbox 767 5264 799 5299; x_wconf 82' lang='lat' dir='ltr'><strong>ex</strong></span> <span class='ocrx_word' id='word_1_889' title='bbox 822 5251 923 5315; x_wconf 92' lang='lat' dir='ltr'><strong>plsuio·</strong></span> <span class='ocrx_word' id='word_1_890' title='bbox 979 5245 1605 5310; x_wconf 83' lang='lat' dir='ltr'><strong>dotibusquoavicariosetssmipraebendatos</strong></span> <span class='ocrx_word' id='word_1_891' title='bbox 1626 5259 1684 5296; x_wconf 89' lang='lat' dir='ltr'><strong>esse</strong></span> <span class='ocrx_word' id='word_1_892' title='bbox 1711 5245 1801 5295; x_wconf 88' lang='lat' dir='ltr'><strong>nullus</strong></span> 
     </span>
     <span class='ocr_line' id='line_1_92' title="bbox 94 5317 1801 5388; baseline -0.004 -14"><span class='ocrx_word' id='word_1_893' title='bbox 94 5325 170 5375; x_wconf 90' lang='lat' dir='ltr'><strong>ribus</strong></span> <span class='ocrx_word' id='word_1_894' title='bbox 208 5321 416 5381; x_wconf 85' lang='lat' dir='ltr'><strong>commentariis,</strong></span> <span class='ocrx_word' id='word_1_895' title='bbox 442 5324 519 5383; x_wconf 83' lang='lat' dir='ltr'><strong>gesta</strong></span> <span class='ocrx_word' id='word_1_896' title='bbox 547 5322 665 5371; x_wconf 84' lang='lat' dir='ltr'><strong>Gervasii</strong></span> <span class='ocrx_word' id='word_1_897' title='bbox 689 5323 717 5371; x_wconf 92' lang='lat' dir='ltr'><strong>in</strong></span> <span class='ocrx_word' id='word_1_898' title='bbox 742 5321 924 5388; x_wconf 84' lang='lat' dir='ltr'><strong>archiepisco·</strong></span> <span class='ocrx_word' id='word_1_899' title='bbox 978 5321 1082 5372; x_wconf 90' lang='lat' dir='ltr'><strong>dubito.</strong></span> <span class='ocrx_word' id='word_1_900' title='bbox 1109 5321 1221 5371; x_wconf 77' lang='lat' dir='ltr'><strong>llnnstae</strong></span> <span class='ocrx_word' id='word_1_901' title='bbox 1246 5319 1308 5384; x_wconf 90' lang='lat' dir='ltr'><strong>jure</strong></span> <span class='ocrx_word' id='word_1_902' title='bbox 1341 5317 1502 5368; x_wconf 83' lang='lat' dir='ltr'><strong>vacantibus</strong></span> <span class='ocrx_word' id='word_1_903' title='bbox 1536 5323 1616 5368; x_wconf 88' lang='lat' dir='ltr'><strong>autea</strong></span> <span class='ocrx_word' id='word_1_904' title='bbox 1639 5317 1801 5368; x_wconf 79' lang='lat' dir='ltr'><strong>fruebantur</strong></span> 
     </span>
     <span class='ocr_line' id='line_1_93' title="bbox 95 5391 1801 5460; baseline -0.003 -15"><span class='ocrx_word' id='word_1_905' title='bbox 95 5401 159 5460; x_wconf 81' lang='lat' dir='ltr'><strong>patu</strong></span> <span class='ocrx_word' id='word_1_906' title='bbox 175 5408 320 5459; x_wconf 81' lang='lat' dir='ltr'><strong>excerpere</strong></span> <span class='ocrx_word' id='word_1_907' title='bbox 335 5392 409 5449; x_wconf 87' lang='lat' dir='ltr'><strong>licat.</strong></span> <span class='ocrx_word' id='word_1_908' title='bbox 427 5394 449 5443; x_wconf 94' lang='lat' dir='ltr'><strong>si</strong></span> <span class='ocrx_word' id='word_1_909' title='bbox 461 5393 536 5443; x_wconf 89' lang='lat' dir='ltr'><strong>libet.</strong></span> <span class='ocrx_word' id='word_1_910' title='bbox 552 5395 610 5444; x_wconf 85' lang='lat' dir='ltr'><strong>Hac</strong></span> <span class='ocrx_word' id='word_1_911' title='bbox 639 5394 696 5443; x_wconf 82' lang='lat' dir='ltr'><strong>vita</strong></span> <span class='ocrx_word' id='word_1_912' title='bbox 723 5393 865 5445; x_wconf 79' lang='lat' dir='ltr'><strong>defunctus</strong></span> <span class='ocrx_word' id='word_1_913' title='bbox 894 5410 924 5444; x_wconf 81' lang='lat' dir='ltr'><strong>rr</strong></span> <span class='ocrx_word' id='word_1_914' title='bbox 977 5395 1195 5445; x_wconf 81' lang='lat' dir='ltr'><strong>cenomanenses</strong></span> <span class='ocrx_word' id='word_1_915' title='bbox 1215 5392 1344 5458; x_wconf 89' lang='lat' dir='ltr'><strong>episcopi,</strong></span> <span class='ocrx_word' id='word_1_916' title='bbox 1370 5396 1400 5441; x_wconf 94' lang='lat' dir='ltr'><strong>ut</strong></span> <span class='ocrx_word' id='word_1_917' title='bbox 1425 5391 1468 5441; x_wconf 86' lang='lat' dir='ltr'><strong>vel</strong></span> <span class='ocrx_word' id='word_1_918' title='bbox 1498 5405 1533 5441; x_wconf 82' lang='lat' dir='ltr'><strong>ex</strong></span> <span class='ocrx_word' id='word_1_919' title='bbox 1562 5391 1614 5442; x_wconf 92' lang='lat' dir='ltr'><strong>hoc</strong></span> <span class='ocrx_word' id='word_1_920' title='bbox 1645 5391 1704 5442; x_wconf 91' lang='lat' dir='ltr'><strong>loco</strong></span> <span class='ocrx_word' id='word_1_921' title='bbox 1735 5392 1801 5440; x_wconf 91' lang='lat' dir='ltr'><strong>satis</strong></span> 
     </span>
     <span class='ocr_line' id='line_1_94' title="bbox 93 5464 1072 5529; baseline -0.004 -9"><span class='ocrx_word' id='word_1_922' title='bbox 93 5469 185 5520; x_wconf 73' lang='lat' dir='ltr'><strong>Nonas</strong></span> <span class='ocrx_word' id='word_1_923' title='bbox 198 5466 272 5526; x_wconf 83' lang='lat' dir='ltr'><strong>toul,</strong></span> <span class='ocrx_word' id='word_1_924' title='bbox 289 5471 318 5518; x_wconf 89' lang='lat' dir='ltr'><strong>nt</strong></span> <span class='ocrx_word' id='word_1_925' title='bbox 330 5466 447 5516; x_wconf 86' lang='lat' dir='ltr'><strong>babetur</strong></span> <span class='ocrx_word' id='word_1_926' title='bbox 460 5465 487 5514; x_wconf 94' lang='lat' dir='ltr'><strong>in</strong></span> <span class='ocrx_word' id='word_1_927' title='bbox 501 5464 704 5529; x_wconf 81' lang='lat' dir='ltr'><strong>Martyrologio.</strong></span> <span class='ocrx_word' id='word_1_928' title='bbox 979 5464 1072 5516; x_wconf 88' lang='lat' dir='ltr'><strong>claret.</strong></span> 
     </span>
    </p>

    <p class='ocr_par' dir='ltr' id='par_1_14' title="bbox 93 5534 1800 5820">
     <span class='ocr_line' id='line_1_95' title="bbox 123 5534 1800 5601; baseline -0.007 -11"><span class='ocrx_word' id='word_1_929' title='bbox 123 5539 180 5590; x_wconf 87' lang='lat' dir='ltr'><strong>eol.</strong></span> <span class='ocrx_word' id='word_1_930' title='bbox 214 5538 256 5597; x_wconf 72' lang='lat'><strong>⁹³,</strong></span> <span class='ocrx_word' id='word_1_931' title='bbox 287 5536 336 5589; x_wconf 87' lang='lat' dir='ltr'><strong>lin.</strong></span> <span class='ocrx_word' id='word_1_932' title='bbox 368 5536 409 5587; x_wconf 75' lang='lat' dir='ltr'><strong>et.</strong></span> <span class='ocrx_word' id='word_1_933' title='bbox 442 5563 473 5574; x_wconf 92' lang='lat'><em>-</em></span> <span class='ocrx_word' id='word_1_934' title='bbox 511 5537 599 5586; x_wconf 83' lang='lat' dir='ltr'><strong>Comes</strong></span> <span class='ocrx_word' id='word_1_935' title='bbox 631 5536 722 5586; x_wconf 80' lang='lat' dir='ltr'><strong>Helius</strong></span> <span class='ocrx_word' id='word_1_936' title='bbox 768 5536 923 5601; x_wconf 77' lang='lat' dir='ltr'><strong>sepulcrum.</strong></span> <span class='ocrx_word' id='word_1_937' title='bbox 1009 5536 1064 5587; x_wconf 86' lang='lat' dir='ltr'><strong>eol.</strong></span> <span class='ocrx_word' id='word_1_938' title='bbox 1078 5539 1117 5595; x_wconf 81' lang='grc'><strong>98,</strong></span> <span class='ocrx_word' id='word_1_939' title='bbox 1133 5536 1179 5587; x_wconf 92' lang='lat' dir='ltr'><strong>lin.</strong></span> <span class='ocrx_word' id='word_1_940' title='bbox 1202 5537 1241 5587; x_wconf 86' lang='lat' dir='ltr'><strong>tl.</strong></span> <span class='ocrx_word' id='word_1_941' title='bbox 1267 5561 1296 5575; x_wconf 97' lang='lat'>-</span> <span class='ocrx_word' id='word_1_942' title='bbox 1320 5535 1367 5583; x_wconf 85' lang='lat' dir='ltr'><strong>Per</strong></span> <span class='ocrx_word' id='word_1_943' title='bbox 1386 5536 1465 5598; x_wconf 81' lang='lat' dir='ltr'><strong>leupo</strong></span> <span class='ocrx_word' id='word_1_944' title='bbox 1491 5536 1605 5598; x_wconf 85' lang='lat' dir='ltr'><strong>temporo</strong></span> <span class='ocrx_word' id='word_1_945' title='bbox 1627 5534 1800 5597; x_wconf 82' lang='lat' dir='ltr'><strong>protractum.</strong></span> 
     </span>
     <span class='ocr_line' id='line_1_96' title="bbox 93 5606 1800 5678; baseline -0.008 -14"><span class='ocrx_word' id='word_1_946' title='bbox 93 5608 318 5678; x_wconf 67' lang='lat' dir='ltr'><strong>lartyrologium</strong></span> <span class='ocrx_word' id='word_1_947' title='bbox 329 5609 533 5661; x_wconf 78' lang='lat' dir='ltr'><strong>cenomanense</strong></span> <span class='ocrx_word' id='word_1_948' title='bbox 557 5609 695 5673; x_wconf 91' lang='lat' dir='ltr'><strong>paululum</strong></span> <span class='ocrx_word' id='word_1_949' title='bbox 722 5611 856 5662; x_wconf 83' lang='lat' dir='ltr'><strong>diversum</strong></span> <span class='ocrx_word' id='word_1_950' title='bbox 889 5612 923 5663; x_wconf 90' lang='lat' dir='ltr'><strong>ab</strong></span> <span class='ocrx_word' id='word_1_951' title='bbox 978 5608 1246 5670; x_wconf 86' lang='lat' dir='ltr'><strong>Quartusanimluit</strong></span> <span class='ocrx_word' id='word_1_952' title='bbox 1269 5623 1284 5658; x_wconf 89' lang='lat' dir='ltr'><strong>a</strong></span> <span class='ocrx_word' id='word_1_953' title='bbox 1306 5607 1457 5666; x_wconf 80' lang='lat' dir='ltr'><strong>Wulgrino,</strong></span> <span class='ocrx_word' id='word_1_954' title='bbox 1482 5607 1527 5672; x_wconf 88' lang='lat' dir='ltr'><strong>qui</strong></span> <span class='ocrx_word' id='word_1_955' title='bbox 1552 5606 1729 5656; x_wconf 80' lang='lat' dir='ltr'><strong>fundamenta</strong></span> <span class='ocrx_word' id='word_1_956' title='bbox 1747 5617 1800 5652; x_wconf 84' lang='lat' dir='ltr'><strong>nra·</strong></span> 
     </span>
     <span class='ocr_line' id='line_1_97' title="bbox 93 5670 1797 5751; baseline -0.011 -14"><span class='ocrx_word' id='word_1_957' title='bbox 93 5699 135 5745; x_wconf 84' lang='lat' dir='ltr'><strong>so,</strong></span> <span class='ocrx_word' id='word_1_958' title='bbox 149 5684 231 5751; x_wconf 87' lang='lat' dir='ltr'><strong>cujus</strong></span> <span class='ocrx_word' id='word_1_959' title='bbox 252 5684 338 5734; x_wconf 78' lang='lat' dir='ltr'><strong>verba</strong></span> <span class='ocrx_word' id='word_1_960' title='bbox 361 5681 463 5747; x_wconf 89' lang='lat' dir='ltr'><strong>protuli</strong></span> <span class='ocrx_word' id='word_1_961' title='bbox 474 5679 599 5746; x_wconf 88' lang='lat' dir='ltr'><strong>superius</strong></span> <span class='ocrx_word' id='word_1_962' title='bbox 614 5694 622 5732; x_wconf 78' lang='lat' dir='ltr'><strong>r</strong></span> <span class='ocrx_word' id='word_1_963' title='bbox 638 5699 652 5729; x_wconf 80' lang='lat' dir='ltr'><strong>e</strong></span> <span class='ocrx_word' id='word_1_964' title='bbox 672 5695 689 5731; x_wconf 80' lang='lat' dir='ltr'><strong>r</strong></span> <span class='ocrx_word' id='word_1_965' title='bbox 705 5681 771 5734; x_wconf 82' lang='lat' dir='ltr'><strong>Idus</strong></span> <span class='ocrx_word' id='word_1_966' title='bbox 786 5683 839 5734; x_wconf 88' lang='lat' dir='ltr'><strong>Jul.</strong></span> <span class='ocrx_word' id='word_1_967' title='bbox 855 5681 924 5736; x_wconf 90' lang='lat' dir='ltr'><strong>obiit</strong></span> <span class='ocrx_word' id='word_1_968' title='bbox 976 5682 1026 5732; x_wconf 89' lang='lat' dir='ltr'><strong>trls</strong></span> <span class='ocrx_word' id='word_1_969' title='bbox 1040 5679 1164 5733; x_wconf 79' lang='lat' dir='ltr'><strong>licclssisa</strong></span> <span class='ocrx_word' id='word_1_970' title='bbox 1180 5680 1291 5745; x_wconf 87' lang='lat' dir='ltr'><strong>jecerat.</strong></span> <span class='ocrx_word' id='word_1_971' title='bbox 1310 5677 1463 5729; x_wconf 79' lang='lat' dir='ltr'><strong>Pontificale</strong></span> <span class='ocrx_word' id='word_1_972' title='bbox 1492 5679 1520 5726; x_wconf 94' lang='lat' dir='ltr'><strong>ln</strong></span> <span class='ocrx_word' id='word_1_973' title='bbox 1536 5676 1678 5740; x_wconf 86' lang='lat' dir='ltr'><strong>Wulgrlno</strong></span> <span class='ocrx_word' id='word_1_974' title='bbox 1694 5685 1701 5722; x_wconf 93' lang='lat'><strong>:</strong></span> <span class='ocrx_word' id='word_1_975' title='bbox 1717 5689 1732 5720; x_wconf 79' lang='lat' dir='ltr'><strong>e</strong></span> <span class='ocrx_word' id='word_1_976' title='bbox 1746 5670 1797 5750; x_wconf 82' lang='lat' dir='ltr'><strong>qu</strong></span> 
     </span>
     <span class='ocr_line' id='line_1_98' title="bbox 93 5743 1800 5820; baseline -0.009 -11"><span class='ocrx_word' id='word_1_977' title='bbox 93 5756 316 5810; x_wconf 60' lang='lat' dir='ltr'><strong>&amp;aomanorum</strong></span> <span class='ocrx_word' id='word_1_978' title='bbox 340 5765 431 5806; x_wconf 87' lang='lat' dir='ltr'><strong>comes</strong></span> <span class='ocrx_word' id='word_1_979' title='bbox 459 5752 556 5815; x_wconf 76' lang='lat' dir='ltr'><strong>itallae,</strong></span> <span class='ocrx_word' id='word_1_980' title='bbox 586 5751 651 5820; x_wconf 62' lang='lat' dir='ltr'><strong>,qui</strong></span> <span class='ocrx_word' id='word_1_981' title='bbox 680 5753 710 5805; x_wconf 91' lang='lat' dir='ltr'><strong>iu</strong></span> <span class='ocrx_word' id='word_1_982' title='bbox 730 5751 845 5807; x_wconf 89' lang='lat' dir='ltr'><strong>introitu</strong></span> <span class='ocrx_word' id='word_1_983' title='bbox 882 5753 924 5808; x_wconf 87' lang='lat' dir='ltr'><strong>sut</strong></span> <span class='ocrx_word' id='word_1_984' title='bbox 978 5752 1101 5819; x_wconf 85' lang='lat' dir='ltr'><strong>quemvis</strong></span> <span class='ocrx_word' id='word_1_985' title='bbox 1121 5750 1266 5817; x_wconf 88' lang='lat' dir='ltr'><strong>pauperior</strong></span> <span class='ocrx_word' id='word_1_986' title='bbox 1295 5755 1321 5802; x_wconf 84' lang='lat' dir='ltr'><strong>et</strong></span> <span class='ocrx_word' id='word_1_987' title='bbox 1348 5748 1477 5800; x_wconf 87' lang='lat' dir='ltr'><strong>humilior</strong></span> <span class='ocrx_word' id='word_1_988' title='bbox 1501 5743 1716 5800; x_wconf 75' lang='lat' dir='ltr'><strong>suecessoribus</strong></span> <span class='ocrx_word' id='word_1_989' title='bbox 1739 5755 1800 5807; x_wconf 82' lang='lat' dir='ltr'><strong>api·</strong></span> 
     </span>
    </p>
   </div>
   <div class='ocr_carea' id='block_1_13' title="bbox 0 0 1906 6030">
    <p class='ocr_par' dir='ltr' id='par_1_15' title="bbox 0 0 1906 6030">
     <span class='ocr_line' id='line_1_99' title="bbox 0 0 1906 6030; baseline 0 0"><span class='ocrx_word' id='word_1_990' title='bbox 0 0 1906 6030; x_wconf 95' lang='lat' dir='ltr'><strong> </strong></span> 
     </span>
    </p>
   </div>
  </div>
 </body>
</html>
