3802 6030
94 203 173 310 less

621 228 803 297 MARBODI
828 225 1069 294 REDONENSIS
1091 229 1271 294 EPISCOPI

1747 162 1759 171 n

95 375 201 447 Tangit
216 387 300 430 mane
317 384 432 433 manus,
440 381 572 438 aegerque
587 366 619 420 tlt
633 365 711 421 illico
727 382 828 422 sanus.
932 368 960 437 Α
975 363 1045 421 Colli
1062 365 1207 424 Priselaco
1222 366 1360 422 locasset
1374 380 1391 420 e
1404 369 1535 436 tempore
1551 360 1674 435 priseo,

92 469 162 524 Cum
180 465 290 521 meritis
306 459 399 517 sancti
417 457 569 513 tundentis
580 468 641 511 vota
656 454 793 523 Tonanti,

93 558 200 614 Christi
217 552 324 610 vexillo
340 552 442 621 langor
456 548 594 605 discessit
609 547 645 602 ah
660 546 720 603 illo.

128 647 179 702 list
194 643 272 699 aliud
290 643 408 714 sigeum
426 640 566 695 celebrari
582 637 711 692 carmine
723 635 857 707 dignum,

91 738 241 806 Pluraque
266 741 330 804 post
347 728 430 796 illud,
446 745 512 801 quae
529 729 602 782 mira
619 729 748 782 terentur
764 731 794 777 ut
816 720 915 780 istud:

92 823 239 880 Damonis
254 822 282 876 in
300 817 426 892 praedam
443 821 508 872 erexi
523 816 589 871 data
606 815 713 871 lemine
727 811 862 885 quedam

93 911 200 968 Vivens
215 915 244 967 in
262 910 355 981 poenis
371 906 497 980 geminis
512 921 600 961 onera
616 902 736 966 catenis,

92 1007 188 1075 Atque
204 999 260 1056 suh
276 999 330 1054 hac
347 1012 442 1054 massa
457 989 816 1069 geminoquoquelnmine
830 1002 915 1044 casse

90 1093 213 1150 Ducitur
227 1089 263 1146 ad
279 1093 417 1145 sanetum
435 1085 572 1143 munibus
589 1085 735 1155 pertracta
747 1084 915 1144 rotantem,

92 1186 131 1239 Ut
147 1181 284 1238 miseram
302 1182 405 1251 purget
418 1190 507 1247 quam
523 1171 665 1229 doemonis
679 1171 807 1240 impetus
819 1170 914 1241 urget,

90 1274 184 1337 Quam
199 1268 285 1327 simul
301 1265 415 1340 aspexit
429 1280 496 1320 mox
510 1261 625 1320 demon
640 1262 760 1317 territus
775 1257 844 1325 exit,

91 1362 173 1419 'lune
189 1357 289 1416 oculos
304 1372 386 1413 crece
401 1358 524 1427 tangens
538 1352 701 1423 consignat,
718 1354 744 1404 et
759 1361 826 1404 ecee

89 1454 121 1510 ln
137 1450 242 1507 virtute
257 1447 353 1504 crucis
365 1449 434 1503 sunt
449 1442 562 1500 reddite
580 1456 700 1497 munera
716 1437 791 1494 lucis

88 1540 203 1599 Cleusis
221 1536 381 1612 palpebris,
397 1533 635 1607 pupillarumque
650 1527 788 1586 tenebris.

91 1633 137 1686 Sic
150 1628 209 1685 duo
226 1642 350 1701 persona
365 1621 507 1680 miracula
522 1625 613 1695 gessit
627 1618 655 1674 in
669 1634 738 1684 una,

90 1723 167 1776 Dum
183 1719 266 1789 lugat
281 1714 409 1771 invisum
426 1710 581 1783 redditque
596 1705 763 1783 precamine
778 1703 875 1760 visum

92 1805 168 1863 Dum
185 1813 284 1861 custos
305 1800 417 1875 pecoris
432 1799 582 1856 nocturnis
598 1792 806 1870 pervigilboris

91 1897 163 1953 Cum
179 1895 267 1951 sociis
283 1893 378 1966 agitur
395 1888 540 1964 serpentis
556 1904 605 1944 ore
621 1887 732 1952 lvrttur,

92 1986 142 2044 Cui
165 1985 283 2042 coluber
299 1984 382 2039 dirus
399 1983 474 2038 ludit
489 1996 555 2036 eum
574 1977 693 2033 vnlnere
707 1975 807 2044 virue3

94 2075 171 2136 Utris
186 2084 211 2130 et
230 2075 258 2130 in
276 2089 386 2130 morem
403 2071 491 2128 traxit
506 2071 580 2125 cutis
595 2084 671 2137 egra
684 2071 841 2131 tumorem,

92 2163 128 2222 Et
144 2182 198 2237 pus
216 2163 349 2220 inlusum
366 2160 489 2217 detraxit
505 2158 637 2229 corporis
653 2171 751 2211 usum.

93 2253 276 2310 seminecem
294 2266 417 2321 puerum
433 2250 538 2305 devota
554 2247 625 2302 ildes
639 2243 785 2301 sociorum

94 2342 201 2400 Sancto
218 2344 374 2415 praesentat
388 2355 472 2412 quern
488 2338 547 2409 jam
559 2335 724 2409 plehssgra
739 2332 914 2404 frequentat,

93 2431 147 2497 Oai
165 2431 247 2503 pueri
263 2435 364 2487 crebra
380 2429 477 2484 muttit
491 2442 576 2483 cruce
591 2424 709 2497 singula
725 2422 867 2486 membra,

95 2522 157 2587 Qua
172 2520 265 2593 pestis
281 2518 381 2592 plenas
392 2521 560 2587 corruperat
574 2512 706 2584 improba
721 2525 821 2578 venas,

91 2616 124 2667 Bt
142 2626 228 2666 cruce
242 2627 308 2666 cum
326 2616 413 2680 sputo
425 2615 533 2678 parator
547 2606 710 2660 medicante
724 2602 819 2656 soluto

92 2696 230 2754 Vulneris
244 2715 277 2754 os
290 2697 369 2764 lenit,
383 2713 450 2752 mox
465 2692 552 2764 pestis
568 2696 669 2765 iniqoa
683 2690 792 2760 quievit

91 2785 178 2855 Nam,
196 2787 304 2842 mirum
316 2783 419 2841 dictul
439 2783 520 2839 virus
536 2782 691 2854 pungentis
708 2779 737 2834 in
752 2780 820 2834 actu

91 2876 181 2933 Venis
199 2875 346 2932 inclusum
363 2873 473 2930 vulnus
488 2874 570 2947 petit,
582 2878 685 2943 estque
701 2873 845 2925 retusum.

93 2964 197 3022 Pastor
212 2967 272 3021 abit
288 2964 372 3022 laetus
388 2971 507 3019 mutans
523 2963 551 3017 in
568 2961 676 3034 gandia
690 2957 776 3016 fletus

90 3058 198 3111 Venter
216 3061 354 3112 rnatronm
368 3055 464 3110 vieina
480 3049 516 3110 de
531 3050 649 3124 regione

95 3145 210 3203 Durium
222 3143 380 3202 conclusos
396 3142 516 3201 lallehat
530 3138 671 3216 germinis
685 3154 756 3195 usus

95 3235 218 3301 Tristes,
234 3235 264 3290 in
278 3233 370 3290 sterili
384 3248 494 3306 cogens
509 3229 637 3287 dormire
649 3227 756 3296 cubili;

96 3325 181 3382 llivcs
197 3329 320 3396 uterque
334 3325 417 3392 satis,
433 3337 486 3379 nee
502 3337 595 3394 parve
613 3315 771 3374 nobilitatis

968 454 1016 510 Sic
1031 455 1196 527 appellatus
1213 458 1309 511 luerat
1323 456 1389 511 date
1403 469 1493 511 causa
1508 457 1620 510 reatus

970 543 1052 600 ldola
1068 544 1151 616 plena
1169 545 1255 602 malis
1271 543 1584 601 culturedaemonialis

971 631 1093 688 incultas
1107 635 1206 706 gentle
1222 633 1380 691 nonnullos
1396 632 1580 703 decipientis.

969 719 1049 778 Harae
1067 723 1180 777 ltomini
1194 722 1279 780 nriles
1294 732 1423 794 quaestus
1438 723 1509 778 dum
1521 725 1629 794 capiet
1646 719 1764 777 heriles

967 811 1010 865 ed
1027 810 1135 867 Christi
1152 810 1269 868 laudem
1285 814 1408 885 cupiens
1424 818 1553 869 evertere
1569 812 1730 880 fraudem,

970 901 1140 967 Assumptus
1155 918 1253 957 eveum
1270 907 1341 974 quot
1355 901 1463 957 dooere
1478 902 1597 971 Judicst
1613 915 1744 974 equum

969 988 1012 1045 lid
1023 988 1130 1045 collem
1147 997 1282 1062 properat
1297 1007 1383 1060 qnam
1401 1005 1467 1062 pars
1481 989 1609 1046 inimica
1625 988 1764 1063 reptant

969 1074 1035 1132 Mox
1049 1076 1231 1134 inclusorum
1247 1093 1300 1135 vox
1316 1078 1401 1135 obvie
1419 1077 1640 1135 demoniorum

968 1164 1117 1242 Obstrepit
1130 1175 1160 1226 et
1174 1169 1305 1243 queritur
1319 1169 1420 1227 nullus
1435 1186 1471 1227 ne
1494 1169 1579 1228 locus
1596 1169 1757 1244 reperitur

968 1255 1030 1322 Quo
1045 1263 1084 1327 te,
1101 1257 1230 1327 Mauriti,
1246 1261 1394 1332 possimus
1409 1261 1536 1334 pendere
1553 1260 1622 1328 vili,

969 1347 1031 1412 Quo
1046 1345 1258 1417 deffendamur,
1274 1349 1343 1405 dnm
1360 1353 1388 1405 ts
1407 1349 1545 1406 veniente
1560 1350 1718 1422 tegamur,

968 1433 1043 1492 Hinc
1057 1453 1175 1510 qunque
1191 1454 1243 1494 nos
1259 1438 1355 1510 pellis,
1370 1443 1463 1506 atrox,
1476 1438 1619 1504 violente,
1636 1437 1769 1495 rebellis.

969 1524 1019 1583 llle
1034 1542 1148 1583 crucem
1165 1532 1267 1585 eontra
1277 1528 1427 1600 jaculatur
1448 1529 1564 1587 vindice
1577 1531 1700 1593 dextra.

968 1616 1103 1672 Protinus
1117 1616 1267 1689 explosum
1285 1619 1358 1692 lugit
1375 1618 1717 1690 omnesupetslitiusum

972 1703 1007 1758 Et
1018 1704 1089 1760 dnm
1106 1703 1190 1768 pulsa
1206 1707 1280 1779 legit
1295 1705 1412 1764 larvalis
1428 1710 1499 1765 tuba
1514 1709 1672 1782 remugiit

971 1792 1056 1849 tator
1071 1800 1194 1851 testatur
1205 1793 1285 1869 qood
1301 1796 1391 1853 letida
1405 1799 1490 1853 turba
1506 1799 1641 1871 lugetur.

932 1961 935 1966 ‚
968 1881 1094 1939 Sanctus
1109 1885 1232 1940 adunari
1246 1885 1331 1956 juoet
1348 1886 1433 1952 idola,
1450 1887 1551 1959 sieque
1566 1887 1713 1945 cremari.

966 1971 1037 2030 Inde
1052 1975 1147 2031 locum
1164 1975 1304 2044 triundat3
1317 1995 1385 2035 nova
1399 1978 1533 2050 protinus
1549 1981 1632 2035 atria
1648 1976 1766 2047 tundat,

967 2062 1187 2137 Ecclesiamque
1199 2067 1250 2124 Dei
1265 2068 1383 2140 signum
1396 2068 1482 2141 jubet
1497 2085 1563 2126 esse
1579 2068 1701 2141 tropaei.

969 2151 1080 2226 Corpus
1096 2153 1252 2213 Clementis
1270 2165 1415 2229 quartana
1429 2158 1494 2215 luce
1514 2160 1679 2216 trementis

970 2242 1138 2314 Frigoribus
1149 2246 1259 2302 crebris
1275 2249 1371 2320 quatit
1386 2247 1576 2306 inclementia
1589 2248 1697 2317 lebria,

969 2333 1075 2407 Sisque
1089 2336 1152 2392 dies
1168 2340 1291 2410 quartus
1307 2339 1450 2394 cruciatos
1464 2339 1565 2393 atterit
1580 2349 1679 2405 artus,

969 2420 1007 2480 Ut
1022 2440 1156 2496 reparare
1172 2427 1267 2481 tribus
1282 2432 1409 2498 nequeat
1421 2443 1475 2482 sua
1490 2426 1601 2482 damna
1615 2427 1737 2484 diebus.

971 2516 1085 2584 bangor
1099 2513 1177 2571 enim
1193 2515 1338 2570 stomachi
1351 2514 1482 2572 Cererem
1496 2516 1540 2571 vel
1554 2533 1687 2574 munera
1701 2516 1799 2576 bacehi

971 2599 1097 2675 Respuit
1110 2609 1138 2659 et
1154 2620 1273 2677 prorsus
1289 2612 1360 2659 sunt
1376 2604 1417 2660 illi
1434 2606 1519 2661 tedia
1536 2622 1673 2665 morsus.

971 2694 1023 2748 Eis
1038 2694 1198 2749 monachus
1213 2693 1331 2750 demnis
1346 2700 1472 2751 vastatus
1484 2699 1545 2767 jorn
1564 2697 1668 2752 trihus
1683 2695 1768 2753 annis

971 2779 1103 2838 Volvitur
1120 2784 1147 2838 in
1165 2782 1250 2852 lecto,
1266 2784 1409 2856 nequiens
1426 2785 1584 2857 procedere
1603 2790 1700 2858 tecto,

972 2871 1110 2927 Membris
1125 2875 1219 2929 exutis
1230 2873 1292 2945 jem
1310 2890 1377 2946 spes
1397 2874 1494 2930 ablata
1514 2876 1636 2944 salutis,

973 2959 1098 3034 Solaque
1113 2960 1215 3018 vicinis
1228 2967 1290 3018 erut
1311 2962 1486 3035 exspectatio
1504 2963 1584 3020 linis.

972 3055 1043 3107 Cum
1061 3067 1206 3108 memores
1222 3051 1326 3108 medici
1343 3052 1476 3109 monachi
1491 3051 1668 3125 languentis
1684 3053 1770 3110 amici

932 3117 954 3188 C
975 3141 1044 3211 Ejus
1059 3143 1094 3195 ad
1111 3147 1262 3212 aspectum
1277 3147 1395 3215 portant
1409 3158 1476 3200 cum
1491 3159 1618 3215 corpore
1632 3142 1747 3202 lectum

973 3228 1021 3285 Vel
1038 3228 1112 3287 male
1126 3229 1249 3299 victuro,
1260 3229 1305 3287 vel
1320 3230 1395 3288 torte
1407 3231 1484 3289 brevi
1500 3233 1661 3291 morituro.

970 3316 1024 3382 Qui
1040 3318 1127 3375 citius
1143 3320 1223 3377 dicto
1238 3322 1340 3377 morbo
1354 3320 1398 3377 vel
1414 3322 1515 3378 lunera
1526 3323 1605 3379 victo

95 3417 219 3482 Coniux,
233 3414 284 3470 sed
301 3431 362 3485 que
379 3416 505 3470 resumet
532 3410 609 3466 hune
625 3410 672 3464 cui
696 3405 794 3464 delicit
816 3405 918 3474 haeres,
970 3408 1073 3465 Dillsrt
1086 3411 1237 3483 exsequias
1252 3410 1322 3466 dnm
1338 3410 1591 3486 conlsrteulogias

95 3503 198 3563 mo
213 3501 500 3560 Haecircacultum
526 3498 645 3556 Deitatis
668 3493 770 3552 sedule
791 3493 918 3551 multum
972 3497 1107 3555 lioddens
1121 3511 1298 3572 quartanum
1315 3498 1547 3562 dtvtnomunere
1562 3518 1691 3562 sanum.

95 3592 132 3653 Ut
147 3592 261 3649 Domini
280 3588 384 3663 placito
400 3588 480 3646 lieret
494 3587 619 3646 fecunda
634 3583 740 3641 marite

93 3681 244 3738 institerat
259 3683 364 3735 trustra
391 3677 526 3751 precibus
542 3692 592 3749 per
608 3672 735 3748 plurima
748 3673 842 3730 lustra

95 3770 171 3841 Ergo
188 3767 349 3824 sacerdotis
360 3765 455 3837 pulsat
471 3765 518 3838 pia
533 3764 641 3820 viscera
655 3762 739 3833 votis,

95 3857 129 3913 Iit
143 3855 284 3912 tumulum
298 3854 405 3911 Christi
419 3851 576 3925 compellat
590 3860 703 3925 pectore
719 3849 794 3907 tristi

95 3945 168 4011 nutu
186 3944 271 4011 mihi,
289 3959 369 4000 serve
384 3941 445 4010 Dei,
462 3944 574 3999 conlert
589 3940 638 3997 lux
649 3946 713 3997 orta
727 3939 809 3996 nteit

1009 3587 1128 3645 lnstitot·
1142 3588 1179 3645 ob
1194 3600 1338 3662 quaestum
1355 3596 1536 3665 postponens
1551 3593 1705 3668 quidquid
1721 3592 1803 3652 hone·

1678 3689 1759 3742 stum

970 3770 1011 3822 De
1027 3781 1057 3821 ra
1072 3772 1149 3824 sorta
1164 3767 1227 3839 pari
1241 3768 1366 3841 cupiens
1380 3785 1555 3845 quecunque
1570 3681 1701 3842 luculi,
1762 3725 1771 3754 '

969 3858 1091 3912 creseus
1107 3858 1205 3913 usuris
1221 3863 1251 3913 et
1265 3859 1394 3916 vendens
1408 3865 1507 3917 ananie
1521 3861 1621 3933 pluris

970 3942 1107 4015 Captivos
1123 3962 1227 4016 pueros
1249 3957 1395 4004 mercatus
1410 3949 1510 4006 adibat
1526 3949 1639 4021 theros,

93 4036 167 4099 Quid
185 4033 279 4090 noetis
292 4049 408 4101 cursus,
433 4048 499 4089 cum
526 4035 659 4102 torqueat
679 4030 766 4086 anxia
790 4028 918 4086 rursusi
970 4029 1011 4089 De
1027 4050 1147 4091 numero
1164 4052 1289 4109 quorum
1306 4038 1614 4111 rudisimpstiensque
1630 4040 1766 4099 laborum

95 4126 219 4182 Cninem
236 4142 322 4182 mane
336 4129 399 4181 toro
414 4139 537 4193 surgens
553 4138 673 4195 operosa
687 4118 811 4177 laboro?

93 4216 168 4285 Quid
183 4214 292 4273 domus
305 4210 443 4270 etservii
457 4212 526 4282 quid
542 4212 624 4283 copia
640 4208 743 4266 fertilis
759 4208 843 4264 ervit

93 4305 166 4373 Quid
182 4303 259 4362 valet
271 4303 386 4378 argenti
402 4302 515 4376 species
530 4299 644 4357 haerede
656 4296 793 4355 earenlil

92 4396 134 4452 Tu
147 4397 197 4469 qul
212 4404 322 4468 quanta
338 4394 412 4466 petis
426 4392 571 4464 precibus,
586 4392 630 4446 vir
645 4396 755 4458 sancte,
770 4389 845 4446 sueti

970 4119 1052 4180 Unus
1067 4124 1180 4195 agendo
1197 4125 1298 4195 pedem
1315 4142 1429 4182 sacram
1445 4128 1577 4201 conlegit
1592 4129 1734 4188 incedam

969 4213 1032 4276 Qus
1043 4212 1088 4267 vir
1103 4220 1274 4271 mensuetus
1286 4215 1429 4273 tundebat
1441 4232 1508 4273 eum
1525 4234 1614 4290 prece
1629 4217 1732 4288 ssatus,

971 4299 1056 4356 Fisus
1072 4301 1182 4357 bonore
1197 4304 1249 4359 viri
1267 4319 1296 4359 se
1312 4302 1355 4360 vel
1372 4322 1429 4362 nnn
1446 4321 1532 4377 posse
1547 4308 1676 4379 requiri,

970 4389 1021 4446 Vel
1037 4389 1245 4448 dimittendum
1261 4408 1355 4465 prece,
1372 4394 1414 4451 vel
1426 4398 1518 4467 pretio
1535 4398 1767 4469 redimendum

95 4486 254 4557 Impetrare
278 4483 366 4547 soles.
383 4482 428 4540 tae
442 4485 480 4538 sit
496 4481 570 4538 mibi
587 4479 717 4536 mascula
733 4478 827 4551 proles
930 4474 954 4540 ll
970 4477 1102 4551 Namque
1117 4481 1278 4537 sacerdotis
1297 4482 1380 4539 terris
1397 4486 1461 4541 lans
1480 4490 1551 4542 nota
1567 4488 1695 4546 remotis

95 4573 169 4632 Nata
185 4573 324 4642 Creatori,
339 4574 408 4628 dala
424 4586 489 4627 mox
505 4570 652 4626 reddenda
663 4568 769 4625 datori.

93 4662 136 4719 Tu
152 4663 224 4719 mihi
240 4664 281 4718 sis
294 4662 369 4727 Heli,
383 4662 422 4717 sit
436 4667 523 4716 natus
538 4676 591 4732 par
604 4656 741 4726 Samueli,

91 4751 167 4809 Doto
186 4769 258 4825 puer
272 4752 358 4809 altari
374 4768 441 4808 mox
456 4752 576 4822 incipiet
591 4747 738 4806 famulari.

93 4840 188 4898 Motus
203 4841 441 4900 Mauritiusvotis
455 4857 488 4896 ac
504 4839 618 4897 tletihus
635 4840 722 4910 hujus

94 4929 164 4988 Orat
179 4936 208 4987 et
223 4938 339 4989 exorat:
354 4933 460 4989 mulier
474 4931 622 5004 gravidata
638 4930 762 5001 laborat,

95 5022 130 5079 Et
146 5038 265 5092 pnerurn
282 5021 387 5088 tundit,
404 5022 501 5078 lusum
517 5022 581 5089 tibi,
598 5021 717 5086 Christe,
731 5020 856 5079 retundit

94 5112 134 5168 Ex
150 5112 252 5168 mattis
269 5118 333 5168 voto
349 5127 521 5168 mansurum
534 5117 664 5180 tempore
680 5118 750 5168 toto.

94 5200 177 5258 Hune
193 5201 232 5258 ita
246 5200 386 5258 donatum
403 5201 458 5258 lert
473 5202 550 5256 latria
566 5201 654 5256 luisse
669 5204 823 5273 tlensium,

92 5290 146 5356 Oui
163 5294 228 5364 post
243 5292 393 5362 praelatum
408 5290 538 5362 possedit
558 5291 770 5361 pontificatum,

93 5383 133 5438 be
148 5396 207 5454 quo
222 5380 297 5438 mire
311 5380 410 5439 ierunt
426 5378 456 5435 bi
470 5378 522 5451 qui
537 5394 591 5435 nos
606 5389 674 5436 ante
691 5383 818 5449 luerunt,

93 5469 160 5535 tiso
176 5471 325 5530 celeranda
339 5476 420 5544 puto,
436 5483 489 5525 nee
504 5483 572 5525 vers
587 5466 677 5527 luisse
692 5467 797 5538 reluta,

93 5557 150 5616 Sed
166 5576 232 5617 sum
248 5567 365 5632 tempus
376 5553 528 5615 orithion
541 5555 611 5614 erdo
627 5560 780 5628 sequentia
794 5561 909 5630 queriti

972 4571 1010 4623 Bt
1025 4569 1144 4625 domino
1161 4569 1244 4642 pueri
1261 4576 1373 4642 poterat
1388 4573 1513 4647 pretiosa
1528 4573 1636 4632 videri.

972 4657 1077 4716 netu
1092 4659 1164 4735 lingo
1180 4666 1262 4735 rogat
1276 4660 1406 4735 plorans,
1420 4669 1450 4722 et
1464 4681 1532 4722 eum
1549 4672 1724 4739 prostratus
1738 4669 1801 4725 edo·

971 4834 1009 4896 lit
1023 4853 1197 4911 quocunque
1212 4840 1300 4898 modo
1315 4842 1384 4900 velit
1398 4842 1453 4900 hon
1466 4860 1497 4901 ss
1512 4843 1629 4903 solvere
1645 4755 1767 4907 ”gizith

971 4934 1098 4987 Sanctus
1112 4929 1148 4986 ad
1171 4930 1232 4987 hec
1248 4929 1370 5007 plangit,
1395 4935 1465 5007 qnia
1478 4951 1567 5009 quem
1589 4936 1680 4995 labor
1697 4940 1799 4997 anxins

970 5112 1025 5164 Per
1035 5108 1165 5182 linguam
1180 5116 1278 5166 notem
1296 5112 1400 5183 prohat
1411 5128 1475 5170 esse
1489 5130 1575 5171 suum
1591 5026 1768 5188 patrlblsgdl:

968 5198 1059 5255 Offert
1071 5205 1225 5270 argentum
1241 5201 1364 5273 cupiens
1380 5202 1474 5261 laxare
1490 5201 1694 5278 redemptum.

968 5288 1120 5360 supplicat
1140 5287 1287 5358 implorat,
1304 5291 1490 5367 multumque
1503 5295 1618 5367 diuque
1634 5297 1753 5357 isboset

967 5377 1017 5436 llic
1030 5376 1151 5435 domino
1163 5377 1288 5449 charus3
1306 5381 1402 5439 renuit
1415 5391 1560 5442 mercator
1575 5402 1702 5459 averna,

966 5466 1098 5539 lienique
1109 5468 1258 5542 captivum
1271 5469 1343 5529 cedi
1355 5470 1486 5546 lubetut
1497 5474 1676 5550 fugitivum.

966 5557 1160 5630 Mandatoque
1174 5558 1250 5616 truci
1262 5559 1373 5619 violans
1383 5563 1534 5638 menelei,
1550 5564 1634 5627 duci.
