3802 6030
55 281 93 340 33
547 335 549 338 .
570 279 857 343 tmanatala
879 281 1013 344 NOVAM
1037 283 1269 347 animositati.
1732 294 1770 350 31

97 420 133 484 8·
149 417 260 484 11666
277 422 399 484 autem
414 413 575 484 libellum
593 413 728 504 excipit
747 420 925 485 tractatus
940 415 1166 502 theologicas,
1177 439 1268 508 opus
1279 438 1366 486 sane
1382 417 1562 497 doctrina,
1581 424 1765 509 methodo,

58 503 140 594 styli
163 505 365 593 elegantia,
383 505 577 573 verborum
596 507 825 593 proprietate,
843 507 889 574 ab
904 507 1077 574 oninihus
1094 508 1318 575 mirandum.
1340 510 1467 577 Utrum
1481 530 1567 577 vero
1584 513 1630 580 sit
1646 513 1769 582 Hilde-

57 592 246 662 bertinum
269 595 438 664 dubitant
454 598 620 662 auctores
636 596 768 663 lle'stor.
787 598 907 673 luten,
926 599 1013 663 tom.
1036 598 1092 671 Xl,
1111 618 1145 685 p.
1162 599 1326 674 362-365,
1343 603 1482 684 negant
1497 604 1661 668 auctores
1677 606 1765 671 tom.

10 724 12 767 2
60 683 334 772 subsequentia,
362 706 394 772 p.
422 685 542 751 29-37.
576 682 661 749 lllud
695 684 908 772 posteriores
933 684 1099 752 tribuunt
1120 688 1263 770 llugoni
1287 689 1463 754 aSancto
1487 687 1644 757 Victore.
1677 694 1767 761 Cum

60 778 184 841 autam
206 772 368 862 plerique
389 772 534 842 6661666
556 776 591 839 61
605 771 752 861 quidem
769 772 917 862 optimae
942 778 1036 842 66116
1057 779 1091 841 61
1112 774 1310 844 Hildeberti
1332 775 1405 842 1666
1420 777 1547 854 coaevi,
1566 782 1763 850 tractatum

58 861 313 949 theologicum
334 861 523 930 alhrment
557 860 862 936 Hildehertinum,
898 860 1018 944 illum,
1045 863 1090 930 66
1119 863 1229 932 tidem
1264 865 1616 954 manuscriptorum,
1648 868 1759 957 prelis

59 953 345 1034 committimus
366 955 579 1040 textumque
594 950 680 1018 edit.
702 972 789 1019 ann.
808 955 894 1020 1708
910 971 956 1020 ax
971 951 1114 1039 integro
1130 973 1362 1022 renovamus.

10 1069 12 1073 ·
102 1042 141 1108 90
159 1042 333 1130 Sequitur
351 1043 469 1111 Brevis
488 1048 657 1109 tractatus
677 1042 719 1108 de
741 1050 959 1110 sacramento
974 1043 1110 1111 altaris.

105 1132 163 1199 10·
182 1129 323 1199 Deinde
342 1132 445 1199 tiber
458 1130 501 1198 de
519 1131 736 1215 expositione
748 1131 873 1198 missa.

104 1221 166 1288 11⁰
183 1223 312 1289 Postea
326 1238 446 1287 uersas
460 1219 502 1286 de
515 1220 676 1308 mysterio
691 1221 817 1296 missa,
838 1216 971 1309 quibus
987 1219 1142 1288 ineditos
1164 1219 1326 1311 quinque
1339 1221 1539 1290 versiculos
1561 1223 1765 1311 adjecimus

59 1329 100 1377 ax
123 1330 194 1376 ms.
213 1308 294 1377 cod.
311 1311 460 1385 Toron,
475 1317 518 1374 n⁰
538 1311 615 1385 115,
636 1306 704 1376 666
723 1308 850 1376 titulo:
873 1313 921 1377 lle
936 1308 1129 1377 mutatione
1150 1312 1301 1378 locorum
1318 1314 1356 1378 in
1375 1310 1504 1387 missa,·
1519 1316 1556 1381 et
1570 1313 1631 1382 alii
1648 1334 1766 1384 versus

59 1400 100 1466 de
116 1407 337 1466 sacramento
352 1397 473 1466 altaris
483 1418 497 1474 ,·
516 1395 674 1484 denique
691 1402 738 1465 De
752 1417 840 1466 nove
854 1399 1032 1484 Sacrificio
1049 1411 1145 1467 oetas
1160 1403 1364 1486 obrepente.

105 1490 165 1554 120
181 1485 354 1556 Succedit
367 1487 466 1556 Liber
479 1488 522 1554 de
539 1505 640 1554 saera
655 1485 888 1556 Eucherium.
908 1489 1084 1556 66616666
1100 1492 1188 1557 Hist.
1208 1491 1328 1567 litter„
1349 1491 1438 1558 tom.
1460 1492 1518 1573 Xl,
1537 1490 1614 1579 jam
1632 1493 1766 1583 saepias

58 1575 214 1658 laudati,
231 1597 361 1665 poema
377 1575 421 1643 de
436 1595 542 1643 sacra
565 1575 792 1645 Eucharistia
808 1573 959 1644 tradunt
978 1597 1056 1644 esse
1073 1579 1167 1645 Petri
1184 1578 1350 1658 Pictoris
1369 1578 1478 1646 sicuti
1493 1590 1526 1647 et
1545 1581 1608 1648 alii
1637 1603 1766 1650 versus

59 1666 102 1734 66
117 1670 356 1735 sacramento
371 1664 510 1732 altaris.
531 1666 571 1731 ln
590 1685 658 1733 ms.
675 1665 803 1734 codice
826 1666 1151 1755 Sangarmanensi,
1170 1679 1210 1734 60
1229 1670 1294 1736 658
1315 1667 1369 1735 616
1384 1666 1540 1755 legitur:
1560 1697 1577 1733 a
1601 1671 1765 1757 Magistri

59 1755 158 1824 Petri
193 1755 349 1823 Pictoris
382 1753 554 1823 canonici
574 1755 609 1822 S.
631 1753 830 1824 hadomari
858 1753 902 1822 de
931 1755 1371 1825 666666661166116616.»
1406 1758 1500 1846 (Vid.
1536 1779 1627 1847 opus
1656 1781 1767 1848 supra
1873 1770 1881 1779 ‘

59 1846 389 2003 mquqpqppeqtde
404 1935 567 2020 operibus
586 1952 650 2000 sen
673 1934 812 2001 dierum
832 1953 907 2000 non
928 1937 982 2001 661
1002 1933 1307 2010 Hildebertinum,
1333 1936 1439 2019 ,iuxta
1463 1939 1630 2004 auctores
1646 1936 1767 2025 operis

57 2043 170 2112 supra
189 2021 369 2092 nominati
385 2023 433 2112 (6.
450 2022 542 2106 3721,
560 2020 621 2089 666
637 2021 832 2090 theobaldi
853 2022 1027 2111 episcopi,
1040 2023 1181 2092 sioutet
1196 2026 1498 2113 Physiolopas,ut
1514 2024 1634 2094 videre
1658 2031 1712 2095 est
1728 2026 1767 2093 in

54 2110 150 2182 libro
165 2116 205 2179 D.
222 2115 254 2179 J.
274 2111 430 2190 Leboeul,
461 2109 620 2179 Autissio
643 2111 810 2178 dorensis
835 2112 1019 2188 cononici,
1043 2116 1221 2181 Dissertat.
1245 2116 1326 2180 trist.
1349 2119 1462 2182 Paris.
1482 2118 1570 2181 tom.
1589 2118 1632 2196 Il,
1657 2138 1689 2204 6.
1707 2118 1763 2195 66,
1879 2168 1881 2173 .

61 2207 95 2271 61
108 2222 212 2290 seqq.
231 2204 270 2268 D.
289 2206 413 2269 autem
432 2199 1115 2289 6616666666166666166666116611.
1129 2211 1312 2287 poetaram
1328 2202 1437 2268 medii
1451 2204 1526 2276 aeoi,
1551 2222 1680 2290 poema
1695 2209 1766 2274 Sec

60 2293 203 2360 dierum
221 2291 390 2379 episcopo
411 2289 678 2357 Cenomanensi
706 2288 863 2357 tribuere
883 2310 957 2357 non
978 2289 1166 2371 dithtatur,
1195 2289 1402 2380 publioique
1419 2290 1514 2379 juris
1533 2289 1618 2359 lecit
1638 2311 1766 2360 versus

61 2380 260 2449 1166661666
285 2379 396 2464 trojae
418 2377 562 2446 nomine
580 2376 786 2460 llildeberti,
811 2398 853 2446 ea
878 2378 990 2447 lretus
1006 2380 1147 2447 ratione
1170 2380 1264 2468 quod
1288 2381 1452 2467 proxime
1467 2379 1602 2448 librum
1624 2383 1672 2448 De
1686 2400 1766 2467 ope·

56 2472 157 2538 n'tus
177 2489 241 2537 see
258 2469 396 2537 dierum
412 2467 449 2534 in
465 2466 592 2536 codice
609 2488 677 2534 ms.
691 2488 708 2536 s
721 2467 1004 2556 quarantenae
1022 2469 1039 2553 §
1054 2474 1103 2537 De
1122 2471 1249 2536 sirenis
1264 2481 1296 2536 et
1314 2473 1585 2538 homocentauro
1601 2469 1767 2538 notulam

59 2559 279 2645 adjecimus,
296 2578 368 2646 qua
383 2555 605 2626 vocobulum
626 2560 889 2626 onocentaurus
909 2577 953 2625 ax
969 2557 1072 2627 lsaiae
1092 2560 1127 2626 61
1146 2560 1181 2625 S.
1206 2559 1418 2649 Hieronymi
1441 2562 1542 2627 textu
1564 2559 1768 2628 restituitur

57 2652 93 2717 61
112 2648 288 2733 quaedam
303 2646 415 2714 verba
429 2644 680 2732 corriguntur.

104 2743 164 2805 110
185 2740 356 2805 61150116
374 2736 498 2804 ordine
513 2735 652 2811 mnndi,
674 2745 707 2802 et
719 2737 761 2802 cle
776 2743 905 2804 ansata
923 2737 1050 2803 mandi
1060 2743 1232 2816 poemata.

103 2829 164 2895 160
180 2825 237 2893 Α6
253 2845 405 2893 carmen
423 2825 460 2891 in
481 2823 593 2893 libros
609 2827 750 2911 Regum
773 2823 866 2890 nihil
889 2823 1140 2912 adjiciendum
1168 2826 1384 2914 reperimus.

99 2920 160 2984 170
186 2917 407 2985 Diversarum
428 2934 535 2982 sacrae
558 2915 749 2998 Scriptura
777 2916 928 2981 locorum
949 2912 1090 2981 moralis
1119 2914 1320 3001 applicatio.
1353 2913 1498 2984 16666.
1529 2936 1598 2983 ms.
1626 2920 1760 2985 turon.

53 3013 91 3072 n·
114 3009 179 3073 117
204 3004 312 3072 611166
340 3009 374 3071 61
399 3005 520 3070 166666
548 3001 679 3070 melius
707 3001 880 3089 leguntur
906 3003 1068 3092 quinque
1090 3004 1276 3085 versiculi,
1308 3003 1501 3073 immolatio
1526 3007 1638 3083 Isaac,
1672 3027 1763 3095 quos

57 3093 299 3181 adjunximus
319 3095 337 3176 6
361 3091 516 3159 decimo.
544 3092 642 3158 Idem
668 3091 817 3176 codex§
846 3095 901 3173 45,
928 3112 1001 3159 non
1027 3091 1135 3160 hahet
1164 3092 1253 3160 duos
1277 3095 1415 3180 primos
1444 3095 1641 3161 versiculos
1665 3093 1762 3197 quod

58 3186 183 3252 minus
198 3186 299 3250 66616
328 3182 387 3250 616
408 3180 600 3269 supposuit
621 3183 659 3247 1).
683 3179 931 3267 Beaugendre.
959 3182 1017 3248 1611
1034 3180 1183 3269 quidem
1205 3184 1275 3250 666
1295 3183 1465 3250 versiculi
1492 3188 1577 3251 sunt
1593 3181 1761 3270 elegiaci,

59 3273 236 3362 nulloque
254 3269 420 3338 modoad
441 3269 586 3338 titulum
610 3268 734 3337 6616661
756 3271 918 3358 6666661.
941 3269 1012 3338 Alii
1032 3268 1202 3337 versiculi
1226 3276 1312 3337 sunt
1334 3271 1546 3345 hexametri,
1566 3272 1633 3340 sub
1655 3271 1762 3341 titulo

58 3366 200 3451 Organa
222 3363 263 3428 in
283 3361 451 3428 salicibus
466 3380 487 3427 a
502 3361 638 3447 populo
654 3361 719 3428 Dei
732 3378 913 3446 snspensa.
933 3361 978 3428 Ut
1000 3368 1122 3428 autam
1141 3359 1233 3427 nihil
1267 3365 1400 3449 pareat,
1418 3361 1668 3447 fragmentum
1689 3360 1763 3430 col·

56 3449 218 3540 legimus
234 3449 351 3518 61616
367 3448 549 3518 misimus.

701 3658 746 3722 tte
759 3659 876 3742 duplici
896 3660 1015 3726 Christi
1035 3670 1145 3724 natura

603 3769 858 3831 Nostraenaturoe
873 3768 973 3831 deitas
990 3768 1078 3830 66116
1096 3769 1229 3831 retertur

662 3868 699 3928 ln
713 3865 893 3928 6661616616
909 3873 981 3928 6661
1001 3867 1087 3930 dites
1111 3885 1264 3948 agensque
1279 3865 1384 3930 simul.

96 4057 143 4120 16
171 4046 458 4140 supralaudato
489 4044 742 4135 manuscripto
764 4043 855 4113 duos
879 4044 1035 4114 ineditos
1056 4054 1071 4127 5
1096 4045 1319 4130 invenimus
1345 4067 1436 4135 quos
1465 4044 1673 4114 addidimus
1698 4043 1766 4114 sub

57 4140 226 4208 numeris
253 4143 291 4207 L.
323 4141 358 4205 et
375 4140 425 4211 Ll,
452 4156 540 4204 cum
561 4133 695 4204 titulis:
723 4134 1186 4225 1006166666166166661
1211 4137 1416 4204 solemnitas
1446 4138 1584 4205 Paschae
1613 4138 1768 4204 celebra·

58 4230 164 4299 tatur
180 4249 246 4316 per
270 4248 316 4296 xn
330 4229 429 4295 alies:
455 4226 601 4310 606661
620 4223 796 4313 6166161661
814 4225 909 4312 qnod
926 4231 1080 4313 populas
1105 4245 1182 4293 eum
1207 4227 1365 4294 libertate
1393 4226 1442 4293 ad
1468 4229 1600 4294 uictam
1622 4230 1766 4311 stupent

55 4322 203 4406 recepit,
221 4338 302 4386 eam
319 4336 396 4384 aero
412 4317 461 4384 aot
472 4334 591 4383 semen
605 4317 722 4397 sactus
742 4323 791 4381 est
810 4333 942 4382 serens.

103 4414 163 4477 116
191 4411 288 4478 Novo
316 4410 578 4487 Testanrento‚s
599 4405 676 4470 XlV
694 4403 749 4471 his
772 4402 891 4480 datur,
914 4423 949 4493 6.
975 4405 1063 4471 1226
1087 4407 1122 4473 61
1142 4425 1175 4493 6.
1200 4407 1297 4473 1363.
1323 4407 1446 4473 Unum
1469 4421 1680 4491 expungere
1700 4420 1768 4470 cu-

100 4518 239 4565 vrmus.
1092 4541 1096 4547 -

56 4518 184 4656 mAlia
204 4604 366 4654 versuum
385 4590 605 4673 argumenta,
621 4577 710 4666 §Vll
726 4579 927 4669 adjecimus
946 4580 1051 4649 binos
1070 4581 1270 4651 versiculos
1285 4582 1455 4665 ineditos,
1471 4602 1515 4651 ex
1531 4580 1609 4651 666.
1631 4583 1765 4659 Toron,

53 4689 97 4744 60
120 4681 199 4745 115.

104 4769 162 4833 180
176 4765 447 4853 [ascriptionem
467 4757 750 4830 Christianarum
767 4759 919 4826 tihellus.
946 4758 1104 4828 Libellus
1127 4759 1187 4829 ille
1203 4760 1357 4829 omnino
1378 4782 1495 4828 novus
1520 4758 1766 4847 ineditusque.

55 4855 176 4921 Nemo
202 4874 324 4922 rerum
351 4848 702 4935 archaeologioarum
728 4847 864 4936 peritus
880 4848 999 4916 nescit
1018 4848 1114 4917 aedcs
1143 4871 1267 4918 sacras
1288 4850 1376 4918 olim
1399 4850 1559 4938 undique
1585 4848 1764 4935 66616166,

52 4963 260 5033 omnesque
305 4941 482 5030 roecipuos
509 4938 592 5006 fidei
614 4937 830 5006 Christiane
852 4937 1026 5006 articulos
1048 4939 1123 5006 sive
1148 4939 1284 5008 codicis
1300 4939 1395 5008 sacri
1422 4939 1614 5007 historicos
1646 4939 1764 5017 actus,

50 5053 203 5102 necnon
225 5036 260 5100 at
277 4963 484 5110 lentorum,
512 5048 612 5096 nunc
637 5026 677 5093 in
703 5026 803 5095 coelis
827 5026 1152 5116 triumphantium,
1179 5028 1217 5095 in
1240 5029 1439 5119 parietibus
1464 5028 1575 5096 luisse
1600 5027 1717 5095 torma
1731 5029 1767 5093 61

49 5122 242 5193 coloribus
266 5119 480 5208 descriptos.
508 5121 547 5184 ln
569 5114 685 5184 Gallia
712 5117 985 5206 x1⁰praesertim
1015 5117 1149 5186 saeculo
1176 5117 1333 5188 invaluit
1362 5140 1441 5187 mos
1469 5116 1644 5186 ecclesias
1665 5115 1765 5184 intus

50 5213 287 5301 depictarum
304 5209 515 5295 imaginum
531 5203 735 5274 adornandi
754 5205 856 5273 cultu
872 5207 977 5295 quasi
996 5206 1107 5296 regio.

96 5304 162 5373 Sic
178 5322 217 5370 se
235 5298 347 5369 hahet
368 5296 589 5366 Prudentius
603 5292 795 5383 Peristeph.
817 5292 920 5385 hym.
936 5315 999 5378 66,
1021 5317 1114 5365 vers.
1132 5301 1175 5366 17
1191 5300 1227 5366 61
1245 5298 1309 5367 48:

340 5510 437 5591 Regia
451 5522 567 5590 pompa
583 5505 644 5570 loci
658 5511 705 5569 661
717 5525 725 5581 ;
737 5505 882 5588 66166666
897 5507 1000 5571 66666
1021 5509 1078 5573 666
1094 5510 1230 5575 sacravit
1244 5528 1343 5588 66666,

399 5605 548 5688 lusitque
563 5603 686 5684 magnis
702 5604 876 5668 ambituum
891 5605 1031 5670 talentis.
