3802 6030
634 233 737 327 ⁸Vl'l'd
758 239 973 305 nouorum
995 240 1178 307 uuinton.

402 543 701 642 HISTORIA
738 543 1081 644 THEOPHILl
1115 548 1403 668 METRICA,

730 756 860 803 bueron}
879 758 918 803 UT
936 759 1079 803 cntottun

135 917 582 1032 Mfflsssslifl
647 917 1101 1047 El'lSCffl'ss
1171 922 1669 1037 tentionibus!

382 1287 676 1387 MONITUM
710 1289 776 1386 IN
810 1288 1003 1387 VITAM
1039 1286 1428 1425 SEQUENTEM.

93 1674 133 1735 ot
147 1674 218 1731 bauo
234 1673 323 1729 Vitam
337 1670 503 1729 nibil-atiud
517 1670 695 1743 prafundum
710 1686 768 1731 erto
780 1669 920 1737 desinon
940 1686 1024 1740 quom
1043 1673 1071 1726 in
1085 1687 1122 1728 en
1135 1686 1188 1741 cuo
1202 1673 1287 1732 noent
1301 1673 1364 1726 arui
1377 1671 1427 1727 boo
1440 1686 1540 1739 poema
1561 1687 1641 1742 porra
1653 1670 1761 1730 censeri

54 1749 212 1820 genuinum
225 1743 351 1805 tiarlotli
368 1756 466 1816 toturn.
483 1744 536 1799 linc
548 1748 641 1798 auum
653 1747 821 1801 conruerunt
834 1747 860 1798 el
871 1742 1058 1815 probauerunt
1072 1745 1259 1800 cruduinirni
1271 1753 1296 1797 ct
1309 1742 1486 1812 sonorissimi
1500 1748 1600 1798 Patres
1611 1744 1761 1801 ttrrllandus

53 1825 81 1878 ot
94 1819 279 1878 censerentur
294 1819 323 1872 in
339 1819 448 1887 precato
465 1812 665 1871 Commentario
680 1814 717 1871 aa
734 1813 806 1871 itanc
821 1815 931 1881 Vitam,
941 1830 1024 1881 prosc
1037 1813 1139 1871 editam
1158 1815 1192 1871 ab
1209 1814 1390 1887 Eutychiana,
1410 1830 1469 1887 quae
1482 1815 1556 1886 opud
1569 1817 1641 1880 inens
1654 1830 1758 1885 praece·

54 1891 99 1948 nt
116 1893 214 1947 Vitam
228 1891 314 1945 metro
328 1904 345 1943 a
361 1887 486 1943 tlcrbodo
505 1887 627 1952 ertitam,
644 1901 773 1957 priorum,
790 1891 855 1942 tom.
869 1885 889 1952 l,
904 1886 969 1941 adt
985 1885 1138 1952 Februarii,
1160 1886 1218 1942 lter
1232 1890 1296 1941 sunt
1320 1886 1401 1942 ocrln
1420 1902 1426 1940 :
1444 1887 1489 1942 Est
1506 1886 1583 1941 nobie
1597 1886 1683 1942 codex
1705 1902 1759 1944 ms.

56 1965 87 2019 in
98 1977 151 2035 auo
166 1963 242 2017 uario
256 1961 382 2015 carmine
396 1957 505 2014 beroim
519 1958 579 2016 broc
592 1961 780 2020 continemur,
795 1969 821 2014 er
834 1960 944 2029 quidem
960 1958 1010 2013 boc
1028 1959 1155 2014 orrltne:
1172 1958 1274 2014 Peseio
1288 1962 1316 2012 8.
1334 1956 1481 2013 Laurentii
1498 1975 1505 2025 ;
1522 1959 1585 2012 Vite
1602 1957 1631 2014 S.
1644 1958 1759 2027 nterim
1866 1956 1878 2033 Ἰ

55 2034 230 2092 Ponitentie
245 2030 418 2088 vicedomini
437 2046 489 2101 per
505 2029 679 2086 Genitricent
691 2027 742 2085 Dei
761 2028 1441 2095 niirenilitcreslveti;Posei085.'lheboeor11m
1455 2036 1635 2102 nortorum:
1653 2035 1760 2086 Pneme
1853 2054 1860 2061 ·

57 2109 94 2162 de
109 2106 250 2163 Geminis.
266 2103 473 2171 teoerptumts
487 2102 598 2168 scriptis
615 2099 719 2163 Solini,
731 2108 786 2159 eto.
803 2101 903 2157 lintius
919 2107 1017 2157 aurtor
1030 2110 1189 2172 apponitur,
1204 2118 1283 2172 aurrn
1295 2105 1446 2171 opinemur
1460 2101 1645 2164 Merbndum,
1661 2117 1698 2156 cn
1708 2117 1759 2158 cr·

57 2177 224 2235 ebidiarnnn
242 2174 430 2243 tndepnoenri
443 2175 606 2241 episcopum
621 2173 819 2232 llrdonennm.
830 2189 901 2228 renn.
919 2173 987 2229 tono
1002 2174 1032 2228 in
1051 2172 1167 2230 roncrlro
1186 2176 1349 2240 turonensi,
1363 2180 1422 2229 tum
1437 2189 1528 2229 mente
1544 2173 1644 2229 llnrtio
1656 2176 1760 2230 atur·

56 2249 127 2306 tione
150 2245 373 2320 Quadrnprrimrc
389 2246 584 2318 beldnrnndnrr.
596 2245 701 2309 bobilo,
717 2245 752 2301 ai
767 2245 896 2303 llurbano
904 2245 931 2302 ll
944 2256 1018 2314 pont.
1037 2245 1109 2300 llorn
1126 2251 1228 2302 creato.

100 2324 191 2387 tlur‘ur
210 2335 293 2390 porro
307 2319 429 2374 bretorroe
444 2328 540 2392 (purim
557 2314 687 2372 nonrmlli
700 2320 793 2372 rrrtr'ri
807 2315 958 2383 nrlrulrenrn
972 2316 1080 2387 (pinni
1098 2320 1172 2383 runt)
1190 2316 1330 2372 ueritatem
1346 2322 1385 2372 tat
1408 2314 1567 2385 insipnilus
1585 2316 1761 2373 monimentis

55 2392 141 2450 iidem
157 2392 341 2448 ttnttnnor'nnr·
351 2391 453 2446 ibidem
459 2389 657 2462 protriverunt
671 2389 705 2444 rto
714 2389 765 2444 illa
772 2387 901 2443 debitore
911 2392 1005 2445 minue
1030 2402 1132 2457 nouere,
1150 2391 1191 2445 ort
1208 2400 1291 2444 etiarn
1302 2389 1396 2443 rninnr
1410 2391 1498 2457 pium,
1513 2399 1539 2444 et
1549 2392 1642 2443 rnr'nus
1652 2404 1760 2444 summo

57 2470 88 2523 tt.
105 2465 202 2523 ttrariae
217 2465 264 2518 liet
279 2462 427 2531 penrtrtcie
442 2478 508 2532 erpa
533 2461 639 2518 Filium
662 2476 712 2531 pro
740 2462 925 2531 narratoribus
946 2460 1108 2521 auctoritate
1134 2461 1254 2531 dignum
1285 2461 1514 2516 rot-trrirnnnrrirn.
1538 2462 1590 2516 tlte
1604 2465 1695 2515 truteno
1716 2460 1762 2516 liic

56 2535 266 2595 transcribenda
281 2550 336 2591 non
349 2534 495 2597 uincimus,
511 2540 647 2589 nanctum
662 2548 755 2604 erpere,
776 2535 804 2587 et
823 2532 948 2588 uolumen
973 2541 1097 2587 nostrum
1125 2534 1227 2588 atronis
1252 2531 1490 2587 obseruationibus
1514 2532 1615 2604 inploro
1643 2533 1761 2589 colubro

56 2609 209 2666 uideamur.
220 2608 261 2663 Ec
276 2606 335 2662 iltis
348 2607 437 2661 elilim
452 2606 536 2660 lector
549 2603 687 2659 studiosus
701 2602 844 2661 «addiscere
856 2607 960 2673 poterat
983 2619 1111 2677 cumeum
1126 2605 1193 2659 olim
1209 2607 1240 2660 in
1260 2604 1381 2659 b'rclesin
1405 2604 1491 2675 tuerit
1510 2604 1760 2661 vicedominorum

54 2680 226 2753 (puniuerat
241 2675 429 2751 Theophilus),
440 2693 492 2735 seu
509 2674 725 2751 OEconomorurn
739 2675 871 2747 dipnitrtr,
887 2681 916 2751 et
930 2679 1035 2749 quauta
1049 2677 1079 2732 in
1094 2678 1176 2733 retae
1190 2676 1321 2743 Ecclesia,
1331 2674 1529 2744 repensantis
1544 2678 1711 2733 auctoritas.

319 3006 434 3067 otton
460 3004 616 3064 nstituit.
894 3007 923 3076 Α
940 3006 998 3065 Sed
1012 3007 1069 3064 sibl
1084 3007 1219 3064 subicere
1235 3008 1309 3064 bene
1324 3007 1433 3064 creditu
1443 3009 1514 3079 juro
1527 3011 1647 3064 moero:

122 3099 261 3176 ibcopbili
277 3101 339 3157 lito
348 3099 394 3170 pic
408 3101 491 3169 ooepta
505 3114 516 3162 ,-
530 3096 624 3166 tapsus
637 3094 669 3152 in
682 3094 797 3165 saure,
935 3096 997 3153 Non
1014 3097 1217 3153 uttootnndum
1235 3113 1293 3169 quo
1308 3101 1469 3153 somnient
1483 3096 1696 3169 superandum.

192 3188 304 3248 cbristo
318 3193 345 3244 ct
361 3190 460 3244 cancta
476 3184 573 3242 tlcric
591 3184 740 3258 adjuratis.
935 3184 1011 3257 Ergo
1026 3185 1212 3241 renitentem.
1228 3202 1285 3242 noo
1302 3186 1417 3242 Petrum
1430 3185 1516 3257 jussu
1526 3190 1709 3256 sequentem,

89 3281 213 3348 Quidem
227 3293 402 3353 msgoorum
415 3275 607 3331 vicedomnus
622 3279 685 3331 eret
696 3274 879 3343 meritorum,
935 3273 1019 3331 Hunc
1034 3273 1221 3345 dimiserunt,
1236 3274 1328 3331 etium
1343 3274 1390 3330 coi
1406 3275 1634 3344 substituerunt,

53 3369 232 3445 Theophilus
243 3384 349 3426 nomen
360 3364 845 3440 ;tonuitquoquooominisomon.
935 3362 1044 3421 Ordine
1058 3362 1109 3436 qui
1128 3363 1258 3432 iunctus,
1284 3365 1341 3420 ritu
1359 3380 1477 3437 quoque
1493 3362 1626 3435 presulis
1641 3367 1759 3434 unctus,

55 3462 167 3534 Quippe
182 3458 294 3516 melum
310 3456 396 3522 curit,
411 3455 521 3512 cultum
541 3453 662 3511 licitatio
680 3453 808 3522 emovit3
936 3452 1008 3510 Cum
1025 3452 1218 3523 dispensaret,
1234 3470 1280 3510 res
1296 3453 1488 3526 Ecoleeieque
1503 3458 1617 3509 ootnrot

54 3550 143 3609 Totus
156 3549 187 3604 io
202 3546 338 3604 Ecclesiae
351 3545 461 3612 crusis,
476 3548 555 3600 totus
571 3542 701 3609 tueortre,
936 3542 1052 3600 invidie
1070 3543 1156 3612 testu,
1174 3542 1354 3614 facienteque
1373 3543 1516 3599 drinonis
1531 3546 1608 3609 estu,

55 3640 148 3698 'l'olus
162 3637 192 3693 in
208 3635 312 3695 sctiris
326 3636 445 3703 studiis,
461 3648 520 3708 quo
535 3650 587 3705 pro
603 3632 687 3689 l‘etre
702 3632 799 3707 quiris
935 3633 1043 3691 Pressul
1059 3632 1202 3705 pulsatur,
1218 3650 1234 3689 o
1250 3634 1351 3691 multis
1367 3650 1429 3690 euro
1444 3633 1578 3690 vitemur

55 3729 170 3799 Pauper
183 3725 339 3800 gaudebit,
356 3740 407 3797 per
420 3739 488 3779 eum
506 3737 559 3780 noc
574 3738 685 3794 egonus
696 3722 808 3796 egebit.
937 3722 1110 3796 Pertequod
1127 3725 1258 3780 exomni
1274 3729 1424 3796 prestaret
1441 3723 1727 3794 bonornicedomol,
1831 3794 1874 3803 ,-

56 3815 236 3880 Pontificem,
251 3814 373 3881 clerum,
387 3812 497 3886 plebes,
512 3811 559 3868 hic
576 3810 693 3885 publice
712 3829 810 3870 rorum
936 3811 971 3869 Et
985 3812 1074 3869 nimis
1089 3813 1184 3869 elutus
1199 3814 1331 3885 ejusdem
1345 3814 1384 3871 sit
1398 3812 1579 3884 dominatus,

53 3912 127 3981 Spes
142 3905 337 3972 submonebat,
352 3908 381 3960 et
395 3904 432 3959 od
458 3901 559 3959 omnio
582 3906 684 3958 soncte
709 3904 833 3959 recubet
847 3903 880 3981 [t.
936 3902 999 3968 Quo
1014 3901 1070 3957 olei
1085 3904 1222 3974 privetur,
1238 3908 1295 3959 etto
1310 3902 1435 3976 quilibet
1448 3902 1622 3975 experietur,

703 3989 846 4065 [nocebat.
936 3991 1057 4047 culmen
1075 3997 1106 4046 ut
1122 3991 1190 4047 inde
1206 3990 1282 4049 mulo
1296 3991 1416 4049 vilescat
1431 3990 1608 4063 pontificale.

54 4084 189 4143 Mortuus
203 4080 272 4137 bino
285 4079 374 4137 detur
388 4077 672 4152 prssul,coonentue
685 4076 817 4136 hebetur·
937 4079 988 4137 Hie
1004 4080 1108 4151 presul
1125 4081 1244 4150 tructus,
1262 4080 1422 4145 vicedomni
1440 4080 1560 4136 discutit
1575 4085 1672 4147 ectus,

55 4175 110 4234 Pro
124 4186 303 4238 successore,
320 4169 359 4227 sit
373 4186 407 4227 eo
420 4168 472 4244 qui
487 4168 596 4241 dignus
619 4166 740 4226 bonore.
936 4168 1014 4235 Quos
1027 4170 1111 4242 qussi
1126 4171 1253 4235 deuouit,
1270 4169 1350 4226 huno
1365 4169 1521 4244 cilicioque
1537 4170 1679 4241 removit,

54 4263 239 4339 complicuit
250 4265 378 4328 secerni
393 4258 599 4317 meruitvired
617 4258 671 4315 hoo
685 4260 883 4330 memoretoeg
937 4260 988 4316 cui
1005 4275 1204 4317 sirecossorem
1221 4260 1363 4332 promovit
1378 4258 1563 4315 deteriorem.

55 4357 108 4416 llio
122 4352 214 4413 votuit
229 4352 306 4426 quod
324 4367 400 4409 onus
415 4348 521 4406 metuit
533 4364 620 4422 grove
636 4348 836 4421 pontillootuo·
897 4377 922 4446 B
937 4349 1090 4423 Theophili
1107 4356 1177 4406 tunc
1193 4365 1238 4406 ree
1254 4348 1337 4404 nihili
1354 4349 1435 4404 tecte
1450 4352 1621 4414 tenuentur,

57 4445 262 4519 impetitur,
279 4457 332 4498 neo
348 4442 375 4497 is
390 4439 574 4512 obsequitur,
592 4437 789 4496 communiter
803 4443 881 4498 itur:
938 4437 1079 4496 Dissimili
1095 4439 1167 4506 vice,
1182 4454 1235 4494 nec
1247 4437 1359 4502 stabili,
1375 4437 1444 4510 quis
1459 4442 1563 4493 cuoctn
1579 4440 1723 4495 rotantur.

55 4536 192 4610 Eligitur,
205 4533 276 4608 quie
290 4531 433 4601 dlligltur,
450 4530 575 4586 moritus
589 4528 659 4602 quis
673 4530 774 4587 scitur.
937 4534 1011 4585 Dum
1028 4543 1081 4584 suu
1094 4528 1189 4600 copie,
1204 4527 1357 4600 priscoque
1371 4527 1465 4600 gretie
1480 4527 1677 4598 retiltosntur3

56 4626 215 4686 consilium
229 4637 335 4679 sunum
346 4621 425 4677 vonit
437 4618 475 4676 od
487 4619 756 4691 metropolitanum,
935 4618 984 4676 Sic
997 4617 1158 4691 opulentis,
1173 4617 1274 4691 sicque
1290 4617 1419 4690 potentie
1434 4633 1465 4673 se
1479 4617 1667 4674 comitentur.

56 4717 109 4784 oni
122 4715 211 4787 jubet
226 4716 258 4767 ut
274 4709 380 4779 veniet,
396 4724 455 4781 quo
469 4708 654 4765 confirmatio
676 4708 737 4764 ont.
935 4708 1082 4766 Dolloiunt
1097 4708 1145 4764 ubi
1160 4725 1218 4772 res,
1236 4712 1420 4764 marcescunt
1434 4707 1512 4763 illico
1536 4708 1633 4778 virosi

54 4805 185 4878 cogitur,
200 4804 320 4859 excuset
333 4798 537 4864 vicedomnus,
551 4801 581 4854 et
594 4798 635 4853 ire
649 4802 787 4856 recuset:
936 4798 990 4856 Det
1004 4798 1129 4855 temulce
1146 4798 1248 4861 lutum,
1263 4798 1455 4872 sequiturque
1470 4798 1551 4854 lusor
1561 4798 1756 4856 dominatum.

54 4895 114 4954 Noc
127 4889 302 4964 veluit,quie
313 4887 397 4961 plebs
409 4885 602 4958 votuit,quem
615 4887 738 4943 sustulit
747 4886 880 4961 otmum3
936 4889 994 4945 Iste
1009 4887 1178 4944 recordatus
1192 4887 1382 4945 vicedomnus
1399 4891 1645 4958 pmmomoretus,

56 4984 94 5042 Ut
106 4981 216 5049 decuit,
230 4981 271 5036 l'er
284 4997 292 5047 ς
306 4992 359 5035 oco
371 4975 464 5033 tacuit
474 4991 593 5047 quoque
612 4975 710 5032 dicore
722 4977 880 5042 nselmum.
937 4977 1085 5050 Ingemuit
1099 4977 1200 5046 miser,
1215 4981 1244 5034 ct
1256 4976 1352 5034 doluit
1366 4991 1397 5033 so
1412 4976 1611 5048 despoliatum
1625 4997 1633 5045 ς

55 5075 139 5132 Tune
153 5087 170 5126 e
185 5067 323 5139 pontifice
337 5081 456 5122 summo
472 5066 617 5137 cogitetur
633 5063 739 5130 emico,
937 5066 1072 5124 Pmoituit
1086 5067 1184 5135 modo,
1200 5066 1365 5140 postposuit
1379 5067 1449 5138 quio
1464 5066 1677 5137 pontilicntum.

55 5162 93 5222 Ut
106 5161 206 5221 flectet
220 5164 361 5218 mentem,
377 5153 476 5211 loudet
490 5152 584 5225 megin
594 5151 845 5227 Omnipoteutcm,
935 5156 1102 5229 Displiouit,
1118 5156 1200 5228 prius
1216 5162 1248 5212 ut
1258 5156 1348 5226 viguit
1364 5172 1416 5230 per
1431 5173 1570 5228 prospere
1585 5156 1674 5214 tultus
1689 5172 1698 5227 ς

55 5248 216 5308 Consilium
234 5247 338 5311 mutet,
355 5259 408 5300 neo
424 5241 595 5317 pontificum
610 5243 726 5302 retulet.
935 5248 1020 5305 Nunc
1033 5246 1292 5319 eguitpopulequo
1303 5247 1356 5302 luit
1372 5246 1476 5318 probro
1492 5248 1576 5322 qussi
1593 5247 1711 5305 stultns.

56 5340 159 5400 clerus
172 5341 203 5394 et
216 5332 350 5401 occessit,
367 5333 531 5405 eodemque
543 5332 689 5390 monendo
704 5332 846 5395 lucessit:
936 5336 1040 5396 1³00
1055 5335 1103 5392 Sic
1117 5336 1288 5407 stupuit,eic
1303 5336 1492 5409 desipuitpro
1508 5343 1587 5393 sorte
1601 5336 1758 5410 melorum,

57 5432 143 5492 Piobs
157 5427 259 5487 eedem
273 5422 355 5493 dloit,
370 5438 424 5481 ooo
438 5437 504 5480 outn
522 5423 760 5482 renuntiavisti.
936 5425 987 5483 Cui
1003 5425 1115 5493 nocuit,
1131 5424 1177 5480 cui
1193 5424 1340 5496 subripuit
1355 5424 1434 5482 treus
1446 5425 1669 5482 demoniorum.

58 5525 111 5584 Ast
121 5508 310 5596 importunus
324 5512 468 5571 obnititur
481 5514 620 5573 omnibus
636 5530 724 5581 unos,
936 5513 1020 5572 Nouo
1030 5511 1292 5588 otiqulssiquidem
1302 5513 1346 5571 vir
1356 5513 1477 5588 pestifer
1486 5519 1517 5571 ot
1530 5529 1635 5588 mogus
1645 5514 1735 5585 ldom,

58 5598 750 5683 mutuatannplun'euotnmr·
870 5616 873 5623 '
936 5593 1187 5680 domigenis,
1202 5601 1379 5664 submoue
1393 5604 1499 5678 plouue
1514 5606 1628 5679 egestu
