3802 6030
59 252 141 314 litut

748 247 930 314 cucuma
951 248 1084 312 vaula.

1687 226 1767 319 reae

57 388 129 444 Cum
147 400 275 441 remeare
290 387 384 458 parat,
400 386 557 457 postquam
579 384 718 441 mandata
741 388 882 457 patrarat,
898 388 925 457 Α
940 385 1002 442 Mos
1017 389 1063 442 eat
1078 385 1199 458 abjectis
1214 403 1350 443 curarum
1366 388 1513 458 sordibus,
1529 395 1558 447 et
1572 407 1635 463 qum

56 479 99 535 Ad
116 476 209 533 Patris
224 475 323 532 aterni
339 473 435 531 solum
460 472 493 546 [t.
510 472 639 547 soliuml,
665 477 804 548 regnique
829 491 882 532 su·
937 474 1112 531 Excruelant
1127 474 1284 544 hominem,
1301 478 1435 534 secedere
1451 479 1528 535 ruris
1543 496 1676 551 amoena3

742 562 848 637 [perui.
937 563 1034 621 Herba
1048 565 1158 632 virens,
1175 571 1204 621 et
1218 565 1290 623 silva
1305 566 1407 638 silens,
1423 573 1453 623 et
1469 567 1591 640 spiritus
1618 585 1696 626 aura

56 657 139 714 'l'unc
155 654 298 711 adhibens
312 659 448 710 tunctres
461 652 604 723 binosque
615 651 703 708 simul
714 653 769 709 sibi
784 658 885 721 testea,

57 748 112 800 Per
127 761 201 817 quoa
216 742 337 799 diffundi
351 746 472 814 possent
487 741 547 796 hac
563 756 615 813 per
627 738 812 796 locamundi.

59 834 124 890 Exit
139 835 175 890 ab
191 833 263 889 urhe
279 834 355 889 loras
369 830 456 889 vicini
474 832 583 888 montis
597 831 632 886 ad
647 846 723 898 oras,

58 922 165 980 Montis
179 921 280 980 Oliveti
295 923 409 979 inerant
424 937 511 995 quem
528 921 668 978 scandere
682 919 768 977 sueti.

60 1013 122 1078 Quo
138 1011 227 1068 simul
244 1011 386 1080 ascendit,
404 1010 516 1081 palmas
530 1011 566 1066 ad
582 1010 679 1067 sidera
693 1009 795 1077 tendit,

58 1106 132 1160 Cum
149 1102 258 1177 quibus
273 1107 302 1160 et
316 1102 396 1172 vixit,
412 1102 566 1158 discedens
581 1101 628 1158 hia
643 1099 809 1172 benedixit3

57 1190 158 1263 Deque
172 1195 249 1248 statu
265 1192 347 1265 regni
363 1207 501 1247 mansuro
511 1192 580 1263 jure
595 1188 726 1263 perenni,

56 1282 109 1337 Vel
124 1282 161 1337 de
176 1280 321 1353 promisso
337 1280 386 1352 qui
401 1282 437 1337 de
449 1284 533 1337 Patre
549 1280 646 1353 prodit
658 1284 686 1336 et
701 1278 766 1352 ipso

55 1369 148 1427 Multa
163 1370 245 1443 prius
261 1370 340 1426 latus
355 1375 400 1426 est
414 1387 431 1426 a
446 1368 552 1427 tellure
567 1368 690 1439 levatus,

54 1459 90 1516 m
105 1476 172 1517 curn
188 1475 257 1516 voca
274 1459 353 1515 tubae
365 1458 481 1516 uehitur
493 1476 545 1530 per
559 1457 660 1515 nubila
673 1458 761 1527 nube,

55 1552 171 1605 Pennas
186 1551 342 1604 ventorum
358 1549 435 1604 Deus
450 1547 651 1621 exsuperando
666 1548 797 1616 deorum,

55 1635 149 1693 Miltia
164 1643 334 1694 sanctorum
349 1637 478 1693 relerens
489 1637 606 1710 captiva
619 1637 750 1710 priorum

54 1727 97 1784 De
112 1728 203 1796 portis
221 1727 323 1784 mortis
338 1744 412 1799 quos
427 1727 535 1800 eripuit
550 1727 595 1784 leo
609 1727 704 1786 tortis.

55 1815 148 1873 Obvia
162 1833 347 1873 summorum
363 1817 442 1873 canit
456 1815 610 1873 harmonia
625 1816 770 1888 polorum,

56 1905 242 1980 angelicique
257 1906 338 1964 chori
353 1908 474 1964 reboant
489 1923 547 1964 non
561 1905 647 1964 laude
664 1904 781 1976 minori,

55 1995 141 2053 Clara
157 1995 350 2068 triumphanti
366 1996 550 2069 congaudent
565 1999 644 2053 astra
659 1995 793 2052 Tonanti.

56 2085 188 2160 Suscipit
202 2085 345 2142 aetheraas
360 2084 454 2142 eculin
469 2100 502 2142 aa
519 2089 615 2141 mente
630 2083 759 2141 choreas

55 2177 130 2234 Grex
147 2178 330 2234 undenorum
345 2177 525 2249 stupefactus
542 2175 763 2250 discipulorum,

55 2266 130 2323 Cum
146 2267 244 2323 subito
260 2272 355 2323 vestes
370 2266 447 2323 nivei
463 2265 597 2323 candoris
612 2265 756 2323 hahentes

55 2357 182 2413 Adstant
194 2356 294 2427 vicini,
311 2354 408 2412 divino
425 2372 557 2423 munere,
575 2355 636 2412 bini

56 2446 140 2504 hlissi
156 2448 191 2504 de
206 2446 287 2504 coelis
301 2446 443 2520 auditque
459 2452 574 2504 caterva
589 2446 704 2504 lldelis:

56 2540 132 2606 Ouid
148 2536 284 2610 stupidi?
299 2535 403 2593 Oculos
418 2536 489 2610 quid
507 2537 542 2593 ad
557 2540 637 2593 astra
651 2533 779 2593 levatis?

56 2628 149 2685 Filius
163 2643 229 2685 ecce
246 2626 293 2684 Dei
311 2626 383 2699 pctlt
398 2625 551 2698 astra‚viri
566 2624 688 2695 Galilai,

56 2723 90 2775 ln
107 2717 248 2775 memhris
264 2716 340 2785 istis,
354 2732 418 2788 qua
434 2715 497 2772 visu
513 2732 602 2771 manu
619 2715 759 2787 tetigistis

55 2809 129 2866 Cum
144 2806 209 2864 coeli
226 2806 330 2862 castris
340 2805 433 2877 judex
448 2809 587 2861 venturus
603 2805 639 2860 ab
654 2803 742 2860 astris

55 2902 121 2955 Aac
136 2897 187 2954 lati
203 2913 321 2954 rursum
336 2898 459 2952 tendunt
475 2896 511 2951 ad
531 2895 626 2952 sidera
642 2909 776 2952 cursum.

55 2990 206 3046 Barantea
222 2992 304 3044 terra
318 2985 442 3058 cupiunt
456 3001 506 3043 cor
520 2985 555 3041 ad
570 2983 678 3040 athera
688 2984 780 3054 l'erre;

940 655 1027 711 Lenia
1042 663 1069 712 et
1085 655 1218 722 festivus,
1234 667 1261 712 et
1275 657 1339 713 lons
1355 659 1384 714 in
1400 658 1533 729 gramine
1549 658 1630 714 vivus

938 744 1087 799 Delessanr
1103 754 1228 800 mentam
1247 754 1390 815 recreant,
1406 750 1434 802 et
1450 762 1496 802 me
1509 747 1581 802 mibi
1592 746 1731 818 reddunt,

939 831 974 887 lut
989 831 1100 887 iaciunt
1115 832 1145 888 ln
1161 849 1207 889 me
1222 834 1401 891 consistere:
1418 851 1486 892 nam
1503 836 1571 908 qnis
1586 836 1616 892 in
1643 837 1715 892 urhe

938 917 1080 988 Sollicite,
1096 925 1124 976 et
1138 922 1227 978 uariis
1242 923 1370 979 lervente
1385 922 1561 981 tumultibus
1576 928 1681 994 exalat,

938 1008 994 1072 Qui
1014 1024 1070 1065 nou
1088 1021 1168 1067 extra
1183 1027 1214 1068 se
1228 1012 1371 1085 rapiatur,
1387 1018 1416 1070 et
1429 1030 1531 1087 expers

938 1100 1004 1169 lpse
1019 1098 1065 1154 sui
1081 1100 1165 1155 sanis
1180 1101 1351 1172 impendant
1366 1106 1498 1174 tempora
1514 1103 1625 1160 rebus?

941 1187 1012 1246 ilino
1022 1203 1116 1258 amor,
1127 1189 1195 1246 inde
1206 1190 1317 1258 odium,
1326 1191 1416 1248 timor
1426 1191 1493 1248 hinc
1506 1192 1621 1265 premit,
1634 1192 1702 1249 inde
1714 1198 1783 1250 cu-'

940 1366 1020 1424 later
1031 1384 1063 1425 se
1078 1367 1193 1426 diversa
1209 1370 1339 1441 quidem,
1352 1370 1402 1428 sed
1417 1368 1478 1442 lege
1494 1371 1549 1427 sub
1566 1281 1729 1426 mitid&

941 1455 1060 1529 lgnaras
1074 1457 1134 1513 veri
1152 1457 1225 1515 lalso
1239 1458 1396 1516 subdentia
1413 1466 1535 1516 mentes.

940 1546 1071 1612 Quatnor
1084 1546 1144 1602 hac
1159 1546 1294 1619 sequitur
1308 1548 1443 1604 citiorum
1455 1549 1599 1606 exereitus
1609 1549 1706 1608 omnia
1721 1567 1729 1617 ς

940 1632 993 1690 Vix
1012 1635 1085 1691 adeo
1100 1638 1146 1692 est
1160 1635 1267 1708 aliquis
1283 1638 1335 1709 qul
1345 1654 1402 1694 non
1414 1638 1562 1711 puletlsta
1572 1640 1731 1712 sequenda,

902 1721 991 1837 BVel
1007 1724 1147 1796 lugienda
1162 1729 1281 1796 putans,
1297 1726 1346 1796 qui
1362 1742 1420 1783 non
1433 1732 1530 1785 tuanen
1541 1727 1768 1800 istasequatur;

940 1813 1052 1886 Quippe
1064 1816 1239 1871 renitentem
1254 1815 1344 1871 trahit
1360 1816 1487 1888 impetus
1503 1818 1566 1890 ipse
1580 1824 1731 1875 ruentum.

940 1902 975 1957 Et
989 1903 1096 1974 premit
1111 1921 1127 1959 a
1142 1909 1223 1975 tergo
1237 1903 1315 1961 velut
1330 1904 1471 1962 indevexa
1486 1907 1641 1964 malorum.

941 1990 992 2047 [tat
1006 1991 1097 2063 igitur
1111 1995 1252 2064 primurn,
1268 1994 1363 2051 turhls
1378 1995 1497 2063 elahier,
1513 2003 1542 2052 et
1558 1997 1600 2052 sio

939 2079 1120 2153 Pracipitem
1136 2082 1234 2139 fixisse
1248 2084 1383 2154 gradum,
1400 2100 1576 2157 cursumque
1590 2090 1698 2143 tenere.

938 2169 1014 2227 'l'nm
1030 2173 1149 2230 demum
1165 2176 1292 2232 reditum
1309 2175 1425 2233 lestinet
1438 2177 1473 2233 ad
1490 2175 1549 2233 ulta
1563 2175 1672 2233 relictas

941 2261 1061 2319 Praemia
1077 2262 1204 2332 virtutis,
1220 2263 1267 2319 cui
1283 2281 1351 2320 cura
1366 2271 1413 2322 est
1425 2264 1487 2323 ulla
1501 2265 1623 2333 salutis;

940 2352 998 2409 Sed
1012 2368 1099 2424 graue
1114 2353 1187 2409 lorte
1201 2359 1295 2426 putat,
1306 2355 1443 2425 qnoniam
1457 2360 1603 2428 praerupta
1613 2360 1733 2413 secutus

941 2445 1039 2499 ardna
1053 2444 1149 2501 moliri
1166 2460 1283 2500 rursum
1299 2445 1401 2517 nequit
1416 2445 1525 2517 absque
1540 2444 1661 2505 labore:

940 2537 1011 2594 lissa
1025 2542 1106 2611 putet
1121 2537 1240 2612 gravius
1255 2538 1284 2594 in
1301 2537 1534 2611 prumptissima
1551 2539 1643 2612 margi

941 2625 1021 2683 Unde
1038 2627 1146 2684 referre
1160 2628 1275 2700 pedem,
1291 2627 1334 2684 vel
1351 2628 1391 2684 ihi
1408 2629 1472 2685 sine
1488 2628 1546 2685 llne
1561 2643 1691 2700 manere,

940 2716 1084 2773 Maximus
1099 2716 1154 2773 huc
1169 2714 1270 2787 labor;
1287 2716 1360 2774 illud
1372 2734 1436 2774 sora
1455 2718 1584 2790 pessima
1598 2731 1708 2773 rerum.

943 2807 1016 2879 llrgo
1029 2808 1105 2880 quod
1123 2807 1216 2863 levius
1232 2808 1313 2879 priua
1329 2808 1535 2881 aggrediemur
1549 2811 1674 2879 oportet,

942 2897 972 2953 Si
987 2896 1048 2954 leve
1064 2897 1104 2953 nil
1121 2902 1222 2965 restat,
1239 2898 1317 2970 quod
1334 2901 1426 2953 restat
1439 2897 1467 2952 id
1480 2896 1698 2970 aggrediamur.

941 2985 972 3041 Si
989 2984 1085 3042 malus
1101 3001 1143 3054 es,
1159 2985 1218 3042 noli
1235 2985 1326 3058 pejor,
1344 2985 1386 3041 vel
1405 2985 1554 3058 pessimus
1569 3001 1655 3053 csse3

55 3078 155 3137 1671
173 3077 219 3134 Sic
236 3073 336 3133 docuit
349 3079 469 3132 cunctos
494 3074 620 3131 terrente
648 3072 704 3129 lide
730 3072 786 3130 sibi
807 3073 884 3145 jun·
943 3074 1023 3138 Quod
1040 3075 1065 3130 sl
1085 3073 1126 3129 sie
1142 3072 1230 3129 etiam
1251 3072 1436 3143 deterrimus,
1453 3073 1489 3129 ad
1505 3072 1658 3129 meliorem

776 3162 851 3234 [ctos
902 3142 924 3210 G
944 3160 1088 3218 Paulatim
1106 3175 1156 3217 cur
1171 3175 1239 3232 repe
1254 3160 1285 3231 [s.
1302 3176 1352 3216 cor
1367 3161 1448 3233 rape]
1464 3166 1574 3217 statum
1588 3179 1595 3218 :
1607 3176 1674 3218 narn
1686 3160 1779 3217 maxi·

54 3258 189 3317 Christus
204 3256 379 3330 discipulos,
394 3253 474 3310 velut
489 3253 550 3310 ales
565 3252 642 3324 regia
658 3250 755 3325 pullos

55 3350 146 3406 'l'erra
159 3347 310 3405 sublatum
325 3343 405 3401 coelis
423 3343 529 3400 inferre
547 3340 687 3407 volatum,

57 3439 94 3495 Ut
108 3442 211 3494 coeant
225 3435 332 3507 aquilae
347 3451 404 3507 quo
420 3450 528 3506 corpus
544 3431 666 3488 hahetur
681 3428 783 3487 herile.

55 3528 110 3584 Sed
128 3526 195 3599 quia
211 3523 344 3583 mortalis
360 3523 475 3598 poterit,
492 3538 572 3595 rogo,
585 3520 626 3577 vel
642 3519 750 3592 quibus
766 3519 820 3579 alis

55 3618 155 3674 Ardua
171 3615 279 3684 moliri,
296 3629 472 3687 summoque
486 3611 551 3685 polo
566 3609 703 3681 stabiliri,

57 3706 164 3762 Tarrea
179 3721 244 3762 cum
261 3703 364 3768 moles,
381 3717 448 3758 cum
463 3702 557 3757 simus
569 3715 675 3756 carnea
689 3698 798 3772 proles,

58 3794 329 3867 Cumquepremens
338 3792 454 3848 dorsum
464 3792 562 3846 teneat
574 3804 627 3845 nos
635 3788 721 3863 culpa
731 3787 888 3847 deorsum?

62 3886 122 3943 Hoc
137 3887 252 3959 pondus
269 3883 362 3941 morbi
379 3883 491 3955 primus
506 3884 588 3953 pater
601 3879 702 3937 intulit
724 3881 798 3951 urbi,

62 3975 113 4032 llle
127 3979 209 4048 pater
224 3973 337 4046 primus
352 3988 420 4028 cum
435 3987 492 4042 quo
507 3970 654 4043 peccando
669 3969 811 4042 perimus.

60 4064 190 4122 Abstulit
204 4063 260 4120 hoc
276 4060 403 4134 pondua,
419 4062 543 4114 mortem
559 4056 711 4126 vincendo,
728 4059 886 4115 secundus.

60 4156 151 4220 Quem
167 4154 192 4209 si
207 4151 368 4225 diligimus,
387 4165 436 4222 per
452 4165 519 4204 eum
535 4146 569 4203 de
585 4151 675 4203 morte
692 4147 832 4204 redimus.

59 4250 163 4301 Poenas
173 4242 281 4299 interni
298 4239 407 4297 meruit
419 4252 503 4294 mens
518 4235 638 4293 subdita
653 4236 745 4307 carni,

60 4333 167 4391 Ordine
183 4347 319 4407 perverso
335 4327 458 4387 rationis
472 4325 608 4384 acumine
623 4332 722 4394 ters03

60 4424 129 4489 Quas
143 4421 352 4480 dominabatur
365 4433 486 4476 rursum
502 4432 569 4474 caro
585 4414 759 4487 subjiciatur

60 4514 185 4587 Imperio
202 4511 306 4569 mentis
321 4525 394 4584 pura
414 4507 525 4566 ratione
541 4504 674 4580 rigentis,

60 4604 208 4662 Virtutum
224 4601 328 4674 pennis
343 4602 493 4672 repetatur
506 4595 566 4651 vita
582 4593 727 4668 perennis,

62 4693 190 4750 Pondere
204 4690 313 4765 peccati
330 4686 507 4744 defluximus
522 4683 599 4741 unde
614 4682 734 4756 gravati.

59 4783 95 4839 ut
106 4783 190 4839 Pater
205 4785 233 4836 et
247 4780 340 4835 Natus
354 4784 465 4834 velares
480 4772 623 4831 abolendo
637 4776 745 4840 reatus,

58 4871 117 4928 Hac
133 4886 185 4940 ope
201 4869 330 4926 conlisus
346 4865 481 4940 proprios
497 4878 531 4919 na
547 4859 687 4918 subtrahe
703 4862 803 4917 nisus:

59 4964 131 5016 llam
147 4975 233 5031 grave
248 4958 325 5030 quod
337 4954 429 5013 santis
441 4955 537 5011 vincet
548 4948 886 5023 manusOmnipotentis.

57 5049 124 5107 iam
140 5049 303 5105 membrum
321 5044 441 5112 Christi,
458 5043 506 5114 qui
523 5038 663 5098 damonia
678 5050 744 5098 ante
758 5040 849 5112 luisti,

60 5140 103 5194 Ad
118 5142 205 5210 eaput
220 5136 316 5211 aspira
331 5144 505 5208 sumpturus
521 5129 638 5204 premia
649 5128 734 5186 mira.

60 5229 185 5287 xxv1ll.
201 5226 296 5284 Sermo
310 5227 342 5283 de
357 5227 470 5283 uitiiset
492 5220 651 5279 virtutibus.
662 5252 697 5262 -
710 5220 765 5293 (12)
789 5226 886 5278 Μετι-

300 5315 364 5372 dum
378 5330 437 5372 ease
450 5310 645 5369 solitudinem.

60 5414 120 5465 ltua
135 5408 223 5465 habet
241 5406 270 5462 in
286 5405 359 5463 silva
373 5408 496 5478 patruus
511 5416 613 5468 meus;
630 5399 687 5455 huc
713 5398 786 5456 mihi
811 5414 888 5474 sape

92 5530 150 5603 (¹2)
159 5529 251 5595 Quam
260 5528 375 5602 egregie
386 5520 774 5597 versificarenturpriaciilli
783 5532 885 5597 poeta),

58 5618 127 5662 cuns
142 5603 179 5659 ad
193 5600 364 5675 rhythmum
386 5615 442 5655 non
467 5596 747 5669 constringerentur,
776 5595 832 5655 hoc
858 5604 887 5654 et

1539 3250 1600 3324 [ma
1614 3249 1680 3306 laus
1694 3254 1740 3307 eat

942 3346 1012 3398 Rem
1028 3339 1231 3413 perdifficilem
1247 3355 1363 3396 summo
1380 3355 1519 3412 superare
1534 3339 1642 3396 labore.

943 3430 973 3487 Si
987 3434 1014 3486 le
1030 3428 1205 3495 contemnis,
1222 3433 1304 3502 potes
1321 3428 1396 3485 hanc
1410 3433 1598 3485 contemnere
1607 3426 1738 3500 laudem,

943 3522 997 3578 Sed
1015 3520 1103 3577 nimis
1118 3519 1228 3593 impius
1243 3526 1288 3578 eet
1302 3526 1330 3579 et
1345 3522 1432 3578 homo
1444 3524 1639 3594 preposterus
1652 3519 1703 3577 ille

942 3612 996 3678 Qui
1011 3628 1065 3668 aua
1081 3610 1224 3668 sollicitus
1239 3616 1333 3680 curat,
1350 3628 1381 3669 se
1397 3612 1521 3685 despicit
1535 3612 1647 3684 ipsum.

943 3701 1061 3758 Frustra
1077 3700 1184 3774 quippe
1198 3699 1289 3758 lucris
1310 3701 1418 3771 inhias,
1442 3702 1552 3758 trustra
1576 3701 1649 3758 colis
1672 3716 1775 3773 agrum

943 3790 1063 3848 Inculta
1079 3792 1184 3849 mentis
1201 3792 1307 3848 damno
1320 3793 1345 3848 si
1358 3791 1461 3849 delicis
1476 3793 1549 3865 ipse.

942 3878 1014 3936 Nam
1031 3879 1056 3936 ai
1074 3897 1130 3937 non
1147 3881 1239 3937 sentis
1253 3878 1336 3937 lucra
1350 3880 1394 3937 vel
1411 3881 1684 3955 dispendiamenlia

942 3968 1063 4025 Deditus
1081 3968 1126 4024 his
1141 3968 1213 4026 solis
1228 3985 1294 4041 qua
1308 3970 1437 4043 corporis
1453 3971 1563 4028 indicat
1576 3986 1669 4039 usus;

943 4058 1046 4117 1572
1061 4057 1133 4114 Cum
1149 4074 1237 4115 sensu
1252 4075 1351 4117 careas
1367 4061 1626 4135 desperatissimus
1649 4078 1734 4135 ager,

941 4146 1106 4205 Nonhomo
1127 4149 1202 4222 jam,
1224 4148 1277 4206 sed
1300 4149 1411 4206 humus
1437 4150 1483 4207 vel
1510 4150 1604 4208 bestia
1626 4151 1694 4224 jure
1720 4166 1772 4209 vo·

1636 4239 1734 4313 [caris.

945 4325 996 4382 llio
1011 4326 1045 4383 da
1062 4327 1200 4400 pestilera
1215 4327 1248 4383 llt
1262 4329 1475 4386 consuetudine
1490 4328 1613 4386 morbus

943 4414 1088 4488 Lethargo
1104 4415 1231 4486 sinrilla;
1248 4418 1299 4473 sed
1315 4423 1344 4474 et
1361 4417 1430 4474 hinc
1445 4419 1565 4475 evadere
1576 4417 1722 4491 quosdam
1822 4438 1826 4445 ¹

903 4514 931 4582 D
945 4500 1073 4575 Contigit
1088 4511 1225 4578 exceptos
1241 4507 1345 4563 mortis
1361 4506 1396 4564 de
1411 4508 1547 4565 lauoihus
1562 4507 1658 4579 ipsia3

943 4592 1070 4650 Suscltut
1083 4594 1137 4651 hos
1152 4592 1309 4667 aliquando
1326 4596 1445 4668 quidem
1462 4598 1579 4655 fortuna
1601 4596 1720 4655 sinistra

944 4680 1067 4738 Pulsans
1083 4686 1170 4755 atque
1187 4699 1303 4741 movens
1318 4685 1452 4742 socordia
1466 4690 1601 4760 pectora;
1626 4684 1736 4760 quippe

943 4767 1066 4827 Casibus
1081 4772 1211 4829 adversis
1226 4777 1305 4846 patet
1318 4773 1516 4833 inconstantia
1531 4791 1641 4845 rerum,

943 4861 1001 4920 Nec
1016 4864 1077 4921 llari
1094 4881 1270 4939 quemquam
1288 4866 1429 4940 fugitivus
1444 4885 1530 4941 posse
1546 4869 1664 4926 beatum

942 4950 1055 5010 ludioal
1070 4955 1132 5025 ipse
1148 4955 1231 5012 dolor
1246 4955 1295 5029 qui
1312 4956 1348 5011 de
1363 4958 1542 5030 fugientibus
1557 4964 1665 5017 exstat.
1759 4991 1760 4994 =

941 5047 1024 5100 Nunc
1036 5061 1094 5100 uno
1109 5060 1230 5117 prosper
1244 5061 1343 5101 rernm
1360 5062 1526 5115 successus,
1539 5052 1568 5103 et
1583 5047 1647 5121 ipsa

942 5138 981 5189 De
997 5151 1053 5191 non
1069 5134 1224 5208 perdendis
1238 5136 1298 5208 iam
1316 5136 1429 5207 perdita
1444 5137 1611 5195 sollicitudo
1794 5189 1797 5195 .

941 5223 1069 5281 Suscitat
1083 5226 1241 5282 ostendens
1256 5225 1343 5283 etiarn
1360 5225 1436 5284 hanc
1451 5226 1621 5302 imparce[l.
1637 5228 1770 5300 impense

1591 5316 1740 5391 [laborem.

941 5402 1063 5469 Excitat,
1086 5407 1117 5459 ut
1131 5403 1249 5461 videant
1264 5413 1373 5479 quanto
1388 5406 1528 5480 languore
1544 5411 1714 5480 graventur,

940 5527 1074 5674 glaffftibm
1089 5529 1226 5601 ejusdem
1243 5532 1328 5605 pretii
1344 5532 1531 5591 liberioribus
1542 5529 1725 5588 carminibus
1736 5529 1775 5589 li·
