3802 6030
63 251 66 255 ·
156 240 234 313 ttor

155 377 254 450 Ipsius
269 389 399 442 caruem,
416 378 591 442 sanctosque
606 367 736 426 secunda
750 366 902 440 sepultoe3

44 478 50 491 ·“
155 468 214 526 eur
228 463 432 522 detunctorum
450 464 587 532 purgatos
604 458 710 531 prime,
728 458 858 514 secunda

160 555 214 621 oui
229 556 394 625 purgantur
409 549 524 619 adbuo;
541 549 670 605 viventes
684 546 780 604 tertia.
796 545 924 619 Sanguis

46 672 50 679 ,
158 642 287 715 Martyrii
304 644 440 713 pareest.
458 642 490 698 lo
507 638 653 710 sauguine
668 636 753 694 tertia
768 637 870 704 tincta,

157 730 288 804 Martyrii
303 730 423 787 calicem
439 734 560 802 gustant
576 729 605 784 iu
621 744 708 783 earne
724 725 836 783 odaiae.

348 817 415 875 LIV.
433 821 482 876 Ao
498 818 527 874 G.
543 819 706 890 episcopum
722 815 789 886 (ll).

161 911 204 971 dd
220 907 310 967 decue
326 907 459 964 Ecclesiae
476 924 542 963 eum
560 912 587 963 te
603 919 708 961 natura
722 908 843 971 crearet,

196 998 244 1056 Sis
259 1015 363 1071 expers
377 999 449 1067 vitii,
465 1006 578 1060 cetere,
589 996 673 1061 dixit,
690 995 775 1051 habe.

157 1090 205 1145 Sic
223 1088 303 1161 piger
319 1086 355 1142 ed
368 1089 501 1153 vetitum,
517 1085 594 1143 celer
608 1087 643 1140 ad
660 1101 796 1141 concesse
812 1087 939 1150 creatus,

197 1181 305 1233 Praeter
319 1178 455 1231 uirtutem
474 1175 514 1230 nil
530 1174 605 1230 sinis
617 1189 683 1231 esse
699 1174 762 1229 tibi.

339 1266 443 1322 1888
460 1266 513 1321 tv.
530 1265 566 1320 De
581 1265 690 1336 i'r'rpioe
704 1264 805 1321 Morio.

160 1356 245 1414 Laeto
261 1355 436 1420 Creatorem,
454 1353 568 1410 salvum
586 1353 659 1409 mibi
674 1352 759 1409 crede
774 1352 923 1427 pudorem.

198 1444 255 1502 iles
270 1461 343 1501 nova
358 1461 366 1500 :
383 1443 469 1516 Virgo
485 1459 602 1516 pareus,
616 1447 645 1499 et
659 1457 726 1499 caro
742 1450 821 1515 patro
836 1457 948 1500 carens.

421 1533 492 1591 LVI.
507 1535 596 1606 Super
609 1549 726 1590 morem.

163 1622 240 1680 Crux
254 1621 321 1679 sinis
336 1622 420 1695 legis,
435 1623 483 1678 via
496 1621 571 1689 vite,
588 1622 687 1694 passio
702 1621 800 1693 Regis,

197 1712 250 1770 Cui
266 1712 347 1768 dedit
362 1712 512 1768 interitum
528 1712 633 1784 gratia,
650 1727 708 1767 uon
721 1710 869 1766 meritum.

287 1801 365 1859 LVII.
384 1800 423 1857 Ao
439 1802 595 1872 episcopum
614 1801 790 1872 bajocensem
806 1798 862 1870 (12)

161 1890 298 1951 duculos
311 1890 358 1946 bie
374 1907 467 1962 nuper
481 1890 623 1946 moerebat
637 1888 756 1945 clausus
771 1888 801 1944 in
817 1904 895 1958 arca,

198 1979 406 2051 Obscurosque
420 1979 496 2050 lapis
510 1984 539 2035 et
549 1977 629 2049 (quasi
646 1976 739 2034 tristis
753 1982 827 2034 erat.

162 2070 198 2126 et
208 2071 363 2141 postquam
375 2067 434 2126 dixi
447 2084 454 2128 t
472 2067 589 2140 bajocas
600 2067 667 2136 ibis,
682 2067 800 2139 erisque

197 2157 315 2231 llejoris
331 2158 456 2231 digitum
475 2155 607 2228 presulis
621 2155 692 2212 orbe
706 2155 812 2227 ligans.

160 2247 265 2306 betici
279 2247 420 2319 explicuit
433 2246 541 2312 radios,
558 2245 726 2320 spernitque
741 2260 860 2303 serenas

197 2336 319 2393 Gemma
334 2336 422 2405 laces,
438 2336 530 2393 oculis
545 2333 704 2392 exhilarata
720 2333 791 2392 tuis.

163 2425 223 2485 Hoc
238 2443 273 2482 ex
288 2431 316 2481 te
331 2425 455 2482 Domino
471 2425 595 2498 pretium
608 2424 746 2492 lucratur,
763 2423 904 2498 adestque

199 2513 269 2573 Plus
283 2514 373 2586 lepidi
389 2514 507 2587 presul,
523 2529 611 2583 quam
627 2512 703 2584 lepis
718 2511 859 2585 ipsesibi.

411 2602 509 2660 LVlll.
531 2602 606 2661 Unde
617 2601 733 2656 molam.

160 2692 195 2764 (o
210 2710 265 2749 ms.
281 2693 369 2748 etiam
383 2691 558 2754 colbertino,
576 2707 605 2745 n.
618 2690 700 2754 6327,
718 2689 782 2745 libr.
796 2689 840 2758 to,
852 2693 881 2745 et
892 2688 984 2761 eliis.)

650 235 746 298 VEN.
770 227 1008 296 monunculi
1030 227 1233 294 ΟΕΝΟΜΑΝ.
1255 228 1377 293 celso.

994 370 1022 438 Α
1071 363 1115 421 Nil
1132 365 1196 421 icus
1211 364 1333 438 ingenii,
1349 362 1391 419 uil
1408 361 1537 435 probitas
1555 357 1620 417 siue
1637 372 1680 416 re.

1792 219 1866 291 iro

1036 453 1142 511 Nullus
1158 452 1243 527 inops
1258 452 1377 525 sepiens
1387 472 1395 521 3
1405 450 1445 507 ibi
1460 466 1517 519 res,
1531 448 1572 506 ibi
1585 447 1672 520 eopia
1690 461 1817 504 ausus.
1888 460 1892 495 ι

1073 544 1131 601 Res
1146 545 1276 616 sepiunt,
1293 540 1455 615 pauperuil
1471 539 1527 596 uisi
1544 554 1658 613 pauper
1671 537 1747 594 erit.

1037 633 1095 692 Nec
1108 635 1169 704 jem
1185 633 1327 688 divitibus
1342 630 1450 688 tollunt
1463 647 1517 687 sua
1531 629 1656 685 crimina
1671 641 1790 684 nomen
1889 636 1892 687 i

1074 723 1130 780 Sed
1146 723 1224 794 quod
1241 722 1286 778 lex
1301 721 1423 776 demost
1437 720 1531 792 gratia
1545 718 1756 790 solvitopum.
1890 736 1898 791 i

1038 812 1112 869 Hinc
1127 812 1256 885 estquod
1271 808 1396 883 populus
1408 807 1604 882 aurumquesi
1614 824 1733 864 numen
1743 806 1864 864 adorans

1075 902 1171 959 Audet
1184 902 1212 955 in
1227 902 1360 972 ignotum
1377 903 1482 972 sponte
1492 897 1590 953 venire
1601 898 1685 954 nelos

1040 991 1096 1064 Spe
1112 990 1185 1046 lueri
1201 991 1287 1048 toties
1298 989 1437 1048 excedere
1448 990 1499 1060 jus
1517 994 1545 1043 et
1561 987 1726 1045 honestum

1075 1080 1216 1148 Sustinet,
1231 1084 1260 1135 at
1274 1080 1364 1152 graiis
1376 1079 1439 1151 jum
1452 1078 1531 1152 juris
1543 1093 1608 1134 esse
1623 1077 1732 1135 ritum.

1038 1172 1144 1229 1888
1156 1170 1211 1227 Jue
1228 1169 1296 1235 ruit,
1312 1168 1383 1225 ordo
1396 1169 1481 1240 perit,
1493 1165 1594 1224 sceleri
1610 1165 1713 1240 placet
1728 1182 1782 1222 ora
1799 1180 1856 1221 me·

1722 1254 1848 1331 [nosque

1075 1345 1859 1423 Vendere,quemqueioopcmtampudetesseprobcm

1041 1440 1103 1498 Nou
1119 1438 1210 1511 igitur
1224 1437 1331 1494 mirum
1346 1436 1369 1493 si
1386 1435 1544 1508 quisquam
1561 1451 1671 1506 pravus
1686 1438 1715 1490 et
1731 1449 1831 1490 excors

1077 1528 1195 1585 Divinos
1210 1534 1290 1583 vates
1306 1524 1417 1583 nullius
1433 1539 1496 1580 esse
1512 1528 1604 1594 putat.

1040 1621 1131 1687 Quem
1147 1617 1324 1673 comitentur
1338 1631 1408 1688 opes
1417 1612 1562 1687 sapientis
1576 1628 1646 1669 vere
1661 1610 1814 1686 relinquit.

1075 1711 1193 1780 Semper
1206 1704 1365 1761 mobilibus
1381 1702 1553 1760 incomitata
1567 1700 1666 1758 bouis.

1272 1810 1344 1867 thl.
1365 1810 1401 1865 oe
1416 1811 1498 1881 tapso
1512 1807 1623 1865 muudi.

1039 1926 1102 1980 Nou
1117 1923 1190 1980 bene
1205 1920 1359 1986 discernis,
1376 1919 1426 1991 qui
1443 1918 1561 1990 prefers
1576 1917 1637 1974 ima
1653 1915 1796 1990 superuis

1039 2013 1098 2072 Nee
1113 2011 1186 2068 satie
1200 2013 1245 2067 eet
1259 2013 1355 2066 tecum
1367 2007 1418 2082 qui
1433 2008 1522 2064 rebus
1538 2005 1661 2078 subjicis
1676 2020 1806 2079 aequum.

1040 2103 1150 2176 Quippe
1173 2101 1245 2178 quid
1264 2098 1443 2172 argentum?
1471 2097 1542 2172 quid
1562 2095 1681 2156 formal
1708 2093 1783 2170 quid
1796 2094 1856 2152 crdo

1653 2182 1829 2260 [clientaml

1039 2283 1112 2349 Ouid
1127 2281 1256 2339 celebres
1267 2277 1372 2335 lundi‘l
1384 2277 1501 2334 l'eetum
1522 2276 1610 2334 breve
1624 2272 1721 2349 gloria
1733 2271 1843 2331 mundi.

1038 2372 1123 2432 Nulla
1140 2372 1213 2428 fides
1228 2370 1303 2444 ejus,
1319 2368 1406 2426 bodie
1421 2367 1497 2423 male
1513 2380 1579 2422 eras
1595 2365 1635 2423 ibi
1652 2366 1747 2437 peius.

1038 2461 1160 2536 Expedit
1172 2460 1226 2516 boc
1237 2460 1291 2527 uti,
1307 2456 1359 2514 sed
1370 2473 1426 2513 non
1445 2455 1580 2530 praeferre
1595 2453 1698 2511 saluti.

1242 2566 1325 2627 ixii.
1341 2565 1381 2622 Ad
1395 2565 1428 2621 ll.
1449 2565 1573 2636 repioom
1589 2561 1660 2636 (tt.)

1310 2674 1340 2745 (Ε
1355 2672 1488 2746 pluribus
1504 2674 1586 2740 mss.)

159 2782 232 2849 Quid
245 2778 986 2852 petisundemalum,cumsintbonecunotecreata.l
1038 2784 1178 2859 Augustis
1194 2781 1327 2856 patribus
1342 2780 1496 2853 augustior
1510 2784 1573 2834 orte
1589 2775 1754 2847 Matbildis,

196 2871 313 2927 Deiecto
331 2870 448 2942 proprio
463 2875 534 2925 sont
550 2868 627 2925 mala
642 2885 705 2940 quae
721 2872 799 2924 maia
812 2873 894 2927 eunt.

160 2961 233 3019 Cum
250 2958 331 3015 radix
340 2959 409 3014 vitio
424 2965 532 3023 eareat,
546 2959 650 3012 vitium
665 2963 762 3013 tarnen
779 2973 814 3013 ex
829 2973 860 3014 ee

196 3053 230 3105 Et
246 3065 297 3122 per
311 3065 342 3104 se
356 3047 444 3104 eitius
459 3047 555 3103 dulcia
570 3063 656 3120 poma
671 3047 804 3103 trabunt.

435 3139 504 3195 tlx.
521 3137 560 3195 lo
578 3143 712 3209 nepotem.

160 3229 266 3289 Forma
281 3227 394 3286 vivendi
408 3233 511 3300 presto
526 3227 642 3283 esttibi.
659 3226 754 3283 Pauca
770 3225 908 3298 loqueris,

159 3320 321 3378 PlurImam
338 3318 437 3377 laesit
452 3318 584 3391 utrisque
597 3333 694 3374 comes
709 3317 824 3386 modus,
840 3315 920 3383 utile,
935 3330 981 3373 re·

850 3411 942 3481 [ctum
955 3420 962 3463 ε

158 3499 280 3558 Sobrius
295 3516 312 3555 a
328 3498 450 3566 mensis,
466 3514 482 3551 a
497 3495 570 3551 lecto
586 3511 674 3567 surge
685 3494 820 3565 pudieus.

161 3587 316 3660 obsequiis
333 3590 433 3650 instes,
449 3602 482 3640 eo
499 3602 550 3657 pro
566 3591 592 3639 te
609 3583 727 3654 praemia
743 3588 874 3656 poscent.

164 3675 200 3734 iit
214 3679 295 3731 decet
310 3682 339 3731 et
357 3675 474 3746 prodest
485 3683 512 3728 et
527 3672 641 3728 amabis
656 3677 684 3726 et
700 3673 797 3728 oderis
813 3674 901 3728 idem.

163 3763 251 3822 Stans
267 3779 367 3818 rasum
383 3763 499 3828 timeas,
516 3776 614 3831 speres
630 3765 806 3832 prostratus,
821 3767 850 3818 et
862 3761 945 3818 illum

163 3856 253 3923 Quem
266 3851 338 3909 colis
353 3851 506 3923 insignem,
519 3853 669 3917 miserum,
681 3854 887 3925 abjectumque
901 3857 983 3910 tuere

413 3939 466 3997 LX.
479 3942 519 3996 Aet
534 3939 651 3997 Odorem
665 3942 732 4013 (13).

163 4029 306 4100 Moribus,
323 4033 395 4086 arte.
414 4029 469 4088 oda
481 4029 590 4087 coelesti
608 4036 722 4100 pectore
737 4031 845 4105 dignus

198 4121 269 4179 Ciam
287 4137 408 4192 superes
424 4120 507 4185 alios,
524 4118 635 4192 desipis
651 4122 710 4176 Odo
727 4128 833 4177 tannen.

163 4209 263 4269 Credis
278 4212 355 4268 enim
370 4210 511 4283 populoru
528 4225 630 4265 versus
645 4227 744 4266 amare
758 4211 894 4279 disertos,

199 4299 298 4373 Teque
315 4300 426 4372 placere
443 4303 527 4371 putas
544 4298 685 4368 moribus,
701 4304 773 4366 arte,
785 4299 851 4355 lide.

164 4389 292 4450 Motibus
305 4389 351 4446 bis
366 4388 514 4461 quondam
530 4389 605 4444 sacri
623 4387 756 4460 placuere
777 4392 877 4458 pionte,

200 4479 414 4555 ingeniumque
428 4479 508 4535 dedit
525 4477 642 4548 praedia,
659 4494 774 4542 nomeu,
790 4494 859 4549 opes

164 4568 248 4628 Nune
262 4568 340 4624 aliud
359 4576 485 4640 tempus,
502 4567 548 4623 alii
567 4584 619 4639 pro
633 4573 764 4639 tompore
780 4583 894 4636 mores;

198 4663 282 4714 Nune
297 4659 395 4714 odium
407 4658 510 4722 virtus,
527 4660 642 4728 sceptra
659 4662 808 4713 merentur
822 4672 902 4728 opes.

163 4746 209 4806 Nil
229 4753 316 4817 artes,
329 4744 369 4802 nil
386 4763 457 4817 pura
471 4745 554 4812 tides,
571 4745 611 4801 uil
627 4745 719 4818 gloria
735 4744 853 4818 linguae,

199 4872 257 4942 Ι(11)
287 4873 368 4926 Forte
397 4867 557 4925 Gualonem
591 4874 661 4925 tunc
696 4870 887 4928 Parisieceem
923 4870 985 4943 epi·

163 4958 343 5085 scqpqqqore
365 5010 508 5078 Odonenr,
540 5013 658 5066 lintrem
688 5011 835 5068 Guiltelrui
853 5012 984 5089 Conque-

1074 2875 1223 2944 Quaelibet
1238 2873 1268 2928 iu
1284 2871 1386 2928 laudes
1402 2887 1453 2926 ora
1468 2869 1579 2925 diserta
1594 2883 1693 2924 vocas.

1037 2965 1093 3022 Sed
1109 2966 1229 3029 irustra,
1246 2960 1315 3023 quia
1333 2975 1417 3015 nemo
1433 2957 1487 3014 tibi
1500 2956 1644 3029 preconia
1657 2955 1765 3012 solvet.

1074 3055 1141 3120 Qum
1157 3068 1262 3125 gorius,
1278 3055 1307 3105 et
1322 3065 1427 3113 mores,
1444 3054 1473 3104 et
1486 3048 1563 3103 bona
1577 3045 1676 3102 forma
1687 3044 1769 3118 petit.

997 3124 1020 3194 C
1038 3149 1102 3204 Una
1116 3141 1195 3214 loqui
1212 3146 1238 3198 te
1250 3139 1352 3210 lingua
1369 3142 1473 3208 potest,
1489 3152 1553 3208 que
1569 3134 1667 3191 laudis
1682 3134 1785 3207 opime

1075 3231 1226 3292 Materiam
1243 3227 1352 3302 linguis
1369 3226 1507 3282 cornibus
1524 3242 1582 3281 una
1597 3240 1697 3297 paras.

1038 3328 1071 3382 Io
1089 3320 1168 3379 vultu
1185 3321 1286 3393 regina
1301 3323 1352 3373 tuo
1368 3322 1423 3382 est,
1439 3313 1607 3387 redoletque
1617 3313 1760 3370 Sabicsm

1074 3411 1137 3470 Non
1154 3411 1224 3467 levis
1239 3409 1384 3473 incessus,
1402 3420 1454 3461 nec
1468 3406 1558 3461 datus
1572 3412 1633 3460 arte
1647 3404 1749 3462 decor.

1037 3503 1102 3563 Non
1119 3516 1215 3556 mores
1230 3498 1364 3555 doctrina
1379 3512 1479 3552 sacros
1495 3511 1552 3550 uon
1568 3494 1650 3567 virgo
1666 3493 1810 3566 pudorem

1074 3589 1202 3650 Praeterit
1217 3606 1224 3656 ;
1240 3604 1275 3644 ex
1293 3585 1406 3658 proavis
1422 3584 1505 3642 lluxit
1520 3590 1679 3654 utrumque
1695 3583 1816 3641 bonum.

1038 3682 1220 3740 Cunctatus
1237 3677 1389 3751 genitricis
1404 3676 1504 3743 habes,
1522 3690 1588 3748 quae
1603 3674 1709 3731 clausa
1730 3673 1857 3750 saputem

1075 3771 1206 3829 Illustrat
1223 3769 1334 3824 meritis
1347 3766 1470 3838 Anglice
1481 3780 1571 3837 regna
1583 3764 1658 3821 suls.

1038 3866 1114 3920 Neve
1127 3858 1215 3915 simul
1229 3858 1344 3914 caderet
1358 3854 1510 3911 muliebris
1526 3853 1619 3927 gloria
1634 3870 1736 3923 sexus,

1074 3950 1114 4009 'le
1131 3947 1242 4021 peperit
1258 3952 1342 4019 partu
1357 3951 1418 4001 tota
1434 3949 1535 3999 renata
1549 3947 1610 4000 tuo.

1038 4039 1210 4097 Collatcrata
1226 4034 1283 4092 Deo
1298 4030 1437 4105 quamsit
1454 4032 1525 4088 nibil
1542 4047 1629 4087 omne
1646 4030 1783 4089 relietum

1073 4127 1181 4191 cernit,
1193 4141 1278 4195 equam
1296 4123 1320 4178 si
1335 4121 1419 4193 inops
1435 4121 1495 4178 tilia
1508 4136 1598 4193 regna
1613 4125 1729 4178 tenens.

1038 4217 1119 4271 Hauc
1134 4213 1190 4268 sibi
1206 4227 1340 4269 securum
1357 4209 1393 4266 de
1408 4215 1436 4266 te
1450 4225 1563 4280 curare,
1581 4225 1730 4280 suumque

1074 4301 1184 4359 Taliter
1198 4305 1344 4356 auctorem
1361 4297 1516 4355 sollicitare
1531 4315 1614 4355 reor:

1038 4390 1175 4450 Nondum
1190 4405 1236 4444 mo
1250 4394 1338 4444 totam
1355 4389 1464 4446 coelesti
1481 4388 1548 4444 sede
1565 4385 1672 4459 recepi,

1001 4506 1023 4572 D
1074 4480 1180 4552 Magne
1195 4479 1282 4543 Deus,
1299 4478 1398 4548 requie
1414 4480 1575 4534 semibeata
1590 4478 1691 4536 fruor:

1038 4575 1110 4628 Pars
1120 4570 1200 4642 jacet
1215 4570 1243 4624 in
1257 4568 1455 4640 tumulo,pere
1468 4567 1591 4641 Anglica
1603 4582 1693 4639 regna
1705 4565 1855 4639 gubernat,

1073 4660 1262 4730 Dii-isemque
1276 4663 1377 4713 tenent
1392 4658 1469 4728 aula,
1485 4655 1630 4728 sepulcra,
1648 4655 1745 4729 polus.

1039 4744 1854 4822 Quamtenetuula.juva;quamclausasepulrra,reiormt,

1039 4843 1467 4943 demumprioreCluniaeensl,
1484 4872 1673 4928 insomnium
1694 4869 1854 4942 pontificem

1040 4953 1222 5008 assumptus,
1235 4946 1330 4999 dietus
1346 4952 1389 4999 est
1400 4943 1534 5002 Urbanus
1543 4944 1701 5003 secundus,
1713 4959 1782 4999 curn
1794 4955 1854 5013 quo,

1040 5020 1109 5074 dom
1127 5024 1204 5071 esset
1221 5016 1377 5071 Hildeberti
1394 5016 1487 5072 subS.
1500 5019 1619 5084 Ilugone
1630 5015 1854 5086 condiscipulos,

167 5084 453 5151 elorie,Normannioe
464 5083 547 5138 ducis
562 5089 591 5137 et
602 5085 677 5153 regis
686 5083 806 5154 Augilas.
821 5083 985 5142 Hocnutem
1041 5087 1214 5145 familiarius
1227 5091 1332 5159 egebat
1351 5088 1433 5157 eique
1442 5086 1510 5160 quio
1521 5087 1666 5143 demendi
1678 5082 1855 5158 corruptelis,

165 5157 347 5229 epigramma
360 5155 452 5209 edidit
464 5154 650 5209 Hildebertus
659 5162 813 5228 autequam
825 5162 903 5212 esset
923 5161 986 5229 epi·

166 5245 292 5298 scopus3
309 5227 455 5297 siquidem
480 5225 542 5283 Odo
559 5227 604 5281 bic
618 5227 726 5282 obiisse
751 5227 843 5283 fertur
866 5229 896 5283 iu
911 5227 985 5286 Geli.

1040 5168 1069 5217 et
1084 5162 1229 5232 praecipue
1244 5167 1278 5214 oe
1294 5161 1433 5214 bonarum
1465 5159 1627 5215 litterarum
1655 5156 1772 5226 vulgari
1794 5170 1856 5213 eoc-

1041 5238 1154 5299 ternptu
1171 5230 1302 5296 sentiret,
1316 5231 1399 5302 quasi
1415 5231 1554 5286 contratri
1565 5237 1594 5285 et
1603 5229 1776 5295 convicturi,
1788 5226 1858 5284 iaml-

165 5300 272 5357 Cbriet.
291 5298 422 5353 ao109d.
441 5296 626 5353 Hildebertus
652 5307 749 5354 autem
775 5315 851 5355 uano
872 5305 986 5358 tautum
1041 5305 1151 5361 liariter
1166 5303 1213 5359 bis
1238 5303 1372 5357 versibus
1401 5303 1547 5372 aperiret:
1576 5300 1649 5356 Vide
1672 5298 1858 5358 chrisantu-

168 5371 237 5428 loos
252 5377 440 5426 consecratus
455 5380 500 5424 eet
514 5371 680 5439 episcopus.

1041 5376 1177 5431 circense
1192 5376 1221 5429 in
1239 5377 1267 5429 S.
1281 5372 1412 5446 liugane,
1426 5373 1560 5430 Bibliotb.
1572 5371 1789 5440 cluniacensis,
1799 5384 1857 5445 pag.

203 5443 259 5515 (13)
278 5440 429 5497 Probabile
443 5448 488 5496 est
502 5439 716 5496 huneOdunem
727 5457 783 5495 non
795 5440 886 5497 alium
896 5441 987 5498 luisse
1041 5447 1120 5506 soti.
1135 5447 1189 5502 eol.
1207 5449 1231 5501 l.

168 5529 256 5586 qoam
277 5513 418 5598 odonem,
444 5514 503 5596 sire
531 5511 686 5596 Othonem,
716 5513 816 5583 quiex
843 5512 987 5582 discipulo
1075 5517 1131 5592 (rt)
1159 5517 1275 5574 scilicet
1303 5514 1474 5573 Metbildem
1505 5514 1621 5574 Heurici
1650 5514 1730 5589 regie
1753 5513 1858 5591 Aegiis

166 5589 194 5642 S.
214 5588 341 5661 lingonis
357 5585 472 5644 abbatas
487 5583 698 5648 cluniacensis.
711 5594 737 5642 et
752 5583 816 5656 elue
831 5584 985 5655 monacho,
1039 5587 1142 5647 tiliam.
