3802 6030
86 217 146 276 etit

402 213 612 275 seutteues
638 214 686 272 uu
711 213 902 274 etvettSIS.
924 244 963 260 -

988 216 1039 277 DE
1062 218 1217 282 CHRISTI
1242 220 1479 285 teusetutts.
1739 228 1801 292 'tte

86 346 564 419 verushomooetenditumatque,
575 345 914 418 dumsubditurztcptue
928 351 956 418 Α
973 347 1042 405 licta
1057 352 1106 423 qui
1122 352 1282 426 solvitque
1300 372 1357 411 non
1369 356 1477 429 rapuit.
1487 356 1594 429 Rapuit
1604 356 1683 415 enim
1695 359 1785 416 Adam

86 449 186 512 estpre
201 436 443 511 peccatisnostris,
459 435 593 505 ejusdem
611 450 679 508 erga
695 451 748 491 nos
763 434 870 491 eximia
890 441 920 491 et
975 442 1144 513 usurpando
1161 442 1271 515 lignum
1287 446 1421 514 vetitum,
1439 447 1654 518 prevaricando
1673 449 1799 506 manda·

87 527 250 587 ineffabilis
265 525 430 583 declaratur
440 523 569 581 dilectio.
581 525 718 583 Christus
730 525 808 581 enim
820 533 918 581 uectus

87 618 209 687 dicitur,
226 617 340 675 Heraios
357 615 476 688 quidem
495 614 642 682 Hebraico,
659 614 784 672 Christus
808 611 916 681 Graece,

86 707 187 767 Latine
199 708 274 763 m
287 712 384 763 unctes
394 721 411 759 e
421 703 643 776 chrismetequi
655 704 764 761 dicitur
773 702 915 773 Christus,

88 799 120 857 id
135 803 181 857 est
196 799 232 856 nb
249 798 388 854 unctione
404 801 521 853 unctus.
548 796 683 853 Chrisme
706 793 785 853 enim
807 794 914 863 Graece,

84 891 189 949 Latine
203 888 313 947 dieitur
327 889 433 944 unctio.
450 887 483 944 ln
498 887 588 958 hujus
602 886 693 954 eneti,
708 884 737 942 id
753 885 914 943 cstChristi

84 979 206 1053 signum
221 978 405 1053 ungebantur
420 977 450 1032 in
467 976 561 1033 Veteri
576 976 763 1033 Testamento
785 991 868 1048 reges
888 977 917 1031 et

88 1069 267 1128 secerdotes.
285 1067 348 1140 [His
366 1082 435 1122 vero
449 1065 641 1139 figurabatur]
661 1081 747 1122 verua
772 1081 805 1121 eo
827 1063 915 1137 spirl-

86 1160 176 1219 tuelis
189 1161 261 1233 {Rex
275 1166 304 1217 et
317 1157 473 1226 sacerdos]
489 1157 539 1230 qui
554 1157 610 1214 luit
630 1161 748 1225 unctus,
765 1172 823 1214 non
843 1154 914 1211 visi·

84 1254 137 1312 bili
153 1251 353 1325 veloorporali
368 1250 441 1320 oleo,
457 1250 532 1322 [ssd]
554 1248 700 1323 spirituali
722 1254 751 1307 et
775 1247 913 1321 intelligi·

974 532 1049 597 tum,
1060 530 1232 590 declinando
1243 535 1278 592 ad
1292 535 1449 608 impiorum
1461 537 1628 607 consilinm,
1641 538 1798 597 ambiendo

974 617 1037 675 fleri
1053 620 1217 679 dominum.
1237 623 1322 682 Solus
1346 633 1443 682 autem
1468 626 1611 694 Christus,
1637 626 1799 701 prolapsu

974 711 1198 784 reparationem,
1211 715 1336 787 pretium
1347 732 1399 788 pro
1410 715 1450 773 rei
1458 716 1680 790 Justillcatiene,
1692 717 1800 774 obtulit

974 798 1114 871 seipsum.
1136 800 1218 859 Unde
1238 804 1396 876 Apostolus
1410 822 1416 862 :
1429 828 1443 856 ιι
1461 805 1496 863 lit
1518 823 1579 873 vos,
1604 822 1671 864 eum
1694 808 1799 865 essetis

974 890 1081 946 mertui
1095 890 1124 945 in
1144 891 1270 962 delictis,
1285 893 1439 950 vivificavit
1459 894 1585 964 Christe,
1609 894 1722 953 scilicet
1746 897 1799 954 do·

974 995 1049 1036 nans
1063 980 1144 1037 vobis
1160 982 1382 1050 omniadelicta,
1395 983 1495 1041 delens
1505 984 1733 1058 chirographum
1744 986 1796 1043 de·

973 1068 1053 1137 creti,
1069 1070 1145 1141 quod
1170 1074 1233 1127 erat
1253 1071 1433 1129 contrarium
1460 1073 1555 1141 nobis,
1576 1074 1700 1148 alligans
1724 1072 1796 1133 illud
1890 1110 1892 1117 ,

973 1158 1063 1228 eruci,
1075 1158 1240 1232 exspolians
1250 1160 1433 1233 principatus
1445 1166 1473 1217 at
1483 1166 1655 1237 potestates,
1664 1163 1795 1221 traduxit

972 1250 1159 1319 confidenter,
1183 1249 1281 1323 palam
1302 1249 1489 1323 triumphans
1512 1268 1562 1309 eos
1586 1251 1617 1307 in
1640 1251 1796 1325 semetipso

80 1344 134 1402 bill
149 1343 267 1416 Spritus
283 1337 915 1413 sanetiplenitudine,quidatuacsteisina
973 1338 1084 1411 (Cetess.
1112 1356 1143 1404 u,
1170 1339 1225 1412 ll).
1249 1361 1264 1391 ιι
1289 1339 1361 1397 Ecce
1385 1345 1514 1413 quantus
1538 1340 1622 1398 nobis
1647 1342 1683 1398 de
1708 1345 1798 1399 morte

81 1449 234 1493 mensura.
246 1429 320 1488 eliis
331 1429 447 1501 quidem
460 1430 495 1486 ad
507 1445 677 1486 mensuram
691 1429 780 1485 datur
792 1446 799 1498 ;
811 1426 852 1483 illi
866 1445 915 1485 nu·
972 1428 1078 1484 Christi
1095 1429 1208 1485 tructus
1220 1447 1227 1499 ;
1245 1434 1360 1503 peccata
1375 1436 1476 1487 nostra
1487 1430 1616 1499 donavit,
1632 1428 1799 1488 etconvivi·

80 1528 142 1582 ιιιιι
158 1539 216 1580 non
231 1525 277 1579 eat
292 1520 379 1577 datus
395 1520 430 1575 ad
456 1534 635 1589 mensuram,
652 1541 666 1570 ι
683 1519 712 1573 ln
737 1533 795 1589 quo
817 1516 914 1573 omnia
971 1518 1085 1587 lleavit;
1102 1519 1157 1577 lide
1174 1535 1227 1576 nea
1239 1520 1418 1593 Justilleans,
1430 1538 1482 1593 spe
1499 1522 1639 1594 dirigens,
1654 1520 1797 1581 charitate

80 1609 236 1684 plenitudo
256 1608 418 1666 divinitatis
436 1608 626 1681 corporaliter
636 1608 779 1664 habitavit
793 1607 861 1679 (Cet.
879 1622 912 1677 ιι,
970 1607 1141 1677 accendens,
1157 1625 1192 1666 na
1206 1625 1262 1682 qua
1276 1610 1415 1666 vitiorum
1432 1610 1547 1666 macula
1561 1616 1661 1668 nestra
1685 1609 1797 1684 pollue·

78 1702 119 1776 a),
130 1723 147 1757 ιι
164 1701 195 1760 id
209 1705 255 1759 aet
269 1700 362 1758 solida
376 1706 403 1756 et
417 1700 554 1772 perferte,
566 1715 623 1755 non
639 1696 847 1768 umbratiliter,
862 1697 912 1754 sed
927 1724 951 1791 B
971 1702 1014 1754 ret
1029 1699 1126 1767 corda,
1143 1703 1176 1755 ιιι
1186 1698 1248 1770 jam
1265 1700 1294 1756 in
1310 1700 1436 1757 novitate
1450 1698 1720 1771 vitaaambulemus,
1733 1701 1795 1758 ehi·

78 1808 155 1861 vere,
171 1792 255 1865 juxta
269 1790 361 1848 illud:
380 1809 392 1839 ι
409 1790 531 1847 Plenum
547 1789 647 1864 gratia
663 1794 693 1846 et
714 1788 858 1854 raritatis,
874 1787 910 1844 de
967 1787 1144 1860 regraphum
1160 1788 1268 1845 decreti
1285 1790 1363 1845 tulit.
1380 1789 1534 1847 Decretum
1546 1790 1610 1858 luit,
1624 1786 1792 1848 iaxhomtni

78 1882 166 1954 culus
181 1879 365 1955 plenitudine
381 1896 485 1937 omnes
501 1896 554 1937 nos
570 1877 740 1952 accipimus,
758 1878 836 1951 qued
852 1879 908 1943 est,
967 1877 996 1931 in
1012 1876 1146 1949 paradiso
1161 1877 1281 1945 indicta,
1293 1895 1329 1936 ne
1339 1881 1504 1937 comederet
1523 1880 1636 1938 scilicet
1657 1881 1693 1938 de
1711 1880 1790 1953 ligno

78 1970 207 2046 gratiam
224 1988 275 2045 pre
295 1970 389 2041 gretia
404 1969 493 2041 (toea.
510 1984 530 2036 1,
547 1969 605 2037 tt),
619 1990 632 2019 ι
658 1967 782 2042 gratiam
808 1967 910 2038 utique
966 1966 1096 2023 scientiae
1111 1966 1180 2023 boni
1195 1972 1223 2024 et
1239 1967 1318 2026 muli.
1333 1968 1392 2028 Hoc
1406 1970 1552 2029 decretum
1563 1970 1644 2029 dedit
1656 1968 1793 2029 tteusho·

74 2059 310 2134 jnstiucationis,
334 2065 363 2117 et
386 2075 437 2131 pro
463 2075 497 2115 ea
521 2058 645 2132 gratiam
669 2054 906 2130 glorificationis3
966 2055 1050 2124 mini,
1066 2061 1099 2112 ιιι
1120 2058 1183 2128 ejus
1207 2058 1380 2130 probaretur
1402 2059 1579 2128 obedientie,
1602 2059 1790 2132 exhibitaque
1882 2050 1892 2099 ἶ

76 2151 203 2224 gratiam
220 2149 473 2216 reconciliationis,
490 2152 519 2205 et
533 2164 584 2221 pro
599 2147 771 2220 engratiam
793 2150 908 2202 aterne
965 2145 1134 2202 eternitatis
1149 2163 1257 2204 corona
1271 2158 1517 2206 remuneraretur.
1528 2150 1621 2207 Home
1631 2164 1709 2215 vero,
1720 2165 1789 2207 cum

75 2240 212 2298 visionis.
229 2238 447 2297 Coronateuim
473 2236 550 2294 Deus
575 2235 605 2292 in
632 2235 717 2291 nobis
740 2235 818 2291 donn
842 2250 906 2302 sua,
965 2235 1792 2311 essetinabundantiadivitiarum,libratis[tilbertatis]

77 2346 225 2403 suamque
240 2330 366 2403 gratiam
382 2328 410 2384 in
428 2332 562 2383 nostrum
584 2325 729 2382 curavertit
748 2323 906 2391 meritum3
965 2324 1077 2382 arbitrii
1101 2324 1211 2383 divitiis
1234 2327 1409 2396 exuberans,
1432 2328 1583 2386 diabolica
1607 2324 1791 2402 persuasioni

79 2421 161 2477 unde
175 2420 234 2475 vita
247 2423 441 2483 alcmaeon
458 2416 553 2473 solum
571 2429 683 2471 merces
696 2416 741 2470 eat
756 2430 808 2486 pro
819 2413 906 2485 justi·
963 2414 1088 2472 elatione
1102 2416 1230 2488 superba
1245 2417 1444 2488 acquiescens,
1460 2435 1478 2474 a
1495 2419 1550 2475 Deo
1562 2420 1592 2474 in
1607 2418 1718 2490 repieae
1731 2415 1790 2475 dre·

81 2500 908 2580 tia,eedetgratiapregratiadicitur,etabilloigitur
962 2506 1788 2580 sieritttudinianbiit,abonodeolinane,meloadhesit.
1836 2514 1839 2527 '
1887 2560 1892 2571 ,

81 2600 147 2656 eine
162 2612 302 2654 mensura
318 2595 417 2653 unctio
431 2600 606 2667 tanquama
628 2591 733 2666 capite,
758 2591 906 2648 unctionis
964 2595 1046 2653 lllius
1061 2595 1167 2654 decreti
1186 2595 1285 2653 violati
1307 2596 1535 2671 chirographum
1563 2603 1625 2655 erat
1645 2595 1790 2654 memoria

78 2688 177 2764 gretia
190 2687 222 2744 iu
238 2687 371 2745 membre
383 2685 505 2754 effluxit,
521 2685 684 2742 seeundum
696 2681 770 2739 iilud
783 2698 815 2739 ἐκ
826 2682 907 2739 Sicut
962 2686 1042 2746 iltius
1058 2686 1313 2760 prevaricationis,
1335 2704 1392 2760 que
1411 2688 1533 2745 scientia
1550 2687 1582 2761 [ι.
1599 2685 1790 2759 conscientia]

78 2785 264 2852 unguentum
278 2776 307 2832 in
323 2776 428 2849 capite,
445 2775 522 2848 qued
545 2773 698 2830 descendit
720 2773 748 2829 in
773 2773 905 2844 barbam,
962 2782 1063 2834 nestra
1078 2781 1107 2833 et
1121 2776 1364 2850 antiquushoetis
1377 2777 1407 2835 in
1423 2778 1515 2834 nestri
1527 2777 1741 2835 accusationem
1758 2778 1787 2834 et
1878 2790 1881 2795 ·

77 2867 203 2924 barbam
227 2871 335 2936 Aaron,
360 2863 506 2936 usquein
536 2879 618 2920 orem
647 2861 813 2918 veet‘lmenti
842 2861 906 2932 eius
961 2867 1468 2941 condemnationemconsurgebant.
1481 2868 1537 2925 Sed
1549 2868 1603 2924 hoe
1614 2880 1789 2941 percrucem
1856 2890 1859 2897 ·

76 2957 164 3032 (Prot.
180 2972 283 3023 euxms,
299 2957 337 3024 ι),
351 2977 365 3005 ιι
379 2957 486 3024 Aaron,
502 2953 553 3026 qui
567 2952 779 3026 interpretatur
795 2950 905 3007 tudite-
961 2955 1069 3012 delevit
1081 2956 1226 3024 Christus,
1243 2972 1276 3013 ae
1289 2957 1324 3012 de
1341 2959 1436 3014 madio
1448 2956 1524 3025 tulit,
1541 2960 1572 3012 ut
1578 2957 1642 3029 jam
1656 2972 1707 3014 nec
1718 2971 1788 3013 cen·

76 3046 176 3105 eutem
189 3043 376 3119 sertdediuie,
389 3042 523 3100 Christus
539 3041 691 3109 Dominus,
707 3041 758 3113 qui
784 3040 814 3095 in
839 3040 903 3096 bre·
961 3046 1086 3103 scientia
1109 3050 1210 3102 nostra
1224 3046 1336 3117 timeat,
1353 3062 1406 3103 nec
1421 3045 1694 3103 diabotusinveniat
1708 3042 1787 3121 qued

79 3136 148 3194 chio
163 3152 224 3193 sue
241 3134 422 3193 lentitudinis
438 3133 599 3206 superbum
615 3130 780 3198 debellavit,
797 3128 907 3202 princi·
924 3095 945 3162 C
961 3135 1092 3206 objiciat.
1104 3135 1192 3192 Vetus
1204 3134 1312 3208 quippe
1323 3136 1702 3205 nesterhemo,secundum
1713 3143 1789 3211 Ape·

76 3242 143 3300 pern
162 3226 265 3283 mundi
280 3223 458 3299 expugnavit
472 3223 609 3279 adversus
624 3237 691 3277 eum
707 3219 905 3289 ususvirtute,
962 3223 1407 3295 stolum,cumillocrucitlxns
1428 3228 1484 3294 est,
1506 3225 1599 3282 idest
1622 3230 1786 3298 peccatum.
1839 3284 1843 3299 ,

77 3334 137 3373 non
152 3314 236 3374 ereis
251 3315 328 3382 telis,
344 3314 453 3387 quibus
468 3309 904 3383 iuimicljavculaexstingueret.
961 3329 1019 3385 quo
1033 3320 1147 3371 veterae
1161 3330 1290 3381 eramus,
1305 3313 1582 3387 peripaiuscrueem
1594 3315 1723 3372 deletum
1734 3320 1791 3389 eet,

76 3405 138 3462 llec
154 3405 299 3480 precipue
314 3402 493 3459 humititatis
516 3399 643 3473 pugione
666 3396 785 3471 superbi
811 3396 907 3452 hostie
962 3404 1003 3460 ita
1017 3408 1050 3460 ut
1065 3405 1234 3459 destruatur
1247 3419 1355 3476 corpus
1371 3403 1492 3477 peccati,
1512 3403 1542 3461 id
1569 3410 1613 3462 est
1636 3405 1787 3479 congeries

75 3494 211 3551 confodit
225 3491 335 3560 vitella,
352 3491 414 3565 qui,
431 3493 594 3546 ulomnem
612 3488 747 3563 impleret
760 3485 907 3543 humitite-
963 3496 1158 3566 peccalorum,
1175 3492 1282 3565 utjam
1306 3509 1363 3549 non
1388 3493 1556 3549 dominetur
1582 3497 1735 3566 peceatum
1756 3493 1788 3552 in

75 3589 148 3653 tom,
164 3583 195 3639 in
213 3585 328 3639 tanturn
345 3597 398 3638 noe
417 3579 530 3650 dilexit,
556 3579 633 3651 quud
655 3594 713 3634 non
737 3574 832 3634 solum
856 3589 907 3648 pro
963 3586 1062 3639 nostro
1082 3580 1197 3639 mortali
1213 3597 1349 3654 cerpore;
1365 3582 1420 3639 etsi
1436 3582 1474 3639 ibi
1489 3581 1537 3653 sit,
1553 3582 1718 3640 dominium
1745 3586 1790 3641 ts·

76 3672 166 3731 nobis
181 3673 373 3746 temporalem
389 3672 520 3743 suscepit
536 3670 730 3737 nativitatem,
745 3667 796 3724 sad
818 3666 906 3722 etiarn
963 3689 1029 3731 man
1047 3689 1098 3746 por
1112 3670 1207 3728 erucis
1223 3671 1392 3745 mysterium
1408 3671 1545 3745 perdidit,
1571 3689 1609 3729 ne
1632 3688 1685 3746 per
1704 3670 1792 3730 libari

75 3762 225 3838 passionis
234 3767 360 3833 acetum,
369 3778 403 3820 ac
415 3761 519 3819 mortis
529 3761 571 3818 sal
581 3760 720 3835 gustavit.
730 3782 744 3811 ι
753 3757 907 3816 Cumenim
963 3764 1075 3820 arbitrii
1085 3778 1263 3820 consensum
1272 3761 1303 3818 in
1316 3778 1403 3820 suum
1415 3768 1578 3821 revertatur
1588 3763 1784 3821 dominatum.

75 3854 109 3911 in
125 3854 220 3911 terma
236 3853 284 3909 bei
300 3859 386 3920 essct,
402 3874 416 3902 ι
433 3856 466 3909 ut
483 3852 524 3909 ait
538 3849 707 3923 Apostolus,
718 3870 733 3901 ιι
749 3845 907 3905 exinanivit
963 3853 1123 3911 caveamus
1138 3870 1219 3927 crgo,
1235 3868 1271 3909 ne
1286 3852 1363 3909 hosti
1378 3852 1494 3921 inermi,
1511 3853 1541 3910 in
1557 3854 1789 3926 cruciatrophee
1842 3892 1847 3909 .

78 3946 288 4018 semetipsum,
314 3944 436 4000 termam
463 3942 537 3999 servi
563 3940 718 4014 accipiens,
742 3937 908 3996 humiliavit
964 3949 1138 4017 expugnato,
1155 3943 1231 4000 vires
1247 3940 1415 4012 reddamus,
1431 3947 1570 4015 spontea
1596 3944 1673 4002 malo
1695 3944 1728 4015 [Ι.
1753 3943 1790 4001 ad

75 4034 285 4107 semetipsum,
312 4033 405 4089 lactus
431 4032 570 4088 obediens
595 4046 689 4101 usque
713 4030 748 4086 ad
771 4034 907 4095 mortem,

76 4129 203 4181 mertem
219 4128 318 4180 autem
333 4122 430 4179 crucis
447 4122 563 4195 (Philip.
579 4138 612 4189 u,
627 4119 667 4194 8).
681 4141 695 4170 ιι
705 4123 728 4177 0
739 4123 855 4192 quantae
866 4117 907 4173 di·

75 4212 216 4272 leotienls
231 4211 393 4269 indicium!
411 4215 529 4285 quantae
550 4209 702 4267 charitatis
726 4208 907 4281 experimen·

75 4308 141 4361 tum
157 4301 164 4357 l
182 4302 236 4358 Per
252 4302 305 4358 hoc
321 4303 399 4357 enlm
413 4323 427 4352 ιι
444 4299 634 4357 commendat
645 4297 906 4356 Deuseharitatem

76 4408 165 4450 suam
181 4391 211 4448 iu
228 4391 325 4461 nobis,
341 4392 429 4447 nteit
444 4388 614 4463 Apostolus,
627 4388 764 4461 quonism
775 4403 842 4444 cum
857 4387 908 4444 ad·

964 4032 1088 4106 malum]
1102 4031 1285 4089 declinando.
1300 4032 1365 4104 Ipse
1378 4032 1455 4090 idem
1472 4036 1561 4091 etiam
1582 4033 1717 4091 Christus
1741 4048 1791 4091 ex·

964 4123 1102 4196 spoliavit
1115 4122 1299 4195 principatus
1313 4127 1342 4179 et
1357 4126 1529 4195 potestates,
1541 4120 1699 4178 infernales
1710 4118 1791 4177 sclli·

965 4217 1020 4281 cet,
1036 4211 1154 4285 quando
1175 4213 1276 4270 tortior
1296 4212 1448 4268 descendit
1466 4212 1496 4268 in
1517 4212 1638 4268 demum
1658 4205 1792 4278 lentisci

965 4299 1095 4374 alligavit
1108 4318 1186 4371 eum,
1200 4307 1229 4358 et
1248 4301 1372 4373 diripuit
1385 4316 1456 4356 vaae
1470 4301 1545 4372 ejus,
1562 4299 1696 4357 Christus
1708 4297 1791 4355 acill-

965 4393 1020 4458 cct,
1034 4390 1084 4462 qui
1093 4394 1138 4447 est
1147 4405 1237 4464 super
1246 4405 1348 4446 omnes
1361 4389 1442 4445 tortis
1453 4393 1481 4445 et
1493 4391 1609 4461 potens,
1621 4387 1650 4443 in
1664 4388 1786 4444 domum

76 4483 138 4539 hue
148 4485 315 4554 peccatores
327 4479 673 4551 essemus,christuspro
685 4476 769 4534 nobis
778 4480 910 4533 mortuus
926 4465 949 4530 D
965 4478 1086 4549 diaboli,
1100 4478 1128 4535 id
1140 4484 1185 4536 est
1195 4480 1224 4534 in
1236 4478 1394 4546 internum,
1408 4477 1458 4534 ubi
1469 4481 1515 4533 ast
1529 4477 1634 4534 domus
1646 4475 1790 4549 principis

74 4575 124 4629 set
137 4571 225 4642 cuiue
240 4569 384 4643 sanguine
396 4568 564 4641 justificati,
581 4567 653 4625 salvi
669 4566 779 4624 erimus
804 4567 841 4622 ab
866 4566 910 4621 ira

78 4677 132 4734 per
146 4660 245 4732 ipsum
264 4660 353 4733 (item.
368 4675 396 4728 v,
412 4660 448 4730 8).
462 4680 478 4709 ιι
501 4658 533 4715 ld
559 4659 696 4730 superius
720 4654 909 4729 propheticus

80 4765 181 4807 sermo
195 4749 335 4807 continet.

964 4569 1165 4638 tenebrarum,
1181 4585 1269 4641 quam
1285 4584 1343 4625 non
1358 4568 1527 4634 suavirtus,
1543 4568 1595 4625 sed
1612 4567 1793 4640 peceatuhe·

965 4659 1078 4716 min'um
1095 4660 1198 4715 fortem
1215 4659 1365 4727 lecerunt;
1381 4658 1431 4715 sed
1445 4656 1557 4729 [quem]
1576 4655 1664 4714 homo
1687 4656 1792 4713 tortior

964 4747 1173 4822 superveniens
1188 4746 1319 4820 alligavit
1333 4747 1397 4819 ejus
1413 4748 1550 4804 minuens
1565 4746 1713 4818 virtutem,
1724 4761 1793 4804 con·

116 4840 219 4913 ceptus
232 4848 282 4904 ert,
298 4839 406 4910 inquit,
423 4839 589 4911 inpeccatis
608 4840 720 4906 nostrie,
737 4837 766 4894 id
789 4840 834 4893 eat
857 4850 909 4908 pre
964 4838 1088 4895 fidenter
1104 4838 1178 4897 m
1195 4840 1223 4894 et
1236 4836 1332 4909 palam
1347 4835 1534 4910 triumphans
1547 4852 1615 4892 eum
1640 4835 1669 4891 in
1682 4840 1790 4893 semet·

83 4929 234 5003 peccatis:
250 4946 306 4986 non
320 4931 398 5001 qued
414 4934 515 4985 nestra
530 4932 647 5001 peecata
662 4928 726 4999 ejus
749 4924 909 4982 meruerint
964 4946 1039 5004 ipso,
1055 4928 1085 4985 id
1100 4932 1145 4986 est
1160 4927 1190 4983 in
1210 4926 1362 4998 presentia
1373 4942 1432 4982 sue
1443 4926 1615 4998 majestatis,
1631 4924 1792 4997 etdiripuit

80 5023 217 5088 mortem,
234 5019 269 5076 ad
287 5018 462 5091 quodetiam
475 5018 552 5074 bene
563 5026 661 5074 nostra
673 5033 731 5075 nou
744 5014 906 5089 sulliciunt,
963 5036 1033 5078 rasa
1047 5024 1122 5091 ejus,
1136 5017 1166 5074 id
1180 5016 1339 5088 estjustos,
1350 5015 1399 5088 qui
1413 5015 1462 5072 Dal
1473 5016 1619 5072 sententia
1633 5029 1786 5087 usqueque

74 5109 129 5167 aed
145 5108 337 5182 postulabant
351 5113 454 5164 nestra
470 5111 588 5180 peccata
603 5116 628 5163 ct
644 5106 751 5163 delicta
766 5105 829 5177 ejus
842 5122 908 5162 san·
963 5109 1059 5168 soluta
1074 5107 1110 5164 ad
1134 5107 1243 5163 inlsros
1265 5103 1490 5173 descendebant,
1516 5104 1585 5161 inde
1604 5104 1706 5162 eduxit
1725 5120 1788 5172 ees,

76 5199 245 5260 ctissimem
261 5202 398 5268 mortam,
413 5202 512 5254 nostra
522 5195 634 5253 scilicet
644 5195 810 5253 maledictio
821 5210 906 5251 suam
962 5214 1062 5256 eversa
1078 5198 1176 5264 domn,
1191 5189 1353 5266 exspoliato
1368 5192 1479 5250 scilicet
1493 5193 1618 5263 interno,
1644 5192 1730 5264 cuius
1749 5191 1785 5248 ed

75 5289 324 5360 benedictionem,
352 5297 383 5345 ut
408 5304 486 5345 mors
515 5287 659 5345 benedicti
684 5286 905 5343 maledicturum
961 5288 1071 5346 inlares
1086 5283 1289 5344 descendentis
1304 5297 1369 5338 cum
1386 5282 1525 5357 angelicis
1536 5282 1702 5358 legionibus
1727 5280 1787 5338 vir·

74 5381 204 5440 solveret
219 5385 343 5437 mortem
361 5377 524 5435 secundum
540 5375 612 5433 illud
629 5376 702 5435 Osee
716 5391 722 5433 :
735 5398 749 5427 ιι
762 5376 905 5433 liromors
961 5383 1052 5436 tutem
1069 5378 1303 5451 potestatemque
1317 5370 1476 5429 sentientes
1489 5374 1636 5446 principes
1650 5371 1785 5430 tenelua-

73 5481 137 5542 tue,
159 5487 176 5528 o
202 5469 302 5528 merel
330 5484 447 5526 morsus
473 5471 543 5524 tuus
570 5467 646 5524 m
676 5481 769 5540 ero,e
792 5465 904 5523 interne
959 5484 1026 5525 rum
1042 5464 1298 5523 declamaverunt:
1310 5477 1325 5513 ι
1338 5459 1409 5524 Quis
1423 5464 1469 5516 est
1486 5460 1541 5517 ists
1554 5459 1614 5516 Rex
1627 5457 1725 5531 gloria
1739 5454 1781 5511 ιι

72 5555 905 5639 (Oee.,11u,1t)t»ejusquegratianostratelleretde·
958 5557 1047 5634 (Paul.
1087 5569 1171 5626 urna,
1204 5551 1245 5623 8.)
1278 5549 1390 5617 Quibus
1423 5548 1631 5621 respondentes
1661 5546 1786 5627 ιιιιιιιιι
