3802 6030
4 258 29 321 ’,
96 248 187 311 ’1607
631 248 805 312 MARBODI
829 238 1072 309 itEDDNthDlS
1097 239 1272 304 episcopt
1748 238 1822 304 Μ

107 383 227 443 Tecum
245 385 399 441 tormentis
415 388 499 457 cogat
516 399 620 439 munus
637 381 848 457 omnipotentis
947 385 972 452 Α
989 375 1128 435 Fastibus
1143 379 1172 433 et
1186 372 1257 430 loris
1274 371 1383 430 laceret
1398 372 1442 431 ute
1456 375 1519 431 tote
1533 371 1662 431 luroris.

105 478 181 531 Nota
199 475 245 531 Dei
261 476 318 531 veri
335 475 486 548 mogontia
500 490 571 530 voce
589 473 682 530 lateri.
868 480 872 489 “
987 468 1034 525 Sic
1049 467 1116 524 torti
1129 464 1249 539 iuvenis
1265 463 1344 522 cedit
1357 480 1425 522 caro
1439 468 1556 523 mortue
1572 462 1690 539 plenis.

141 565 223 621 Tune
236 581 285 620 rex
303 564 424 621 delusus
440 566 544 622 solitos
559 583 590 622 se
605 564 748 623 conuertit
762 565 799 621 ed
815 579 888 623 usus
986 558 1118 631 Spiritus
1132 558 1167 613 ad
1186 556 1284 613 tetum
1300 556 1420 613 festinet
1434 570 1552 614 currere
1561 569 1693 614 cotum.

106 653 239 719 sevitie,
256 653 374 726 quaudo
390 654 430 709 nit
446 656 507 727 egit
524 654 725 728 potttettundo,
984 648 1019 704 tn
1034 663 1122 723 grege
1138 649 1267 704 fraterno
1282 645 1409 705 rutilans
1424 648 1581 718 splendore
1595 660 1739 720 superno

107 742 197 808 Quem
212 744 306 816 magis
321 744 464 813 accendit,
481 752 539 816 quo
555 760 622 816 spes
639 748 764 800 t'rustate
783 741 930 816 pependit.
986 737 1106 794 Munere
1120 754 1179 812 quo
1195 740 1307 808 primus
1322 737 1411 793 medii
1427 735 1561 794 ditantur
1575 746 1604 794 st
1616 752 1718 794 unus.

105 836 142 888 itt
156 834 270 888 terreus
285 830 329 887 ira
339 833 441 904 iuveni
457 834 507 888 det
521 834 639 890 verbere
654 835 728 901 dira,
985 827 1092 885 addite
1109 827 1263 901 prostratis
1277 825 1404 901 genitrix
1418 825 1510 884 micet
1523 825 1636 884 ultime
1658 826 1758 899 natis,

38 914 45 922 “
104 916 196 984 Duem
209 921 319 978 laniare
336 927 430 993 parat,
446 923 602 995 ptusqusm
615 923 744 995 reliquos
757 921 892 978 inoleret.
984 917 1077 975 Tecto
1092 916 1285 990 splendidior,
1301 920 1412 989 questo
1426 917 1589 975 “rumine
1600 917 1718 990 meJcr.

104 1012 188 1068 liuno
204 1011 291 1082 terro,
307 1012 448 1080 flammis,
463 1016 587 1083 scutica,
611 1012 769 1085 sartagine,
797 1008 930 1080 lammis,

107 1187 1825 1219 W

437 1327 677 1427 VERSUS
712 1327 794 1422 DE
825 1323 1066 1424 SANCTO
1102 1324 1473 1424 LAURENTIO.

863 1633 1043 1696 storttsttnt.

138 1784 178 1836 Ex
195 1779 294 1837 codice
309 1797 365 1838 ms.
380 1781 609 1854 quingentorum
625 1781 741 1836 circiter
755 1795 900 1837 annorum
916 1777 987 1835 olim
1005 1778 1177 1836 monosterii
1191 1784 1219 1835 S.
1237 1779 1362 1837 amandi
1375 1781 1405 1836 in
1427 1779 1538 1838 Pabula
1554 1796 1608 1839 ssu
1629 1781 1816 1853 elnonensis.

102 1855 286 1924 nuncregio,
304 1851 463 1908 numidii.
480 1881 515 1894 -·
533 1853 602 1909 Licet
623 1853 674 1907 truc
702 1867 799 1923 poema
828 1853 859 1907 in
891 1849 1092 1923 manuscripto
1122 1851 1223 1908 Sancti
1251 1852 1371 1923 duranni
1397 1851 1816 1921 turtrrtctmmurrttmr

101 1924 266 1988 ttttueterro,
282 1929 373 1980 tumen
389 1922 460 1980 ittud
476 1936 586 1993 etopus
610 1926 730 1980 tlurlrortr
747 1923 794 1979 illi
821 1923 1014 1993 assignamur,
1041 1939 1097 1978 rum
1124 1922 1192 1996 quie
1210 1925 1241 1979 in
1272 1927 1461 1997 murruuripto
1482 1922 1745 2001 dinanensi-Regio
1771 1927 1817 1984 in·

99 1997 220 2051 marture
236 1995 413 2068 subsequitur
428 1995 592 2051 t’osriun‘m
607 1999 698 2050 rnnrti
727 1995 852 2060 Victoris,
879 1993 1050 2050 nominatim
1073 2004 1100 2050 et
1121 2010 1251 2075 expresse
1275 1997 1407 2053 tturtroer
1435 1995 1580 2062 tributum,
1611 2002 1677 2055 tum
1699 2000 1815 2072 queue

100 2067 386 2124 ertttr'ouetteuonenrt
406 2067 700 2128 arctissimarum
729 2066 848 2123 tturtott
879 2065 1038 2138 reperitur.
1075 2067 1163 2134 liuius
1190 2077 1286 2124 nutem
1313 2069 1445 2139 merentis
1475 2067 1640 2125 tturlodunr
1675 2084 1813 2128 cmm

98 2143 221 2266 qqrroreit
235 2141 402 2208 Stqebertus,
420 2147 457 2195 tte
471 2141 662 2213 scriptoribus
677 2139 893 2206 ecelesiasticis,
909 2154 971 2212 cup.
987 2140 1054 2205 tes,
1086 2153 1203 2211 eumque
1227 2144 1316 2197 ueutt
1339 2149 1405 2197 suut
1433 2140 1614 2211 Trrtlrernr‘trs,
1639 2142 1814 2212 Posseninst,

120 2211 216 2279 ossius,
232 2213 400 2270 attrectet
416 2211 484 2268 atii.

136 2472 156 2520 Δ
175 2464 260 2521 Decio
277 2468 387 2530 tentus,
400 2461 559 2537 gladioque
582 2462 696 2519 furente
722 2464 892 2536 peremptus
944 2462 1054 2537 Btiecs
1070 2469 1216 2519 roecurte
1231 2450 1395 2521 consortem
1410 2450 1630 2521 oouhsbitare?

100 2555 276 2628 Martyribus
293 2555 399 2610 mistus
415 2552 583 2627 fulgebatin
600 2554 706 2609 retbere
722 2552 820 2609 Sixtus
983 2549 1128 2607 Traditio
1146 2568 1306 2626 expensum
1324 2570 1389 2611 meu
1403 2552 1547 2629 delegatio
1561 2552 1706 2615 censum.

99 2644 173 2701 Cum
190 2660 246 2716 quo
262 2643 353 2698 terite
369 2644 426 2698 duo
443 2643 519 2699 nacti
538 2644 655 2713 premia
669 2643 737 2698 rite
982 2640 1064 2706 Quod
1080 2641 1132 2696 tibi
1148 2643 1321 2700 commendo
1340 2645 1382 2701 tac
1399 2638 1578 2716 pauperibus
1588 2640 1766 2715 tribuendo,

99 2735 194 2790 Laude
208 2732 349 2789 Creatorie
366 2734 528 2803 pensabunt
543 2732 652 2787 demna
667 2732 791 2805 cruoris,
982 2733 1020 2787 ur
1034 2730 1142 2787 melros
1156 2733 1245 2799 noeti,
1259 2734 1366 2807 cupido
1382 2750 1417 2791 ne
1431 2732 1539 2791 seriist
1553 2730 1647 2792 hosti.

97 2826 169 2881 Cum
187 2820 261 2878 tiene
277 2826 305 2876 et
321 2821 406 2876 letus
423 2821 468 2875 hie
483 2821 590 2891 gaudie
605 2821 678 2876 dans
695 2819 749 2876 sibi
768 2818 854 2876 Detus
981 2817 1093 2892 Largiri
1111 2837 1245 2895 propera,
1263 2838 1298 2880 oe
1309 2824 1334 2880 si
1350 2824 1452 2880 dilatio
1467 2826 1533 2881 s'ere

98 2911 205 2978 Quaertr
218 2916 294 2967 sorte
312 2909 371 2980 peri
389 2908 562 2965 Laurentiue
581 2926 651 2965 ense
667 2909 774 2966 necari.
976 2907 1123 2983 Spargere
1137 2916 1305 2982 cunctetur,
1320 2929 1379 2971 nou
1394 2913 1505 2986 sparsis
1520 2918 1570 2969 tex
1584 2902 1734 2987 potietur.

98 3001 230 3070 Cumque
246 2998 305 3070 pati
321 3002 465 3071 properet,
482 2997 573 3054 dilate
589 2998 717 3070 pericula
733 2999 843 3066 nroeret,
1014 3001 1079 3055 Heu
1096 3007 1163 3073 post
1176 3003 1264 3058 verbs
1284 3002 1373 3070 senis,
1389 3006 1493 3075 captus
1504 3003 1682 3076 vinctusque
1701 3000 1803 3061 munt·

97 3090 132 3145 Εἰ
152 3107 182 3145 se
198 3106 249 3145 ceu
265 3089 395 3144 vinetum
411 3093 502 3161 gemit
518 3106 535 3145 u
550 3090 645 3145 tritius
660 3104 725 3145 esse
745 3085 887 3154 relictum,
978 3088 1029 3144 Det
1044 3097 1235 3162 presentatus
1251 3091 1338 3149 Decio
1352 3092 1440 3149 levita
1454 3093 1557 3150 cestus

98 3178 161 3235 Non
179 3185 275 3235 taruco
293 3185 324 3233 ut
339 3179 433 3235 victus
448 3184 511 3234 eret
529 3196 545 3233 u
561 3180 655 3234 tribus
671 3178 720 3234 ilie
740 3175 868 3244 relictus,
978 3178 1029 3236 Vei
1045 3186 1265 3238 monstraturus
1280 3182 1435 3240 thesauros
1449 3182 1494 3240 rel
1508 3183 1520 3218 ⁸
1535 3181 1714 3252 moriturus,

99 3269 168 3324 Plus
185 3269 293 3340 quibus
308 3268 440 3333 ardebat,
457 3285 530 3341 quos
548 3273 639 3324 morte
664 3267 764 3339 preire
787 3264 923 3336 volebsl;
977 3268 1068 3335 Quem
1081 3272 1386 3344 sibiprmeontem‚00d
1400 3272 1645 3329 consueverim·
1658 3273 1799 3330 timentem
1845 3266 1848 3275 '

98 3354 156 3412 Sed
172 3364 309 3430 tunquam
324 3357 440 3429 juvenis
454 3357 529 3411 velut
546 3368 615 3412 aetee
630 3373 757 3419 const-ua
773 3355 866 3427 poeuis
977 3357 1061 3415 Nune
1077 3367 1186 3418 terrore
1201 3362 1281 3434 grevi
1298 3365 1404 3431 Caesar,
1420 3378 1497 3418 nurno
1512 3378 1563 3418 ore
1577 3361 1665 3418 suavi

98 3445 134 3503 Ut
150 3454 316 3503 certaturus
333 3446 446 3514 meiius,
465 3447 617 3519 majorque
632 3448 747 3502 tuturus
978 3448 1107 3506 Flectere
1122 3461 1254 3508 conatur.
1272 3454 1341 3509 duro
1358 3453 1408 3509 tuli
1424 3469 1492 3509 voce
1508 3453 1663 3526 protatur:
1846 3464 1848 3475 '

96 3535 215 3592 Dixerat
230 3536 296 3590 huic
312 3537 404 3600 ttenti,
421 3552 581 3607 secumque
598 3537 655 3606 peti
676 3533 816 3606 cupienti,
976 3540 1033 3594 iles
1048 3543 1256 3596 damnatorum
1273 3546 1432 3613 putuerunt
1446 3542 1571 3599 crimine
1587 3531 1719 3614 quorum
1844 3482 1848 3651 ι

94 3620 155 3678 Vox
172 3640 303 3696 praeeuga
319 3625 398 3679 renis
414 3627 498 3692 cuque
516 3622 639 3695 parebat
654 3621 796 3678 habenis:
975 3626 1048 3684 Dese
1068 3628 1124 3685 mei
1137 3630 1214 3700 juris
1231 3636 1381 3705 cognoscit
1395 3637 1424 3688 et
1438 3630 1533 3688 incole
1549 3631 1650 3701 ruris;

95 3713 198 3766 Desine
211 3719 248 3779 te,
267 3712 304 3765 tili
321 3712 505 3775 charissime,
525 3715 648 3782 pendere
662 3711 732 3779 ·rili;
974 3713 1046 3772 Nem
1063 3733 1150 3789 quem
1166 3719 1342 3792 sacrilegum
1358 3721 1477 3778 damnet
1493 3721 1643 3777 autentis
1661 3718 1769 3796 legum.

94 3800 176 3863 Quod
193 3800 277 3855 modo
290 3817 345 3855 nou
360 3801 555 3873 pateris,quia
567 3804 632 3872 post
644 3799 774 3857 triduum
788 3798 921 3874 potieris,
935 3800 958 3869 G
976 3807 1011 3862 Et
1025 3823 1079 3863 sne
1089 3807 1157 3879 jure
1175 3808 1235 3881 puri
1251 3809 1322 3867 sseoo
1333 3812 1419 3881 jubet
1433 3810 1637 3868 narramur-ori.

94 3893 128 3943 ut
143 3888 225 3944 lucre
241 3905 392 3960 poenorum
411 3891 578 3960 pensabunt
593 3892 703 3945 dumne
719 3907 880 3947 morarum.
977 3895 1024 3952 Sic
1040 3913 1104 3953 meo
1120 3888 1240 3971 pr'ursus
1256 3912 1340 3956 eruut
1356 3899 1428 3957 sisu
1441 3917 1626 3974 quocunque
1639 3899 1768 3970 inerunt.

96 3978 197 4036 ml
212 3978 586 4051 OuidsenibueJuogi‚quid
601 3984 696 4035 tentus
709 3995 829 4036 munere
841 3976 922 4052 iungi
976 3984 1066 4050 Quem
1084 3988 1129 4042 tes
1143 3989 1304 4056 damnavit,
1320 3988 1496 4062 gladiusque
1511 4005 1596 4047 meus
1608 3990 1769 4064 jugulavit.

93 4067 196 4126 AEtutis
213 4067 319 4124 tersui
331 4069 465 4134 lovanie,
484 4070 593 4141 majora
609 4085 748 4140 cupesse3
974 4072 1031 4129 Cur
1045 4071 1057 4106 ⁷
1073 4091 1138 4130 mea
1155 4072 1241 4132 laude
1252 4077 1472 4151 coret,quisres
1485 4078 1556 4134 milri
1568 4077 1690 4150 publice
1705 4064 1798 4153 peretl
1845 4070 1848 4109 ¹

92 4158 216 4216 Prtsnrie
230 4159 376 4232 grandem
390 4165 509 4231 sperent
523 4161 684 4216 certamine
699 4159 765 4230 ieri,
974 4162 1029 4218 Sed
1047 4164 1117 4233 quio
1132 4179 1197 4219 cum
1214 4164 1254 4220 sit
1270 4166 1383 4235 ita,non
1398 4173 1469 4223 sunt
1483 4171 1581 4223 tumen
1594 4167 1658 4224 hnc
1670 4168 1796 4242 repetitu.

93 4247 195 4320 Csptel
212 4257 368 4321 proventus
385 4266 485 4320 ponas
501 4248 651 4306 tolerando
662 4250 813 4322 juventus.
974 4252 1120 4307 Hactenus
1134 4251 1252 4321 ignosco
1267 4249 1281 4288 ⁸
1297 4271 1352 4312 raon
1375 4255 1496 4323 reddite,
1513 4272 1592 4313 nuno
1608 4272 1645 4312 ea
1660 4273 1760 4329 poseo.
1846 4278 1848 4315 ;

92 4335 228 4411 Aglodio
240 4346 332 4395 metus
344 4340 404 4410 jum
422 4338 527 4395 debilis
538 4339 668 4412 impetret
683 4345 773 4408 etas3
974 4339 1003 4397 Si
1021 4341 1120 4398 reddis
1137 4341 1225 4412 rives,
1241 4343 1349 4400 chorus
1368 4345 1438 4401 rnihi
1454 4360 1576 4402 munere
1590 4344 1686 4414 dives,

92 4428 103 4465 ¹
121 4427 220 4484 tontis
237 4429 372 4485 robustos
388 4428 490 4483 fornax
502 4433 605 4501 probat
620 4430 740 4501 ignibus
758 4433 850 4500 ustos,
972 4427 1056 4484 Nunc
1071 4445 1191 4486 censum
1207 4437 1300 4488 totum
1325 4448 1382 4490 non
1398 4438 1444 4491 est
1460 4433 1532 4491 mihi
1547 4450 1669 4493 sumere
1693 4438 1798 4505 votum

91 4517 187 4573 Fortis
200 4516 271 4574 veile
286 4517 339 4573 viri
357 4536 412 4574 non
433 4524 478 4574 est
492 4518 583 4574 semel
601 4535 671 4575 ense
687 4517 776 4591 feriri,
972 4523 1027 4575 Pro
1041 4518 1053 4555 l
1067 4524 1151 4592 quasi
1167 4523 1291 4579 serratis
1308 4530 1420 4596 partem
1435 4524 1487 4581 tibi
1503 4524 1603 4582 deiero
1618 4525 1726 4599 gratis,

92 4610 125 4661 Et
140 4624 196 4663 non
212 4613 257 4663 est
274 4608 355 4664 tortis
372 4614 538 4664 consortem
555 4625 686 4680 querere
701 4607 712 4644 ¹
728 4608 841 4667 mortis.
971 4606 1000 4663 Si
1019 4616 1256 4683 repetitumque,
1272 4619 1300 4668 et
1313 4615 1432 4687 cognite
1448 4615 1518 4686 jura
1533 4614 1663 4688 relegas,

90 4692 113 4769 [³
125 4697 229 4752 Turbae
241 4699 394 4771 jungatur,
410 4701 434 4754 si
452 4699 554 4755 cedere
569 4699 636 4771 quis
652 4699 821 4755 meditetur.
973 4695 1023 4753 vix
1036 4704 1081 4754 est
1098 4714 1183 4770 poeno
1199 4701 1283 4756 mori.
1299 4701 1358 4758 Sub
1373 4702 1496 4760 crimine
1505 4702 1570 4776 jem
1585 4703 1716 4777 graviori

91 4782 155 4839 Nun
173 4792 254 4852 perot
271 4787 317 4844 tric
332 4791 450 4843 ‹torsurn
472 4790 521 4861 qui
539 4787 601 4845 vult
617 4805 748 4862 pugnare
771 4805 915 4846 seorsum.
971 4784 994 4822 ¹⁰
1009 4786 1142 4861 Amplior
1155 4794 1200 4845 est
1216 4791 1284 4847 tetis
1300 4795 1495 4866 transgressio
1505 4809 1594 4864 quem
1610 4793 1766 4869 capitalisq

90 4873 101 4909 ⁴
118 4872 207 4941 Bello,
224 4875 280 4931 tide
296 4877 393 4944 tortis,
409 4877 552 4951 gravioris
568 4877 684 4948 suscipe
701 4877 827 4952 mortis}
970 4873 1177 4950 Contempturn
1194 4880 1272 4952 regis
1288 4882 1420 4938 cumulet
1433 4879 1582 4956 despectio
1597 4881 1690 4958 legis,

90 4967 168 5018 Ante
183 4963 302 5034 quidem
319 4967 403 5033 vodo,
420 4967 469 5022 sed
488 4966 638 5024 rnuterism
654 4966 706 5023 tibi
723 4969 805 5023 trodo
969 4967 1011 5022 Ad
1029 4967 1141 5023 lacinus
1156 4969 1265 5041 duplex
1280 4988 1337 5029 uon
1354 4970 1464 5029 sullicit
1479 4969 1555 5029 ultio
1570 4971 1715 5048 simplex,

91 5049 211 5123 Majoris
227 5069 336 5124 poue3
358 5061 424 5128 post
439 5071 565 5128 poeuam,
583 5056 662 5113 sedis
677 5072 809 5115 emens.
970 5055 993 5092 ⁸¹
1011 5054 1091 5114 Ultra
1106 5075 1195 5131 quam
1212 5062 1316 5119 vellem
1331 5078 1421 5137 cogor
1434 5062 1538 5136 punire
1552 5063 1712 5126 rebeliem.

129 5327 266 5398 1Βὴιοιι,
280 5325 384 5383 lienttr.
437 5326 685 5389 ²'Dinon..rurtr'r.
738 5325 838 5383 ⁸'ires
853 5327 882 5383 hi
898 5343 1001 5384 versas
1017 5328 1124 5386 desunt
1143 5330 1172 5387 in
1186 5331 1291 5393 Dinon.
1341 5326 1795 5399 ‘tliceersusdeestinn'rdon-

91 5399 229 5457 editione.
276 5397 553 5466 ⁵Etn.,neriturue.
601 5400 746 5462 ⁸Dinon..
762 5405 933 5458 trementem.
978 5399 1382 5467 'Dtnqdurnonlileruret
1426 5402 1688 5477 'Dlnnunesed
1702 5417 1796 5471 contre

90 5469 371 5600 :gqtsrfflhosefftq.,
387 5470 475 5528 Delus
489 5469 592 5526 seruati
603 5478 714 5542 perterre
730 5473 782 5528 tint
795 5477 922 5545 contero.
974 5469 996 5508 ¹⁰
1008 5471 1085 5539 utu..
1099 5476 1234 5548 Amplius.
1283 5476 1306 5516 ¹¹
1322 5480 1357 5535 iti
1372 5477 1504 5553 quinque
1526 5496 1636 5542 venue
1649 5484 1762 5545 dmnt
1770 5485 1797 5541 itt
