3802 6030
83 66 162 188 Jtr'
340 92 346 101 “
574 104 665 171 vua.
688 104 922 170 nrannaaurr
943 104 1154 171 annotari.
1177 104 1300 169 aaran.
1750 100 1792 173 et

90 231 239 297 dieponene
255 230 374 294 inficere,
389 232 476 290 eidem
491 237 695 306 epiecopoduoe
717 254 750 293 ex
773 239 911 305 discipulis
926 241 949 315 Α
967 238 1038 304 qood
1055 238 1133 306 pejus
1148 241 1197 301 eet,
1213 236 1300 290 multa
1313 240 1408 289 contra
1431 235 1512 288 adem
1533 235 1699 296 catholicam,
1727 250 1791 304 quea

92 305 226 364 cuiatem
251 306 306 357 rita
328 320 409 374 quem
434 308 526 360 babitu
557 311 607 363 eibi
629 312 737 372 similer,
766 315 799 364 ed
827 313 913 365 instar
968 311 1054 364 tidelis
1076 310 1246 362 Christianus
1271 313 1418 362 retractare
1442 306 1619 367 exhorrescit,
1639 309 1791 374 perniciose

92 375 237 429 Salvatoria
255 379 688 442 autelaciemsuumdestinarit,
717 382 762 448 qui
787 396 847 435 cum
869 385 912 435 die
966 382 1304 448 atiuiideliterprotulisti.
1322 384 1406 447 lgitur
1429 396 1461 432 ex
1490 381 1648 432 auctoritate
1676 395 1789 434 summae

93 448 196 500 cicerae
224 454 323 501 nostrae
350 451 480 502 suburbia
510 453 629 507 civit-atie
667 453 827 518 ettipiesent,
865 470 913 507 ene
966 459 993 506 et
1006 453 1156 506 individuae
1179 455 1323 516 trinitatie,
1351 457 1378 505 et
1402 453 1486 505 totius
1514 453 1671 504 orthodoxe
1701 452 1790 505 necte-

18 552 27 577 ,
95 521 172 585 plebe
187 522 312 572 univerae
327 522 397 575 mulo
412 523 521 577 terrene
536 528 683 592 proposito,
707 534 835 593 tanquam
858 528 912 579 Dn-
966 527 1022 589 elea,
1041 533 1068 577 at
1093 534 1193 578 aanclne
1215 525 1261 576 Dei
1284 525 1423 591 genitricis
1446 525 1546 582 itariae,
1566 529 1594 576 et
1616 525 1702 575 sancti
1718 526 1789 576 Petri

94 595 159 645 mini
176 593 358 646 universitatis
382 598 492 658 abactor
514 603 701 665 sueeeperuut.
724 601 857 651 Geretaut
881 615 912 652 ex
964 598 1146 662 apostolorum
1163 599 1301 663 principie,
1331 603 1358 648 ct
1379 595 1472 648 vicarii
1497 600 1557 661 ejus
1580 595 1720 647 reverendi
1744 611 1790 660 pe·

93 666 212 717 doctoris
236 668 433 720 consuetudine
455 670 573 731 buculos,
601 674 727 724 vexillum
757 671 854 732 crucia,
884 675 911 724 in
966 669 1111 720 trienostri
1137 669 1271 720 Paecbalia
1299 682 1384 733 pape,
1413 675 1493 734 atque
1535 667 1667 718 antistitis
1701 667 1791 719 nostri

92 739 323 804 qnorumrertiee
353 741 424 793 lerro
449 742 606 796 lubricatum
631 751 690 797 erat
719 745 840 807 infixam,
865 759 912 796 cn·
965 740 1124 804 Hildeberti,
1150 742 1197 791 tibi
1215 740 1349 807 sociisque
1373 741 1425 790 tuis
1453 741 1522 791 mule
1543 746 1571 790 et
1593 740 1722 791 damnose
1744 753 1789 792 er·

92 811 681 883 loreetexlerioricouversationeepeciem
710 817 912 881 pretendentes
965 813 1020 863 rori
1048 820 1094 864 tuo
1119 812 1331 871 blandientibus,
1357 811 1465 877 petilii!
1491 811 1676 875 imbibitum·
1701 826 1736 862 ne
1760 813 1788 862 in

91 881 290 951 paenitentiam.
316 889 370 935 lios
395 887 465 936 idem
487 887 616 950 pontilex,
642 890 683 941 vir
704 888 829 942 maximae
859 888 913 954 pis·
965 887 1021 936 toto
1049 884 1246 937 cenomanensi
1276 885 1430 950 episcopatu
1461 885 1583 944 ulterius,
1613 896 1664 934 uec
1699 882 1789 948 prire-

92 958 397 1024 tetie,miuuetrgolici
413 962 637 1026 equliormidaas
663 962 785 1021 iusidias,
813 963 911 1015 blande
965 956 1023 1012 tim.
1039 969 1089 1006 nee
1113 954 1221 1020 publice
1243 955 1461 1019 piiedittiiossem
1487 957 1583 1014 illeille»
1610 968 1661 1005 nei
1685 968 1790 1019 peritii·-

91 1028 194 1092 reeeptt
216 1034 242 1080 et
266 1029 372 1092 devote,
401 1030 495 1096 eisque
526 1033 637 1087 urrerem
665 1034 762 1087 trectis
796 1036 909 1101 gretiam
965 1040 1056 1078 eorum
1081 1027 1236 1091 dogmatum
1263 1028 1377 1091 ineptiae
1401 1041 1550 1091 propagare
1576 1039 1733 1092 prenomen·
1759 1026 1787 1078 Si

91 1100 214 1152 exhibuit
229 1104 255 1152 et
283 1101 462 1156 liberalitatis.
487 1106 518 1156 Et
541 1109 664 1173 quumria
685 1108 837 1158 Romanurn
862 1107 912 1159 iter
969 1110 1137 1150 ttr0⁰⁰¹tittt
1163 1104 1263 1149 liniam
1286 1097 1472 1150 ῑΰθῑθῑῑῑῦῑθῑΰ
1497 1099 1668 1163 u⁸¹¹fl³liiliii⁸
1692 1098 1788 1151 nisui·

93 1169 291 1235 aesampeisset,
315 1176 497 1227 lamentarer
519 1183 614 1229 affirm
637 1178 693 1229 eure
716 1178 836 1244 injungit
864 1192 911 1229 er.
966 1169 1008 1220 dle
1022 1169 1146 1221 lancibus
1169 1173 1223 1221 tuis
1246 1171 1448 1222 dehiscentibus
1471 1171 1562 1222 denuo
1581 1172 1655 1220 virus
1680 1170 1787 1230 elicere,

92 1242 266 1301 curtracoute,
284 1247 312 1293 ut
326 1244 365 1295 rtlr
381 1248 603 1310 pseudoeremitae
617 1250 732 1302 ilenrico
756 1250 818 1311 (uec
840 1250 912 1302 enim
967 1242 1060 1294 eatena
1076 1243 1235 1294 anctoritate
1253 1243 1366 1308 eiusque
1380 1244 1521 1308 privilegio
1542 1243 1652 1303 eurota,
1677 1256 1786 1293 excom-

92 1312 203 1367 nomina
230 1315 375 1370 recabatur
402 1318 554 1383 hereticas)
584 1321 723 1387 pacificum
751 1320 912 1386 ingressum,
967 1315 1136 1365 manicemus
1150 1318 1184 1373 la,
1214 1328 1308 1365 omnce
1329 1317 1483 1380 complices,
1514 1314 1634 1366 lautores
1661 1319 1689 1365 et
1709 1314 1787 1381 adju·

91 1389 118 1438 et
132 1385 265 1439 licentiam
282 1391 480 1442 sermocinandi
504 1394 536 1443 ad
559 1394 688 1458 populum
719 1394 912 1458 permitterent.
966 1388 1040 1437 2⁰i0⁸
1055 1385 1495 1451 1110ῦὲθῑῖβῦθιοῦἱῦῑῧῑνῑῦῑῑδῖῑ
1519 1399 1574 1437 ¹¹0⁰
1601 1386 1701 1436 defini·
1721 1398 1789 1435 0⁰⁰·

93 1458 747 1529 Qunmoeniacivitatiaiogreeso,vulgueenlito
772 1479 856 1525 more,
884 1469 914 1516 ut
966 1458 1056 1519 tratre,
1072 1462 1096 1508 te
1114 1459 1141 1507 in
1156 1457 1200 1508 die
1216 1456 1328 1509 dictricti
1355 1457 1447 1523 judicii
1471 1464 1574 1510 aeterua
1597 1456 1788 1509 maledictione

95 1529 222 1588 diximue,
247 1532 430 1597 applaudebat
453 1537 575 1596 novitati,
596 1541 625 1588 et
651 1538 742 1601 potius
769 1550 912 1601 parronam
965 1528 1045 1583 inciti
1059 1528 1218 1595 manclpari.
1233 1548 1247 1575 e

97 1604 245 1653 mirabatur
272 1604 401 1669 incogniti
430 1621 509 1672 quum
538 1608 652 1672 probati.
684 1608 752 1668 Ouid
792 1608 913 1659 mirumt
999 1601 1046 1652 lile
1093 1616 1156 1653 vero
1202 1603 1292 1667 apices
1321 1603 1431 1653 minime
1460 1601 1590 1668 recepit:
1620 1604 1666 1655 sed
1692 1601 1791 1653 Willue

99 1674 360 1728 [estimabantillum
385 1692 458 1728 auam
484 1678 624 1731 honestate
651 1678 749 1730 lamam
778 1680 915 1737 excedere,
974 1673 1065 1724 Musca
1090 1676 1186 1726 seriem
1215 1675 1365 1724 litterarum
1394 1688 1483 1725 coram
1520 1689 1552 1726 eo
1591 1672 1691 1725 retulit.
1724 1672 1794 1724 Huic

98 1744 411 1814 euirumorprreconic,
441 1766 495 1818 quo
518 1751 688 1817 frequentiae
714 1751 808 1810 utitur,
830 1751 920 1803 excel·
973 1748 1213 1812 eenesoppliclum
1236 1753 1354 1797 astantes
1377 1748 1567 1811 minabantur;
1595 1762 1658 1799 nam
1683 1749 1711 1798 in
1733 1760 1794 1812 prc-

99 1817 180 1870 iebat.
196 1820 632 1886 Cujueschismate,taclionibue,
660 1825 773 1886 priuatis
796 1822 919 1887 largitio·
972 1819 1074 1882 patulo.
1091 1820 1184 1870 utaibi
1213 1819 1298 1868 vicum
1324 1818 1420 1869 tuerat.
1445 1818 1562 1870 ilenrico
1589 1821 1717 1870 audacter
1743 1833 1793 1878 op·

100 1892 191 1953 nibus,
218 1892 338 1960 plerique
360 1894 517 1948 ctericoum
545 1897 681 1957 excecati,
709 1895 853 1960 plebecula
875 1895 921 1946 dc·
974 1890 1082 1953 probriu
1105 1891 1252 1956 ingerebat·
1279 1890 1411 1942 flentiottt
1439 1891 1518 1955 9¹⁸⁰ss
1551 1891 1665 1951 *intulit
1692 1890 1793 1942 littera·

101 1962 308 2015 clamattccibus
330 1965 456 2017 alimenta
480 1966 676 2026 ministrabant,
699 1966 818 2018 tribuual
849 1979 920 2031 pree·
972 1975 1032 2013 rum
1061 1962 1279 2015 distinctionibus
1305 1970 1385 2026 ceput
1412 1964 1561 2015 mutando:
1586 1963 1718 2022 ueretris,
1742 1963 1794 2015 lte·

99 2041 236 2099 parantes,
262 2038 333 2088 unde
357 2039 529 2090 concionator
550 2038 596 2090 ille
618 2039 711 2089 turbae
738 2038 920 2100 alloqueretur
972 2034 1140 2086 rabat.Sane
1156 2033 1208 2085 nisi
1224 2033 1329 2096 depiles
1350 2037 1470 2086 consulis
1491 2035 1547 2087 illic
1572 2036 1688 2095 adesset,
1715 2036 1794 2102 cuijus

98 2107 371 2170 nbeequentiumsibi
396 2111 568 2174 populorum.
592 2109 735 2174 Caeterum,
765 2110 828 2161 dum
857 2125 919 2161 nra·
972 2107 1272 2158 conductuwitletmua
1299 2106 1349 2159 iter
1376 2108 1441 2158 illud
1467 2113 1624 2170 sumpserat,
1654 2122 1793 2174 nunquam

99 2176 200 2228 tionem
216 2178 328 2231 haberet
342 2181 374 2231 ad
390 2183 533 2247 poputum,
547 2183 648 2233 eisdem
663 2183 765 2234 clericis
780 2182 812 2232 ad
838 2182 919 2246 pedes
972 2183 1050 2233 virus
1067 2182 1100 2233 ad
1117 2188 1227 2233 matrem
1243 2186 1376 2233 recrearet
1403 2183 1552 2234 ecclesiam.
1576 2184 1622 2233 lile
1645 2183 1682 2234 ila
1702 2185 1794 2248 gestie,

99 2250 159 2314 ejus
170 2249 355 2304 residentibus
369 2257 396 2304 et
410 2253 546 2311 flentibus,
562 2254 609 2305 lali
625 2254 768 2305 resonabat
796 2254 917 2312 oraculo,
973 2267 1023 2304 nec
1046 2255 1134 2304 minue
1162 2256 1234 2318 apud
1265 2254 1391 2306 Sanctum
1417 2255 1579 2305 Germanum
1605 2258 1631 2306 et
1663 2255 1792 2307 Sanctum

99 2335 129 2373 ac
144 2321 166 2372 ei
183 2322 336 2375 demonum
352 2325 536 2389 legioneeuuo
552 2326 626 2377 hiatu
641 2326 700 2390 etue
727 2340 774 2377 ore
796 2339 919 2377 murmur
972 2325 1145 2377 vincentium
1169 2327 1312 2393 eacrilrgoe
1340 2328 1436 2391 agebat
1469 2334 1627 2392 conventus,
1659 2329 1705 2378 ubi
1748 2326 1794 2378 do·

98 2393 287 2457 exprimerent.
302 2397 493 2448 Verumtamen
506 2397 603 2448 mirum
631 2398 659 2448 iu
685 2399 795 2449 nundum
823 2397 920 2447 lacun-
972 2399 1454 2464 gmatiaabatnovumdogma‚quod
1484 2399 1590 2452 laminae
1612 2413 1673 2467 qum
1702 2400 1794 2450 minue

99 2466 150 2516 dus
167 2472 231 2529 erat,
248 2469 325 2531 eujus
340 2484 428 2520 sermo
451 2471 489 2519 ita
512 2468 649 2520 mentibus
672 2467 744 2534 vulgi
769 2484 817 2534 per
840 2483 919 2520 aures
972 2475 1044 2521 caete
1072 2471 1201 2529 vixerant,
1231 2484 1320 2521 eoram
1349 2472 1475 2522 omuibus
1503 2478 1591 2523 veatae
1626 2485 1689 2522 snae
1729 2485 1793 2523 cum

98 2537 205 2588 inlusus
233 2540 359 2598 terebat,
389 2541 466 2605 quasi
492 2554 586 2591 recena
629 2554 766 2593 venenum
803 2540 919 2591 interius
972 2542 1092 2595 crinibus
1119 2542 1199 2593 nuder
1228 2542 1435 2604 comburenaum
1463 2557 1513 2594 nec
1537 2543 1654 2608 quilibet
1675 2543 1794 2607 emplius

98 2610 226 2663 membris
249 2611 391 2678 indagatis,
415 2612 484 2664 eirca
511 2612 601 2663 vitalia
625 2614 688 2665 lotis
713 2613 831 2665 collectis
854 2613 917 2664 riri·
973 2629 1077 2675 aarum,
1119 2620 1268 2680 argentum,
1315 2613 1507 2679 poseeeeionee,
1552 2615 1686 2678 erronealia
1732 2629 1793 2666 cum

98 2683 224 2734 barcam
247 2685 303 2734 vita
322 2684 487 2736 inexorabile
513 2699 643 2736 exercens
665 2685 766 2742 odim,
789 2700 818 2737 ae
844 2686 919 2738 insse·
972 2701 1056 2740 uxore
1073 2692 1198 2746 sumeret,
1217 2686 1320 2738 necilli
1345 2687 1434 2739 dotem
1460 2687 1610 2749 conterret;
1640 2687 1686 2739 aed
1703 2687 1794 2739 undae

98 2754 145 2806 cttt
173 2752 289 2807 aridius.
314 2757 468 2823 jugiterque
506 2758 687 2821 degruaeulur.
721 2758 785 2817 Qum
823 2757 918 2810 barreti
972 2762 1082 2819 nudam,
1112 2760 1208 2810 debilia
1235 2766 1373 2827 egreiam,
1403 2775 1506 2824 patrper
1534 2761 1645 2813 duceret
1670 2774 1793 2825 egenam,

97 2826 330 2891 plebeinaleruur
347 2828 522 2880 rereueetiu
539 2830 664 2889 turonem,
685 2829 752 2881 eden
776 2831 849 2896 quod
877 2831 918 2881 ia·
972 2845 1022 2883 nec
1053 2835 1178 2881 curarent
1201 2831 1257 2881 sire
1284 2839 1367 2890 caete,
1395 2832 1451 2883 sire
1479 2833 1580 2883 inceste
1624 2830 1792 2882 connubium

97 2897 177 2949 multe
200 2911 294 2950 eorum
316 2900 487 2952 minarentur
511 2903 653 2961 cruciatae,
678 2915 727 2954 nec
753 2903 791 2952 eie
814 2902 917 2968 aliquid
971 2901 1142 2953 aorliranlur.
1173 2903 1239 2952 Dum
1269 2916 1312 2966 aa,
1341 2905 1410 2954 sicut
1435 2905 1463 2953 in
1504 2909 1640 2969 posternat
1679 2901 1791 2963 dixerat,

97 2969 224 3028 vendere,
240 2971 281 3020 rel
297 2972 330 3021 ab
346 2973 486 3023 ricemere
512 2973 678 3034 voluisseut;
705 2974 760 3024 imo
783 2974 917 3024 trabebant
972 2979 1126 3038 agerentur,
1155 2973 1201 3023 ille
1228 2976 1291 3040 quid
1323 2974 1437 3040 singulas
1474 2976 1605 3026 baberent
1644 2975 1793 3025 venustatis

99 3054 146 3092 ece
160 3041 230 3092 sicut
243 3041 366 3095 ethnicos
383 3049 410 3095 et
433 3045 599 3109 publicanos.
622 3045 755 3098 Praeterea
776 3059 829 3096 non
858 3050 916 3096 tan·
972 3045 1129 3102 mirabatur,
1156 3058 1216 3108 quae
1242 3045 1345 3097 caeteris
1375 3046 1490 3096 caudore
1519 3046 1667 3105 excelleret,
1695 3046 1791 3096 relut-

99 3119 155 3167 tum
179 3115 250 3166 redes
279 3130 371 3167 eorum
393 3118 518 3177 obruere,
549 3122 575 3169 et
606 3118 678 3168 boun
702 3118 839 3182 dissipare,
870 3118 917 3169 sed
969 3123 1028 3169 tora
1056 3116 1177 3179 eorporis
1207 3116 1374 3181 splendidior
1397 3118 1549 3168 haberetur.
1580 3119 1617 3168 lix
1642 3117 1720 3185 jussu
1752 3122 1791 3167 ta·

98 3184 487 3252 illoslapidare,autaitlpere
512 3190 634 3254 patibulo
659 3190 843 3247 decreverant,
865 3189 917 3239 nisi
970 3204 1030 3240 men
1060 3187 1129 3237 illiue
1157 3187 1240 3252 plebia
1263 3191 1331 3240 notio
1353 3191 1492 3254 pendebat
1517 3187 1644 3239 universa
1671 3191 1698 3239 et
1723 3187 1790 3239 aise-

96 3256 222 3323 princepe
235 3263 261 3309 at
275 3261 419 3322 optimates
433 3260 501 3328 rjus,
524 3262 631 3326 cognita
655 3262 760 3312 illorum
787 3259 916 3327 nequitia,
968 3261 1220 3317 c¹us.‘l'antaaori,
1243 3264 1319 3311 tanta
1341 3263 1446 3312 cruenti
1470 3261 1619 3321 atlluantia,
1644 3257 1667 3311 ei
1697 3260 1789 3320 vellet,

95 3329 461 3392 uelandieauaibuesuis,vi
480 3333 579 3398 potius,
595 3334 793 3397 quumratione
820 3332 917 3394 (bellue
968 3333 1140 3390 redundaret,
1163 3338 1192 3382 ut
1215 3346 1282 3396 opea
1303 3334 1423 3383 omnium
1450 3334 1525 3383 solua
1545 3333 1682 3383 rideretur
1704 3332 1789 3396 poesi·

96 3403 167 3455 enim
183 3405 314 3456 rationem
330 3420 384 3457 non
409 3407 535 3469 aelurittit)
562 3407 726 3456 resisterent.
750 3404 916 3468 Quidemque
968 3407 1040 3458 dere.
1065 3406 1139 3458 Licet
1167 3405 1244 3470 plane
1271 3406 1354 3455 multe
1382 3408 1521 3471 reciperet,
1547 3409 1638 3456 tamen
1662 3404 1788 3470 parcebat

96 3476 395 3530 exclaricielneadem
419 3479 485 3529 arba
507 3477 688 3538 manentibus,
713 3477 791 3542 Hugo
815 3477 916 3528 eeilieet
967 3479 1117 3544 cupiditn'i.
1149 3492 1182 3529 ne
1207 3477 1289 3528 nimis
1314 3478 1471 3529 ambitiosus
1499 3476 1645 3529 videretur.
1682 3478 1790 3528 Verum·

96 3547 238 3610 deOesllo.
264 3555 290 3602 et
313 3551 410 3602 Willus
433 3548 717 3612 Quinonbibilaquam,
742 3554 769 3598 et
790 3550 916 3612 Pagunne
967 3554 1056 3602 tamen
1073 3550 1215 3614 pluraaibi
1240 3555 1369 3606 retinens,
1393 3564 1479 3615 pauca
1506 3551 1539 3600 ad
1563 3552 1788 3602 restaurationem

95 3618 540 3686 Aldrieue,cumquadumdiend
560 3621 721 3684 cumgratia
746 3619 915 3683 disceptandi
967 3636 1129 3688 pannorum,
1163 3622 1219 3685 qui,
1254 3626 1282 3672 ut
1313 3623 1413 3672 dictum
1447 3624 1497 3676 aet,
1531 3621 1635 3672 incensi
1671 3621 1786 3688 inerant,

96 3692 279 3753 accessissent,
296 3694 470 3743 vehementer
493 3691 636 3749 verberati,
661 3698 687 3742 ct
711 3691 737 3741 in
761 3690 863 3749 buccis,
887 3692 914 3743 in
967 3693 1150 3745 conterebant.
1174 3693 1362 3760 Eiusquoqoe
1390 3695 1528 3745 admonitu
1556 3694 1631 3744 mulli
1654 3693 1788 3760 juranum

94 3761 195 3813 lutoet
215 3764 243 3812 in
275 3777 351 3815 coeurc
379 3764 573 3815 corutumelioee
601 3763 691 3813 obruti
719 3767 746 3813 et
774 3762 914 3828 sordidati,
967 3766 1110 3823 ducebant,
1144 3765 1252 3815 venales
1285 3767 1417 3824 mulieres,
1451 3766 1549 3831 quibus
1580 3767 1638 3831 ipse
1682 3780 1787 3830 panuoe

93 3832 137 3883 rlx
166 3830 224 3882 eine
252 3834 346 3885 mortis
365 3835 520 3886 discrimine
544 3834 674 3898 impetum
696 3835 804 3886 laricem
828 3836 915 3902 plebia
967 3838 1052 3902 pretio
1080 3840 1194 3902 quatuor
1220 3837 1365 3887 solidorum
1391 3839 1507 3894 emebat,
1544 3849 1598 3900 quo
1636 3837 1785 3888 nuditatem

93 3907 241 3969 potuerunt
259 3909 411 3970 sustiuere3
437 3909 490 3959 imo
510 3912 650 3972 postquam
680 3911 824 3958 evaseruut
847 3912 915 3972 peri·
967 3921 1043 3958 errem
1072 3907 1259 3958 tautummodo
1290 3911 1505 3972 supertegerant.
1533 3907 1569 3958 At
1596 3921 1677 3959 verus
1698 3909 1787 3960 ludex

94 3976 304 4035 calamentum
330 3981 459 4044 protectio
486 3979 579 4030 struitis
603 3977 673 4034 rure
698 3977 849 4030 videbatur.
873 3979 915 4030 lttt
966 3980 1063 4042 opibus
1094 3977 1228 4044 quassatis
1261 3976 1390 4038 haeretici,
1424 3978 1527 4029 certaria
1557 3982 1676 4029 innotuit
1697 3981 1787 4044 qualia

94 4046 167 4099 enim
191 4050 224 4100 ab
252 4050 318 4114 ipsis
347 4052 543 4113 comprehensi,
575 4049 729 4100 nullalenus
765 4049 916 4102 eraeiesrnt
967 4055 1037 4101 esset
1062 4051 1152 4112 arbor,
1182 4050 1245 4101 tolia
1274 4049 1415 4114 proterens
1442 4052 1501 4100 aine
1526 4052 1637 4103 tractu:
1662 4065 1722 4115 quaa
1746 4058 1788 4103 la-

95 4119 252 4183 periculum,
272 4123 322 4173 nisi
338 4121 444 4174 comitis
458 4128 483 4172 et
497 4120 656 4188 optimatum
681 4121 740 4186 ejus
766 4124 914 4185 patrocinio
967 4135 1027 4172 men
1054 4125 1167 4183 ocetrpat
1205 4127 1313 4178 terrum,
1355 4127 1382 4172 et
1422 4136 1537 4188 qumque
1578 4125 1787 4189 circumquaque

94 4191 714 4259 latebresaubirepotuissent.-Nanr,sicut
735 4193 835 4244 dietum
865 4200 914 4253 eet,
965 4193 1145 4259 germinantia
1180 4192 1337 4258 exstinguit,
1376 4197 1500 4244 nescisne
1536 4199 1689 4258 exspectare
1727 4196 1787 4247 laie-

95 4263 221 4331 princeps
252 4265 371 4319 civitatis
398 4267 504 4317 illorum
533 4261 618 4315 errori
648 4263 914 4321 caeteteraaullale·
967 4278 1046 4323 mem,
1068 4263 1114 4313 ard
1136 4268 1229 4316 melate
1261 4267 1357 4316 arescit
1385 4269 1411 4315 et
1435 4266 1557 4316 ntoritnr.
1580 4267 1697 4317 iuvenes
1713 4270 1786 4321 enim

94 4349 147 4387 nus
175 4351 190 4387 a
217 4336 375 4390 clericorum
405 4338 518 4389 tuitione
544 4336 649 4386 volebat
675 4335 786 4385 resilire.
817 4336 913 4388 Clerici
966 4337 1143 4403 quinequam
1167 4337 1225 4400 ejus
1244 4337 1356 4386 consilio
1382 4350 1481 4388 uxorea
1506 4345 1675 4400 acceptarent,
1701 4353 1787 4402 parvo

94 4411 376 4477 reroperquemdam
402 4410 560 4460 canonicum
584 4407 672 4459 eidem
698 4406 845 4472 hypocrita
872 4401 1094 4471 lit-Dtenrporie
1122 4407 1225 4471 dilapso
1253 4408 1398 4465 curriculo,
1427 4414 1473 4459 eut
1503 4410 1581 4468 ieme,
1610 4416 1656 4463 aut
1692 4419 1787 4478 stupro

93 4483 173 4542 teras,
189 4484 253 4546 quin
267 4484 329 4535 riva
343 4498 408 4535 uoce
423 4496 482 4533 eum
500 4495 532 4533 so
549 4477 623 4546 loqui
639 4491 694 4531 nnn
710 4478 854 4541 audebant,
883 4481 911 4532 in

91 4550 166 4602 hunc
180 4553 290 4604 modium
302 4554 491 4605 transmisere:

125 4623 268 4675 «Ecclesia
292 4631 384 4677 noalra
406 4631 430 4676 te
454 4632 480 4676 et
502 4622 589 4674 socios
609 4628 671 4675 tuoe
691 4621 721 4673 in
744 4623 912 4675 vestimentis

92 4694 184 4746 orium
203 4699 349 4757 venientes,
375 4698 422 4748 aed
450 4696 614 4747 intrinsecus
637 4695 694 4760 lupi
722 4695 825 4761 rapacia
854 4710 910 4747 mo·

93 4767 185 4818 lientie
214 4767 336 4829 insidias,
365 4783 426 4820 cunr
458 4782 524 4834 paca
550 4767 651 4829 recepit
674 4770 702 4818 et
725 4767 913 4832 taucrelpaa

93 4836 175 4888 etiam
196 4838 244 4890 tibi
268 4840 393 4892 edentum
416 4844 444 4891 et
471 4839 592 4890 effectum
621 4839 746 4891 fraternas
773 4838 912 4890 ebaritatie

94 4909 224 4970 exhibuit,
247 4911 404 4963 existimana
431 4911 504 4978 quod
529 4912 657 4976 populum
685 4910 718 4962 de
746 4910 832 4962 saluta
854 4909 914 4962 eni·

93 4993 197 5032 marum
215 4982 534 5041 tidelitrruommoueree,
549 4987 575 5032 rt
594 4996 688 5032 semen
713 4982 787 5032 verbi
812 4981 857 5034 Dei
883 4983 911 5034 in

92 5053 219 5106 cordibus
247 5070 342 5109 eorum
370 5056 512 5106 sinceriter
534 5056 702 5118 ecmlnaree;
733 5053 781 5105 aad
809 5058 839 5106 ut
863 5070 911 5120 pro

90 5137 157 5189 pecc
183 5124 261 5186 iram,
287 5142 334 5191 pro
363 5128 466 5178 bonore
493 5127 676 5192 opprobrium,
704 5140 753 5191 pro
781 5127 911 5178 charitate

91 5197 194 5258 odium,
225 5199 442 5252 maledictionem
469 5213 517 5260 pro
553 5197 744 5249 barnadictione
783 5212 911 5264 perverso

91 5269 187 5322 ordine
210 5272 333 5333 reddere,
362 5278 390 5324 et
417 5270 560 5322 Ecclesiam
590 5268 637 5319 Dei
660 5270 767 5320 lallacia
792 5277 912 5335 tueper·

93 5340 431 5410 turbere'prersnmpeieti;
448 5356 508 5392 nam
524 5343 595 5391 inter
612 5340 710 5392 clerum
727 5345 755 5392 et
781 5343 912 5406 poputum

91 5410 251 5465 discordiam
280 5416 428 5472 seminasti,
457 5427 489 5464 ae
518 5411 648 5462 ecditicree
673 5411 757 5474 plebia
790 5414 913 5464 multitu·

92 5481 184 5534 dinem
200 5500 260 5537 oum
276 5486 371 5552 gladiis
385 5491 411 5539 et
427 5485 543 5536 luatibue
566 5484 696 5532 adversae
720 5489 831 5534 nratrem
862 5485 912 5535 Ec·

92 5553 203 5607 otaeiem
227 5561 371 5611 traditione
394 5557 483 5609 declae
506 5554 601 5606 iterata
623 5554 810 5615 commus-istu
834 5555 912 5607 nobie

90 5629 212 5681 caculam
232 5632 310 5684 lotae
334 5628 484 5694 porresietl,
510 5630 653 5692 noequeet
677 5624 827 5678 uuiversum
859 5628 914 5681 cle·

90 5709 153 5755 rura
177 5700 287 5767 publica
310 5695 419 5770 iniuria·
433 5698 577 5754 terretur
602 5693 762 5766 epptllmtlr
790 5697 911 5766 insuper,

964 4478 1095 4544 compulsi
1118 4481 1272 4536 mulierum.
1298 4481 1330 4530 ed
1360 4480 1426 4530 aliae
1450 4485 1539 4544 partae
1572 4484 1786 4549 transvolabant,

963 4551 1078 4604 feminae
1097 4551 1282 4617 relinquentes
1310 4553 1393 4602 totius
1421 4558 1531 4613 epactes
1559 4553 1663 4606 auxilii.
1688 4557 1785 4622 Sicque

964 4623 1002 4674 illi
1030 4623 1089 4675 aliis
1116 4622 1144 4674 in
1170 4622 1304 4676 adulterio
1332 4624 1514 4684 adhaerebant,
1545 4631 1572 4677 et
1603 4627 1669 4686 lpse
1697 4631 1786 4683 adhuc

965 4695 1067 4746 maritis
1089 4697 1143 4746 auis
1166 4694 1367 4758 superstitione,
1394 4695 1505 4746 aliorum
1529 4700 1665 4749 connubia
1692 4700 1785 4753 illicite

964 4769 1164 4832 exspectabant.
1193 4770 1276 4820 Nemo
1307 4769 1378 4820 enim
1403 4782 1436 4818 ex
1463 4769 1515 4818 illis
1540 4769 1587 4834 qui
1615 4774 1786 4835 ejuaexlror·

964 4841 1064 4890 tatione
1097 4838 1252 4903 conjugium
1286 4840 1417 4901 inierunt,
1462 4853 1522 4890 cum
1563 4843 1640 4892 multi
1684 4850 1785 4908 essent,

965 4925 1084 4977 unquam
1114 4912 1191 4960 uxori
1218 4924 1285 4970 strar,
1314 4910 1357 4961 vel
1379 4911 1437 4960 viro
1463 4911 1564 4975 conjux
1600 4913 1679 4965 tidem
1710 4917 1787 4968 euhi-

965 4982 1032 5046 butl,
1061 4982 1103 5030 ret
1128 4983 1325 5039 reuerentiam
1353 4982 1396 5031 vel
1425 4983 1552 5045 quaelubet
1588 4986 1641 5036 alie
1680 4988 1787 5050 mulier,

964 5067 1025 5119 quar
1064 5051 1245 5110 fornicationi,
1277 5052 1379 5102 delinita
1410 5052 1643 5116 vestimentorum.
1683 5059 1786 5126 jureju-

964 5125 1048 5176 rando
1078 5123 1306 5186 abrenuntiasset,
1348 5126 1436 5188 poluit
1466 5140 1495 5178 ee
1534 5131 1697 5182 continere:
1737 5135 1786 5185 aed

964 5198 992 5249 in
1007 5198 1064 5248 dies
1087 5197 1287 5262 augmentando
1310 5198 1440 5258 incinere,
1460 5199 1490 5250 in
1513 5199 1646 5254 deteriora
1673 5203 1786 5270 delapsa

964 5273 1014 5322 eet.

996 5342 1058 5392 llaec
1089 5344 1117 5392 et
1148 5340 1232 5392 multe
1264 5340 1307 5390 hie
1338 5340 1435 5393 similia
1467 5346 1575 5394 exactor
1608 5345 1654 5397 ille
1683 5346 1787 5414 jugiter

963 5413 1115 5480 perdolens,
1147 5414 1265 5464 adventu
1289 5413 1398 5479 cognito
1440 5413 1578 5478 antistitio,
1614 5418 1669 5484 qut,
1715 5419 1788 5472 sicut

963 5485 1175 5551 prelibavimus,
1212 5486 1325 5535 Romam
1368 5484 1503 5549 protectae
1544 5486 1639 5548 luerat,
1676 5494 1789 5545 secessit

964 5560 992 5609 ln
1017 5564 1135 5608 caeteram
1156 5556 1247 5609 Sancti
1270 5556 1389 5614 Kerllatt,
1416 5555 1506 5620 tbtqne
1529 5562 1556 5609 et
1583 5559 1610 5609 lu
1639 5560 1706 5612 tonte
1736 5561 1791 5615 cir-

964 5628 1123 5693 cumpositis
1150 5628 1312 5684 morabatnr.
1347 5640 1518 5694 nequaquam
1550 5626 1670 5697 incaepto
1712 5633 1787 5686 (leet.

965 5702 1047 5764 eune,
1062 5701 1110 5753 reat
1133 5699 1254 5768 quercu
1281 5699 1316 5752 art
1343 5702 1459 5767 quoqne
1486 5701 1603 5766 marca
1630 5704 1788 5759 inemtas.
