3802 6030
647 231 738 295 VEN.
760 226 1000 291 HlLDllBER'l'l
1022 224 1221 288 OENOMAN.
1245 222 1364 286 selec.

439 485 674 555 ’ω’-θ*
710 493 933 623 vam.
971 487 1585 619 iiinunnnuni
1894 386 1897 393 ¹

898 701 1133 791 CAlillEN

632 871 718 982 tit
763 865 1055 981 stultos
1097 865 1382 978 necue!

207 1047 240 1121 (e
256 1017 356 1107 oedloe
373 1063 429 1104 ms.
444 1046 676 1122 quingentorum
692 1048 727 1106 ed
744 1048 843 1106 minus
859 1042 1205 1187 annorutm,tmona)aeterii
1218 1048 1247 1100 S.
1263 1040 1387 1099 Merieni
1398 1040 1573 1110 autissiod,
1589 1040 1706 1099 ordinis
1726 1046 1808 1100 Prae·

883 1135 967 1176 mons
982 1135 1013 1173 ra
1028 1132 1129 1174 suere.

379 1333 416 1390 IN
442 1333 580 1391 LIBRUM
610 1335 752 1393 PRIMUM
996 1336 1021 1404 Α
1071 1332 1123 1390 Cui
1141 1330 1757 1403 Samuelregnumdonet,etungiteum.

157 1424 287 1483 Meleona
301 1424 338 1480 de
352 1424 494 1480 Ramathe
509 1425 671 1482 Pheuennae
686 1441 815 1499 sponsus
838 1430 868 1482 et
886 1431 981 1481 Anum
1033 1423 1170 1495 Quosque
1184 1422 1273 1478 labes
1289 1421 1410 1488 Galeed,
1428 1421 1485 1477 nisi
1502 1421 1613 1478 destris
1637 1420 1733 1492 privet
1756 1418 1861 1488 ocellis,

191 1513 319 1571 Venerat
333 1513 363 1569 iu
379 1513 439 1571 Silo
455 1529 537 1570 sacre
552 1514 611 1571 Deo
624 1517 718 1572 iuuere
732 1514 767 1570 ⁷³.
1069 1511 1156 1568 Nulla
1171 1512 1247 1568 Nues
1262 1511 1331 1566 dare
1348 1509 1411 1566 vult
1428 1511 1538 1567 laudere
1553 1512 1635 1584 peois
1651 1511 1705 1566 eis.

160 1606 227 1660 Fert
240 1601 318 1676 epuli
333 1609 430 1677 partes
445 1603 615 1674 Pheuenna,
632 1605 678 1660 eui
694 1621 809 1677 quoque
825 1603 897 1674 nati,
1036 1607 1094 1662 Moe
1109 1603 1178 1662 Saul
1192 1604 1307 1669 audito,
1323 1603 1442 1660 veniens
1460 1619 1527 1659 oum
1543 1603 1638 1661 bobus
1653 1603 1690 1660 eb
1707 1618 1779 1676 egro

193 1690 255 1748 Una
270 1691 327 1747 oibl
344 1708 412 1764 pere
427 1696 482 1762 est,
497 1692 589 1757 Anna,
605 1692 658 1748 tibi
674 1691 777 1748 sterili.
1072 1692 1283 1764 Competiendo
1293 1692 1391 1758 lebes,
1408 1696 1517 1749 meotat
1532 1696 1674 1766 utrosque
1688 1692 1791 1749 boves.

35 1824 40 1833 .
72 1856 76 1863 ¹
157 1780 832 1854 Annesaeerdotireputaturllelitemulenta,
1037 1784 1249 1844 Frusteboum
1266 1779 1861 1856 mittensSanlegmiuaquenderoeevit:

192 1873 264 1927 Cum
279 1873 357 1926 tecet
370 1869 401 1926 in
417 1869 537 1943 templo,
555 1869 686 1944 flensque
702 1875 799 1928 moret
813 1870 902 1928 labie.
1074 1875 1122 1931 Sie
1137 1873 1247 1930 luciam
1264 1872 1360 1928 bobus
1375 1887 1432 1928 non
1447 1870 1604 1943 venientis,
1615 1870 1667 1928 eit,

157 1958 377 2017 stabilianum
392 1976 460 2016 suos
475 1960 545 2032 quia
560 1959 658 2016 vultus
674 1976 730 2016 non
747 1959 881 2028 variavit,
1039 1962 1129 2022 lsrael
1140 1969 1168 2019 et
1181 1963 1197 2020 J
1202 1961 1266 2018 ude
1281 1961 1351 2018 Saul
1366 1961 1396 2018 in
1412 1965 1499 2018 Bezee
1515 1959 1634 2034 agmine
1649 1959 1742 2029 dueit,

195 2049 232 2108 Ut
246 2049 332 2108 breve
348 2055 415 2122 post
428 2055 545 2122 tempus
559 2052 727 2124 eoneiperet
741 2053 860 2109 meruit.
1075 2057 1170 2125 Atque
1180 2052 1257 2108 Noas
1272 2067 1346 2108 orreo
1362 2066 1413 2106 rex
1427 2050 1536 2123 populo
1553 2049 1671 2122 placuit.

34 2186 38 2195 .
160 2142 245 2200 Anna
259 2141 332 2210 petit
348 2146 463 2207 netum,
478 2141 644 2198 Samuelem
661 2142 712 2198 det
726 2143 804 2199 Deus
819 2140 873 2213 illi,
1039 2142 1087 2200 Sel
1104 2141 1236 2208 micat,et
1246 2140 1363 2198 Samuel
1375 2141 1516 2214 precedet
1525 2140 1666 2196 tonitrum
1681 2137 1866 2212 pluviaeque,

196 2230 251 2298 Qui
268 2247 339 2304 puer
354 2232 383 2286 in
399 2230 458 2287 Silo
472 2230 637 2303 discipulus
652 2233 684 2287 iit
700 2230 773 2288 Heli.
1076 2231 1220 2304 Plebsque
1241 2231 1344 2302 probat
1357 2246 1454 2303 regem
1471 2246 1502 2287 se
1519 2230 1636 2302 petiisse
1653 2227 1742 2285 mele.

161 2319 239 2386 Quos
254 2319 404 2393 generavit
419 2319 492 2387 Heli,
508 2322 632 2377 Phineos
655 2322 796 2377 dieantur
823 2324 852 2377 et
880 2319 988 2392 ophni,
1041 2323 1217 2377 Innumerae
1231 2320 1343 2376 ducens
1359 2335 1447 2391 super
1463 2319 1550 2375 lsrael
1568 2335 1635 2374 erre
1650 2328 1795 2385 catervas,

197 2409 269 2466 Cum
286 2409 395 2482 quibus
412 2408 475 2482 ipss
492 2409 565 2482 perit
580 2411 650 2465 dum
667 2408 828 2467 minushos
844 2408 986 2482 reprimit.
1076 2409 1179 2466 Castra
1194 2409 1381 2466 Philisthoeue
1396 2408 1520 2466 collocet
1534 2408 1564 2464 in
1579 2406 1744 2465 Machmas.

164 2498 198 2554 Hi
215 2498 373 2554 comedunt
387 2498 515 2570 adipem,
532 2515 618 2570 quem
632 2499 724 2570 jussit
739 2497 784 2555 lex
800 2499 921 2565 adoleri,
1043 2500 1103 2557 Rex
1115 2498 1184 2555 Saul
1200 2505 1228 2554 et
1242 2498 1386 2554 lonethae
1401 2499 1489 2555 habet
1503 2514 1603 2554 ensem
1621 2498 1701 2554 lilius
1716 2500 1794 2569 ejus,

199 2587 234 2643 Et
246 2591 353 2643 oosunt
367 2588 473 2643 sourtis
489 2592 556 2642 ante
570 2590 692 2643 domum
714 2589 838 2646 Domini.
1078 2589 1133 2645 Sed
1152 2588 1259 2661 populo
1275 2604 1332 2643 non
1348 2594 1392 2644 est
1405 2587 1507 2644 lancee
1520 2586 1564 2642 vel
1578 2584 1706 2660 gladius.

164 2676 325 2734 enemim
339 2674 456 2732 Samuel
472 2677 542 2732 dum
560 2677 668 2733 dormit
682 2680 726 2733 ter
741 2679 897 2743 vooitetus,
1000 2711 1024 2779 Β
1044 2680 1076 2734 ln
1090 2681 1185 2750 spatio
1200 2678 1277 2749 quod
1293 2685 1355 2733 arat
1368 2676 1421 2732 bos
1437 2679 1524 2733 binus
1537 2675 1601 2733 luce
1616 2677 1673 2733 sub
1689 2691 1761 2744 uns,

202 2766 358 2837 Promptus
373 2763 436 2820 Heli
452 2773 494 2821 ter
508 2765 602 2835 adest,
618 2765 697 2823 huno
711 2766 835 2823 rooitere
849 2771 950 2824 ratus:
1081 2767 1247 2839 lllophploe
1261 2766 1366 2822 sternit
1381 2767 1511 2839 quinque
1527 2772 1629 2837 quater
1641 2763 1783 2823 lonatha.

164 2854 227 2912 Non
243 2869 323 2921 voco,
340 2854 413 2910 dixit
428 2852 501 2912 Mali.
518 2854 585 2911 Post
602 2853 656 2911 hoo
675 2855 774 2928 aliquo
791 2856 936 2914 vocitante
1041 2860 1120 2924 Quos
1147 2856 1289 2914 Jonethas
1317 2858 1433 2927 sternit,
1459 2856 1597 2929 quonism
1623 2860 1709 2913 neeet
1741 2853 1869 2928 armiger

201 2943 243 3001 Ne
257 2942 368 3014 venias,
384 2944 435 3000 sed
452 2943 500 3000 dio
515 2960 522 3000 :
539 2945 643 3008 Audio,
657 2945 714 3013 dio,
730 2945 863 3004 Domine.
1765 2947 1867 3016 lenus,

165 3033 334 3091 Adveniens
348 3032 492 3090 Dominus
507 3033 673 3091 Samuelem
690 3043 794 3107 quarto
806 3038 941 3092 vocatum
1077 3039 1096 3093 l
1111 3035 1233 3093 Domino
1249 3036 1358 3091 lectum
1375 3035 1513 3108 predicet
1528 3035 1581 3092 hoe
1596 3032 1736 3108 populus.

199 3122 307 3179 Edoest
322 3121 377 3179 hoo
390 3123 466 3195 quod
484 3122 546 3180 Meli
562 3124 700 3197 praevidet
715 3125 777 3197 ipse
794 3124 915 3182 melum.
1040 3132 1116 3184 Dum
1134 3129 1215 3200 lugat
1230 3124 1412 3198 allophylos,
1430 3125 1640 3198 nequisquam
1664 3124 1791 3197 praedis
1815 3140 1866 3181 su·

164 3212 300 3272 lusiliunt
316 3211 428 3280 hostes,
444 3214 518 3284 gerit
533 3214 638 3270 obvius
653 3212 742 3271 lsrael
753 3231 864 3284 ercam,
1582 3264 1586 3270 .
1795 3214 1866 3289 [mat

199 3305 235 3361 lit
250 3305 311 3360 iore
325 3303 467 3361 victorem
483 3321 515 3361 se
531 3308 648 3376 reputet
664 3321 715 3378 per
729 3321 806 3362 eam.
1077 3307 1138 3364 Rex
1150 3305 1218 3363 8αυί
1235 3306 1263 3361 in
1280 3305 1421 3378 populum
1439 3305 1511 3362 dene
1528 3303 1694 3371 maledicte,
1711 3306 1802 3361 vetat.

41 3460 46 3475 Ι
165 3390 255 3451 lsrael
269 3391 292 3448 it
308 3392 434 3465 lugiens,
449 3392 633 3464 phineesque
650 3398 831 3449 necenturet
845 3392 952 3467 Ophni,
1041 3392 1864 3468 Esurienslonathnseumptummelebsruoremsndit;

201 3481 294 3554 Vique
308 3480 478 3538 Philistlaaee
493 3480 609 3538 tollitur
621 3498 689 3537 arce
703 3481 764 3538 Dei.
1076 3487 1118 3543 Ne
1132 3486 1200 3542 Saul
1217 3486 1294 3541 huno
1312 3487 1436 3557 perimat
1453 3486 1535 3558 plebs
1549 3487 1703 3559 rogitando
1719 3485 1804 3542 lseit.

16 3606 20 3611 -
63 3590 102 3621 .·
166 3571 279 3629 Dioitur
292 3569 322 3626 iu
335 3569 395 3627 Silo
409 3571 485 3641 quod
504 3569 540 3626 ab
555 3569 689 3626 hostibus
704 3587 772 3627 area
786 3573 904 3644 leretur,
1041 3576 1220 3648 Obsequium
1236 3575 1355 3631 Samuel
1383 3576 1452 3633 Saul
1478 3577 1605 3648 injungit
1634 3575 1862 3650 properandum,

201 3658 237 3715 Mt
251 3662 327 3714 retro
343 3658 379 3712 de
394 3656 466 3713 sella
480 3656 583 3728 lapsus
598 3657 659 3713 lleli
674 3658 809 3717 moritur.
1078 3665 1115 3723 Ut
1128 3665 1274 3738 perimens
1290 3665 1427 3722 Amalech
1443 3666 1536 3722 deleat
1550 3682 1638 3723 omne
1651 3682 1753 3722 suum.

164 3745 264 3805 nostin
279 3746 308 3801 iu
328 3751 417 3802 Azoto
425 3746 513 3817 juxte
527 3746 627 3819 Dagon
644 3746 721 3804 looat
735 3764 831 3805 aream
848 3765 855 3818 ;
1041 3757 1083 3814 Ex
1098 3755 1233 3811 Amalech
1250 3762 1372 3827 pereunt
1387 3773 1450 3828 qua
1466 3755 1533 3812 vilia
1547 3756 1610 3812 visa
1625 3757 1757 3824 luerunt,

165 3835 250 3893 Mane
261 3835 339 3906 jacet
353 3834 464 3908 Dagon,
480 3837 558 3892 sieut
573 3837 671 3894 adoret
687 3854 774 3894 eam:
1079 3845 1190 3916 Pingue
1206 3862 1295 3918 pecus
1308 3851 1410 3913 restet,
1427 3862 1476 3901 rex
1505 3862 1622 3918 quoque
1636 3846 1757 3919 pinguis
1770 3847 1861 3917 Agag.

164 3925 294 3998 Erigitur
309 3925 408 3998 Dagon
426 3927 525 3995 ;J'eoet
539 3926 587 3982 hie
602 3926 732 3984 diluculo
748 3933 881 3998 truncos,
1042 3934 1145 3990 nee
1161 3934 1341 4006 Obsequium
1355 3933 1452 3990 Daitee
1465 3935 1544 3990 omni
1554 3934 1669 4004 praelert
1685 3932 1866 3990 holocausto.

200 4016 279 4070 Caesa
293 4030 381 4086 super
395 4013 485 4070 limen
501 4020 573 4072 eunt
586 4023 676 4088 eaput
691 4024 780 4091 etque
796 4035 912 4076 menus.
1079 4020 1144 4077 llere
1159 4021 1280 4078 8αυίαυί
1296 4022 1462 4093 perhibens,
1479 4022 1556 4078 cedit
1570 4031 1652 4095 Agsg
1666 4020 1779 4094 gladio.

163 4101 284 4163 Civibus
298 4104 380 4160 Anoti
395 4109 568 4176 putrescunt
583 4106 722 4162 omnibus
736 4107 794 4163 eni.
1007 4086 1029 4156 C
1043 4110 1118 4168 Dum
1135 4110 1251 4168 Samuel
1267 4111 1350 4167 lesse
1367 4112 1437 4182 petit
1451 4113 1542 4168 aedem
1559 4111 1770 4179 Bethleemitse,

200 4194 235 4253 Mt
249 4193 341 4251 subiti
357 4208 454 4252 mures
469 4194 616 4267 diripiunt
631 4202 755 4270 segetes.
1078 4201 1115 4258 Ut
1129 4201 1250 4257 simulet
1264 4217 1393 4270 eaerum,
1409 4202 1491 4258 ducit
1506 4219 1539 4259 eo
1554 4201 1690 4260 vitulum.

164 4286 294 4343 Aoeeron
307 4283 338 4340 ie
351 4283 465 4352 (lesam,
481 4284 552 4341 Geth
570 4282 661 4341 mittit
674 4285 704 4341 in
725 4285 849 4344 Ascalon
877 4303 985 4345 aream.
1041 4289 1132 4347 Filius
1147 4296 1191 4348 est
1204 4291 1288 4348 lesse
1304 4299 1404 4364 pastor
1418 4294 1469 4367 qui
1485 4295 1603 4351 nomine
1619 4293 1720 4362 David,

199 4374 235 4431 ut
248 4371 340 4431 simul
355 4373 460 4432 extalis
475 4372 612 4447 putridus
627 4376 686 4432 exit
701 4376 755 4433 eis.
1077 4378 1166 4437 lsrael
1183 4386 1290 4439 unetos
1305 4399 1381 4441 rexa
1394 4384 1530 4442 Samuele
1545 4384 1610 4442 fuit.

59 4474 72 4491 ‘
163 4467 260 4520 Aures
274 4463 352 4520 dona
371 4467 428 4521 Deo
444 4480 545 4521 mures
560 4463 718 4522 mittuntur
733 4468 761 4522 et
775 4465 835 4535 ani,
1041 4469 1289 4527 Moreeaeerdotis
1303 4472 1373 4528 Saul
1390 4473 1476 4530 ollert
1491 4491 1540 4530 rex
1555 4474 1777 4542 holocaustum.

199 4555 295 4625 Atque
311 4569 399 4626 super
415 4553 581 4626 plaustrum
598 4555 717 4627 ponitur
730 4572 797 4612 aree
811 4556 872 4615 Del.
1076 4558 1208 4630 Cumque
1223 4558 1337 4633 placere
1353 4562 1384 4636 [s.
1403 4562 1528 4636 pleoare]
1542 4564 1633 4637 oepit,
1645 4570 1785 4637 provocat
1798 4565 1860 4623 inde

163 4642 291 4716 Utraque
306 4659 394 4700 veeoa
408 4644 489 4700 rudis
506 4644 601 4717 mugit
616 4644 704 4702 ritulo
721 4652 899 4718 remanente,
1749 4655 1859 4729 [Deum.

198 4732 366 4806 iunctaque
384 4733 439 4788 lert
453 4749 552 4789 arcem
565 4733 728 4792 Betheemis
742 4736 855 4810 absque
867 4737 950 4794 duee.
1041 4737 1157 4795 Frende
1171 4738 1241 4811 jeoit
1255 4739 1393 4812 lapidem,
1410 4743 1469 4799 ruit
1480 4720 1540 4800 lete
1556 4744 1651 4800 lmnte
1665 4743 1769 4803 Golies

8 4890 11 4897 .
57 4810 61 4815 ¹
162 4826 187 4879 Δ
203 4821 339 4879 Samuele
350 4819 424 4889 Joel,
441 4837 492 4878 nee
503 4838 561 4877 non
578 4823 633 4877 luit
648 4833 728 4880 ortus
742 4827 825 4897 Abia,
1077 4834 1181 4905 Tuque
1196 4850 1250 4890 suo
1265 4834 1374 4906 gladio,
1393 4835 1492 4901 David,
1508 4851 1575 4891 eum
1588 4835 1723 4908 jugules.

200 4914 279 4979 Ques
294 4908 421 4984 populus
436 4911 577 4982 qiraeritor
591 4913 714 4970 vendere
725 4915 849 4986 judicie.
1043 4921 1120 4979 Mille
1139 4921 1209 4978 Saul
1224 4924 1343 4992 deutur,
1359 4925 1408 4980 sed
1426 4924 1513 4980 David
1531 4925 1623 4981 millia
1637 4929 1722 4984 dene.

162 5000 200 5058 Ut
214 5002 264 5056 det
277 4999 320 5056 ele
337 5013 433 5071 regem
450 5004 574 5070 poscunt
591 5002 691 5074 pupuli
706 5005 884 5076 Samuelem,
1079 5011 1298 5082 Displicetinde
1312 5015 1380 5069 Saul
1396 5015 1492 5070 cantio
1509 5014 1642 5071 leminea.

197 5089 279 5156 Quod
295 5087 437 5143 Dominus
453 5088 602 5160 reprobat,
617 5106 685 5146 cum
702 5091 764 5149 sseri
776 5095 890 5165 jubeat.
1042 5099 1137 5156 Causa
1152 5106 1254 5174 poterae
1269 5118 1359 5158 eauor
1373 5102 1507 5174 estquis
1522 5103 1688 5161 dumllavid
1703 5104 1859 5172 eitherisat,

161 5175 208 5235 (lis
223 5176 315 5252 patris
327 5177 454 5233 emisses
470 5176 539 5234 Saul
555 5177 585 5234 in
601 5178 683 5254 Suph
699 5183 805 5254 quaerit
820 5183 937 5254 asellas,
1078 5188 1204 5260 Spiritus
1218 5191 1350 5247 abscedit
1364 5191 1415 5263 qui
1429 5191 1499 5249 Saul
1514 5193 1650 5267 exagitat.

997 5392 1034 5413 U

194 5528 295 5609 “aaa
309 5546 331 5594 n
