3802 6030
159 141 223 205 ua
300 118 305 133 '
639 137 729 197 rau.
753 134 993 198 aranearum
1016 135 1222 199 cananaei.
1246 138 1370 201 uersa.
1802 143 1862 204 rra

156 290 243 343 usqae
259 276 293 327 ad
314 278 416 340 septem
435 287 531 333 aanor,
549 287 664 339 sperans
686 287 714 324 se
730 287 779 337 pro
794 272 1199 341 hoccastrumAWiltelmam
1223 290 1315 338 regem
1340 275 1487 341 anglorum
1516 279 1543 328 et
1568 277 1713 331 Falconem
1728 281 1855 335 tladece-

156 348 376 402 Litbabituram·
404 348 455 399 Sed
472 348 546 398 ailei
568 347 688 411 profecit,
717 347 781 410 quie
816 346 885 397 bene
913 345 978 397 illud
1033 346 1288 400 vensemeamitem
1312 349 1345 400 de
1368 349 1464 400 eodem
1489 351 1646 415 episcopata
1671 358 1768 405 exorta
1791 358 1858 418 erat,

158 422 347 473 custodiebant
361 420 459 470 milites
474 417 621 470 castellani.
646 417 714 466 Dum
736 417 795 468 hese
820 421 858 468 ita
881 433 909 469 ae
934 420 979 469 ha·
1032 419 1192 485 liudulphus
1220 422 1388 472 Turonorum
1420 421 1639 486 archiepiscopus
1661 425 1776 476 Turonis
1797 441 1859 478 eam

156 493 555 551 berent,mortuaseetcomes
583 490 777 541 cenomanicas
805 491 890 554 lingo,
918 490 978 540 cer·
1032 493 1229 543 ordinareaon
1246 495 1445 558 potuit,ipsine
1470 508 1582 545 assensu
1604 501 1684 560 otqae
1712 505 1858 564 precepto,

157 568 233 617 rasio
250 567 363 629 praesule
380 565 468 614 adbuc
490 564 518 614 in
543 562 661 612 vinculis
683 563 841 613 constituto.
860 563 980 613 Domana
1033 567 1208 631 omniumque
1223 566 1453 628 suffraganearum
1469 567 1536 632 ejas,
1553 583 1614 619 cum
1631 584 1729 634 magno
1754 572 1857 624 bonore

156 653 221 689 vero
246 638 389 687 Gerreeius
421 637 453 686 de
478 641 563 686 morte
587 634 691 685 comitis
714 634 791 684 valde
815 637 855 683 est
878 635 978 685 contri·
1034 637 1175 687 ordinatae
1190 641 1231 687 est
1255 638 1283 688 in
1307 638 1473 703 llothornaga
1495 641 1604 691 civitate
1625 656 1641 692 a
1664 643 1765 694 domne
1789 643 1857 695 Wil-

158 709 451 768 status,ettianiridae
475 708 706 758 andecavensium
731 719 820 756 censes
844 720 858 756 e
887 712 981 756 contra
1033 707 1112 759 leimo
1146 709 1267 772 ejusdem
1300 710 1374 760 urbis
1404 709 1607 775 archiepiscopo
1636 725 1663 762 xi
1692 713 1752 763 Kal.
1784 713 1857 773 nteit,

158 781 327 846 estgavisus.
347 780 449 830 Comite
466 785 555 831 autem
580 779 693 844 Hagnae
721 779 871 829 secundam
894 778 979 842 legem
1034 793 1106 829 annu
1130 779 1163 829 ab
1189 780 1377 831 incarnatione
1403 782 1508 831 Domini
1533 782 1602 833 ilino.
1625 802 1638 829 »
1663 782 1801 835 Hactenus
1824 790 1858 836 de

158 851 370 903 christianorum
393 852 509 914 sepulto,
542 851 685 902 Gaulridas
718 864 807 901 comes
848 851 979 900 honorem
1036 847 1173 900 Willelmo
1187 849 1207 899 1.
1233 851 1297 910 eree
1321 849 1451 917 deinceps
1475 856 1629 916 sequuntur
1654 854 1783 905 adhunc
1809 870 1858 906 no-

158 926 277 989 suscepit
291 938 377 990 usqae
392 922 424 973 ad
436 924 528 974 decem
546 937 641 973 annos.
656 923 734 972 Cives
757 936 820 972 vero
846 922 980 972 Cenoma·
1034 924 1119 971 etrum
1135 921 1299 973 wilielmum
1318 921 1342 970 11
1358 925 1548 974 devolvuntur.
1566 922 1656 990 Pergit
1678 931 1772 976 auctor
1793 941 1858 991 pau·

157 994 211 1047 uici
227 1010 336 1048 uxorem
361 996 483 1059 Hagonis
504 1008 565 1045 cnm
586 993 734 1044 insentibus
759 995 906 1058 ptorantem
934 1008 982 1058 per
1035 994 1071 1043 cis
1096 994 1261 1057 interjectis:
1294 1013 1307 1039 a
1331 995 1386 1046 ltlis
1410 996 1506 1045 diebus
1536 996 1685 1048 willelmae
1708 999 1856 1063 anglorum

159 1081 240 1118 anam
272 1073 377 1132 portam
406 1066 588 1130 projecerant,
619 1070 646 1115 et
668 1064 825 1115 Gaalridum
854 1065 981 1116 comitem
1035 1071 1423 1126 rexstrenuasmortansest‚
1447 1066 1559 1132 ejusque
1583 1073 1669 1120 morte
1694 1073 1750 1120 lota
1773 1070 1858 1121 Ceno·

157 1139 319 1206 gaudentem
337 1138 728 1189 intrarelecerunt.»Nomen
754 1137 907 1196 tutantium,
936 1137 982 1201 qui
1035 1149 1177 1186 manorum
1210 1138 1283 1201 regio
1318 1138 1488 1202 perturbata;
1514 1144 1541 1189 et
1564 1137 1635 1189 inter
1656 1140 1759 1205 reliqua
1788 1141 1859 1191 mala

158 1224 219 1261 cum
239 1216 324 1262 matre
350 1209 467 1259 fortunis
490 1208 617 1259 omnibus
639 1208 782 1267 deturbati,
807 1210 924 1259 reticuit.
950 1207 980 1257 la
1034 1221 1095 1273 quie
1117 1208 1213 1259 iisdem
1234 1209 1403 1273 temporibus
1436 1212 1616 1274 contigerant,
1651 1211 1769 1262 surrexit
1798 1212 1860 1277 qui·

159 1281 291 1333 iislniase
309 1280 516 1333 lierbertamlll
543 1286 569 1330 et
593 1279 717 1330 ultimam
742 1281 870 1330 comitam
899 1281 982 1330 Ceno·
1035 1281 1095 1331 dam
1128 1280 1228 1331 nobilis
1255 1281 1423 1341 adolescens,
1450 1283 1496 1347 qui
1520 1287 1578 1334 erat
1610 1284 1859 1348 degeneraceno·

160 1354 340 1409 manensium,
365 1357 392 1402 et
413 1367 474 1402 eam
498 1353 526 1401 in
546 1352 679 1415 integrum
704 1351 788 1401 in²see
816 1351 981 1410 restitutum,
1036 1351 1481 1411 manensiumcnnsatans,tlelins
1504 1356 1624 1417 nomiae,
1649 1360 1676 1405 et
1703 1357 1784 1419 erepit
1812 1370 1859 1407 ea·

160 1439 194 1476 ex
224 1426 265 1475 his
292 1423 413 1475 chronici
449 1423 692 1487 Kemperlegiensie
722 1423 756 1473 ad
780 1437 881 1474 annum
912 1424 980 1486 1⁰62,
1036 1423 1165 1473 lamniari
1189 1425 1277 1488 ipsam
1308 1425 1482 1486 comitatam
1511 1424 1704 1491 ingressusque
1741 1433 1858 1479 castrum

159 1497 250 1549 verbis
271 1497 347 1549 tacite
372 1497 528 1561 collegeris:
554 1513 568 1544 a
597 1496 742 1546 Uerbertas
771 1494 982 1547 Cenomanensis
1035 1495 1108 1558 qnod
1134 1495 1298 1545 Baledonem
1321 1496 1472 1554 nominant,
1498 1498 1634 1558 regionem
1666 1496 1786 1562 undique
1813 1498 1860 1549 de-

160 1572 389 1632 comeemoritur,
406 1570 528 1620 uterinas
551 1567 633 1617 irater
660 1567 763 1617 conani
787 1566 875 1617 ducis.
906 1568 982 1627 »Qui
1036 1565 1168 1624 vastabat,
1195 1566 1362 1631 maximeque
1390 1567 1519 1618 adversae
1542 1568 1658 1618 civitatis
1682 1568 1857 1632 habitatores,

160 1642 269 1707 quidem
287 1639 657 1692 euuanasnltuserstatsni
673 1640 809 1697 etBertm,
835 1644 865 1689 ut
894 1637 1083 1720 prodithai
1098 1638 1123 1687 ei
1137 1638 1251 1687 viriliter
1264 1637 1434 1696 resistebant,
1452 1639 1543 1689 multis
1558 1638 1664 1688 insidiis
1690 1640 1859 1705 assiduisque

161 1713 232 1763 idem
247 1714 399 1763 chronicon
432 1725 505 1762 enno
528 1710 597 1761 idid.
619 1710 726 1761 Mortuo
750 1710 831 1774 igitar
854 1711 983 1762 lierberto
1038 1707 1285 1770 depredationibus
1314 1709 1496 1773 grassabatur.
1530 1710 1580 1760 Sed
1609 1724 1670 1761 carm
1698 1724 1741 1761 res
1763 1725 1858 1774 parum

161 1783 207 1845 Ill,
226 1791 381 1834 comitatam
397 1790 513 1848 quatuor
534 1783 613 1833 anuis
634 1783 724 1846 quiete
747 1781 897 1832 Willetmus
925 1797 984 1847 poe·
1038 1781 1205 1841 procederet,
1222 1785 1379 1845 putaretque
1395 1781 1507 1831 consitio
1524 1782 1655 1845 praesulis,
1670 1783 1717 1846 qui
1737 1783 1766 1832 in
1795 1783 1859 1833 lide·

162 1855 645 1916 sedit;totidemeaimnumeratur
673 1854 706 1903 ab
731 1868 840 1904 excessa
860 1854 985 1906 Herberti
1037 1849 1111 1901 litate
1141 1851 1282 1901 Rotbberti
1314 1852 1420 1903 comitis
1452 1853 1645 1903 iuviolabiliter
1687 1855 1859 1918 perdurabat,

162 1929 196 1978 ad
211 1929 409 1992 expeditionem
425 1925 816 1991 anglicanam3translreterit
830 1928 985 1976 enimanao
1038 1919 1094 1970 tuit
1131 1924 1272 1972 tonttibttss
1299 1923 1412 1984 Oblittb
1455 1925 1633 1986 quorumdtffl
1668 1937 1860 1989 perversorum

164 2000 478 2057 l066,utindicatidem
493 1997 984 2049 Cbroaicou.aWrtleimusNorman·
1038 1996 1162 2056 coasilio,
1188 1995 1216 2046 in
1241 2002 1342 2048 tantam
1367 1999 1491 2061 prorupit
1517 1998 1667 2054 andaciam,
1697 1998 1860 2048 utiacbri·

162 2073 326 2123 nornmdux
343 2073 369 2121 in
386 2071 582 2136 magnaclasse
598 2069 985 2121 inBritaaniamiurnsitiasu·
1037 2075 1107 2117 stum
1132 2068 1237 2117 Domini
1266 2083 1376 2119 menam
1400 2070 1526 2131 mitteret,
1550 2083 1665 2133 eumque
1689 2068 1717 2119 in
1742 2073 1859 2120 castrum

161 2145 253 2195 lem.»
274 2143 422 2193 wilielmus
437 2142 483 2193 nbi
497 2141 889 2206 abluitqaidsitconeecatum
907 2144 986 2194 docet
1038 2137 1193 2204 patrimonii
1221 2139 1274 2198 sai,
1295 2140 1368 2205 quud
1392 2141 1459 2190 Fixa
1483 2141 1590 2198 dicitur,
1615 2143 1643 2191 in
1668 2141 1797 2190 castidia
1820 2155 1855 2207 po

162 2221 257 2265 auctor
271 2215 337 2265 Vites
354 2214 461 2280 arnaldi
475 2213 687 2263 Cenomanensis
710 2211 847 2276 episcopi:
861 2233 873 2258 a
901 2214 985 2278 liujus
1038 2228 1101 2263 uere
1116 2227 1171 2263 non
1186 2213 1301 2272 timeret,
1320 2213 1481 2277 clericosque
1497 2228 1561 2264 saos
1575 2214 1610 2263 ita
1625 2213 1658 2264 ab
1681 2214 1766 2278 ipsius
1789 2228 1859 2276 prae·

161 2285 828 2350 temporeWittetmaepriacepsNarmannorum,
850 2284 896 2349 qui
928 2293 984 2335 tum
1037 2285 1123 2334 sentin
1138 2284 1200 2335 iecit
1215 2285 1356 2343 removeri,
1373 2291 1403 2335 ut
1417 2299 1477 2335 crim
1493 2285 1568 2335 nrillo
1583 2298 1675 2335 eoram
1703 2299 1754 2334 nec
1777 2284 1860 2335 lami·

163 2359 319 2409 comitatum
340 2359 579 2418 cenomanensem,
604 2354 741 2405 exstinctis
769 2361 849 2420 atque
873 2357 984 2407 omnino
1037 2356 1113 2415 liare,
1132 2357 1331 2421 necpablicam
1350 2355 1748 2421 possetheberecotloqnium;
1775 2355 1858 2406 rusti·

165 2429 260 2480 deletis
274 2431 397 2493 ejusdcm
415 2429 557 2479 comitatae
575 2428 735 2484 haeredibus,
752 2429 984 2492 acquisierat,cum
1037 2442 1153 2493 cumque
1184 2431 1372 2494 presbyterum
1408 2428 1468 2492 ejus
1497 2430 1626 2493 obsequio
1651 2429 1789 2491 deputarit
1823 2442 1857 2478 ne

165 2503 283 2552 maximo
301 2501 476 2557 Francorum,
488 2502 682 2551 Narniaaorunr
699 2504 778 2565 atque
793 2500 983 2551 Britannorum
1037 2502 1179 2550 custodum
1195 2499 1329 2550 calliditas
1346 2499 1443 2550 Latina
1457 2505 1548 2564 posset
1568 2498 1787 2551 conlahalatioaa
1813 2500 1859 2550 de·

164 2575 327 2624 exercituin
346 2572 658 2637 tlnglianrtransreetus,
683 2572 783 2635 Augias
812 2573 882 2623 bello
911 2572 984 2623 dcvi·
1037 2572 1103 2634 ludi,
1119 2578 1169 2622 etc.
1184 2572 1289 2623 Interea
1303 2573 1446 2623 Gaulridas
1459 2573 1503 2635 (de
1514 2572 1656 2635 bledanae)
1682 2571 1757 2635 cajus
1776 2586 1859 2636 supra

164 2647 250 2703 cit,et
274 2647 435 2708 interempto
463 2647 582 2708 ipsoram
607 2659 669 2708 rege
696 2644 801 2700 araldo,
825 2643 909 2694 totins
929 2647 985 2695 Aa·
1037 2643 1202 2694 montionem
1227 2642 1351 2705 lecimus,
1375 2647 1451 2694 ratae
1481 2657 1510 2693 se
1539 2645 1719 2707 opportunum
1750 2648 1860 2706 tempus

164 2716 225 2782 glise
240 2731 352 2781 reguum
368 2714 495 2767 obtinuit.
520 2714 571 2766 Ubi
598 2716 662 2765 dum
689 2714 781 2779 aliquo
805 2719 926 2778 tempore
944 2730 984 2766 re·
1037 2714 1251 2779 invenisse,qao
1278 2718 1416 2778 regionem
1448 2715 1536 2764 denuo
1558 2715 1735 2778 perturbaret.
1765 2714 1861 2778 liugo-

164 2801 223 2838 ram
249 2788 403 2839 bellicarum
428 2786 652 2850 occupationibus
677 2790 824 2844 teneretur,
860 2786 985 2837 Cenoma·
1038 2800 1100 2836 nem
1124 2786 1209 2837 litium
1233 2787 1356 2844 Athonis,
1385 2786 1440 2851 jam
1474 2786 1605 2845 adultum,
1632 2786 1732 2836 crebris
1746 2785 1862 2849 legatio·

165 2858 291 2909 acasium
318 2873 441 2922 proceres
464 2873 519 2910 aaa
538 2872 598 2908 cum
621 2857 720 2921 populo
743 2858 776 2907 ab
802 2856 887 2922 ipsius
915 2860 986 2922 regis
1038 2859 1118 2909 aibas
1141 2858 1298 2917 sollicitans,
1333 2864 1362 2909 at
1384 2860 1413 2908 in
1441 2858 1577 2922 regionem
1603 2855 1708 2908 reniret
1733 2858 1862 2908 obtinuit.

165 2931 292 2981 lldelitate
309 2932 471 2981 unanimiter
486 2929 650 2986 deiecerunt,
674 2934 700 2978 et
724 2928 861 2979 mittentes
881 2928 910 2979 in
936 2930 986 2980 lta·
1038 2930 1103 2980 Cam
1119 2936 1268 2995 ergoessct
1284 2929 1354 2993 apud
1380 2934 1508 2986 castrum,
1536 2927 1608 2992 qaod
1632 2927 1728 2978 Cercar
1752 2927 1861 2986 dicitur,

164 3003 227 3052 liam
243 3003 377 3052 Athonem
401 3000 544 3066 quemdam
564 2997 748 3057 marchisiam,
772 3014 832 3049 cam
857 3014 939 3051 uxore
958 3004 1021 3074 etc
1041 3009 1187 3053 occurrant
1210 3001 1234 3052 ei
1258 3015 1382 3065 proceres
1406 3002 1530 3058 civitatis,
1554 3004 1722 3049 sacramenta
1750 2999 1865 3051 ildetita·

166 3074 443 3139 fllioquirocabatur
466 3072 632 3139 Hugo,iade
655 3074 747 3124 venire
768 3078 919 3136 coepernnt,
943 3088 986 3124 se·
1041 3075 1083 3136 tis,
1107 3088 1168 3138 quai
1191 3073 1340 3125 Rotbberto
1364 3074 1454 3123 comiti
1486 3073 1673 3135 promiserant,
1704 3070 1863 3134 pronihilo

165 3153 261 3213 queat
285 3146 429 3205 civitatem,
450 3153 477 3197 et
500 3151 583 3197 totam
608 3144 688 3195 simul
713 3149 850 3205 regionem
880 3146 988 3209 penitas
1039 3151 1205 3210 reputarent.
1223 3146 1372 3210 Episcopus
1383 3149 1472 3194 autem
1497 3156 1609 3193 cernens
1631 3143 1780 3206 perieulum
1810 3145 1864 3193 lm-

166 3219 341 3281 expellentes,
357 3219 473 3283 quadam
498 3216 570 3280 regie
591 3216 720 3281 dapilero,
747 3216 878 3267 Vinlredo
902 3215 986 3267 nomi·
1040 3219 1151 3276 minere,
1168 3219 1188 3267 si
1204 3217 1306 3268 levitati
1330 3216 1450 3282 ipsorum
1477 3215 1592 3279 aliquem
1613 3216 1746 3280 praeheret
1768 3230 1864 3267 assen-

167 3303 211 3352 ue,
226 3290 254 3339 in
270 3291 335 3353 ipsis
358 3288 556 3340 munitionibus
587 3287 759 3352 interempto.
794 3307 807 3334 a
829 3289 924 3339 Narrat
946 3287 986 3337 in·
1040 3291 1217 3355 campaneis
1240 3295 1383 3340 contentus
1407 3289 1560 3350 comitibus,
1589 3289 1623 3337 ab
1652 3289 1717 3339 urbe
1741 3303 1800 3339 cum
1824 3289 1864 3341 te-

166 3376 247 3426 saper
270 3364 440 3415 Marcbisium
465 3361 633 3425 deprehensa
654 3359 899 3412 Cenomanensium
922 3359 986 3409 leri·
1039 3362 1186 3413 stinatioue
1201 3361 1331 3416 discessit,
1348 3368 1374 3412 et
1396 3362 1533 3424 protectus
1558 3360 1590 3409 ad
1614 3359 1775 3425 principem,
1797 3374 1863 3412 can·

165 3437 230 3493 tate,
259 3449 342 3486 nxore
363 3440 390 3486 et
413 3434 468 3484 litio
492 3434 519 3483 in
550 3433 629 3483 tidem
652 3432 770 3483 Gautridi
796 3434 828 3482 de
853 3430 986 3482 Meduana
1040 3435 1288 3499 ctaeiqaaegcsta
1311 3434 1420 3484 fueraut
1446 3431 1590 3483 enarravit.
1615 3433 1675 3496 ipse
1703 3438 1794 3483 antem
1808 3433 1863 3484 llo·

165 3506 256 3571 (quem
290 3521 430 3573 perperam
459 3504 633 3557 Guralternm
666 3505 831 3554 tlcdantiam
872 3503 987 3567 appellat
1040 3508 1183 3558 tuberibus
1198 3508 1266 3557 altra
1282 3507 1392 3558 modum
1417 3507 1522 3556 inertie
1546 3509 1572 3554 et
1598 3504 1729 3569 voluptati
1744 3506 1862 3567 deditus,

164 3577 423 3641 malmesburiensis)
455 3579 505 3628 riri
539 3578 637 3627 nobilis
664 3581 690 3627 et
716 3576 861 3626 admodum
886 3577 986 3625 versuti
1039 3578 1233 3644 nihildiguam
1250 3578 1620 3643 rationercspoadens,qaee
1644 3578 1863 3630 Cenomaneuses

166 3651 279 3717 ingenii.
310 3653 440 3716 deposito,
474 3651 502 3700 itt
537 3649 639 3698 ltaliam
672 3648 841 3711 remigrasse.
873 3645 985 3706 Deinde,
1039 3651 1229 3714 lecerunt,pro
1253 3667 1285 3701 eo
1307 3651 1378 3716 quod
1403 3652 1495 3714 inepto
1521 3648 1626 3700 homini
1651 3651 1730 3701 nimis
1754 3651 1863 3702 onerosi

165 3724 301 3787 quomodo
316 3724 356 3784 (at
370 3724 453 3772 mults
470 3721 601 3781 omittam)
620 3719 698 3782 plebe
724 3717 753 3768 in
775 3731 901 3781 proceres
918 3731 986 3767 eon·
1038 3727 1203 3784 viderentur,
1220 3738 1274 3775 uon
1291 3725 1403 3775 multam
1425 3723 1476 3775 eibi
1500 3723 1667 3787 displicuisse
1692 3726 1861 3776 monstrarit.

164 3797 253 3855 citata,
269 3796 339 3845 iacta
353 3791 563 3856 conspiratione,
588 3805 669 3856 quam
692 3789 922 3842 comusaaitt'orrem
939 3803 986 3839 vo·
1037 3796 1271 3848 Nouenimcarae
1293 3796 1446 3853 videbatur,
1470 3794 1522 3845 nisi
1546 3800 1575 3846 ut
1601 3796 1772 3860 episcopatus
1804 3801 1862 3848 [an.

163 3867 269 3925 cabant,
286 3866 411 3930 Huttotd
428 3867 530 3928 patrem
548 3864 709 3913 amandatas
729 3865 783 3922 ²⁸23
807 3868 894 3911 meter
921 3874 985 3911 lew
1037 3874 1095 3920 tum
1111 3868 1139 3919 in
1155 3867 1348 3935 ejusdominio
1372 3873 1532 3919 remaneret.
1559 3867 1635 3919 Unde
1658 3869 1780 3932 precipit
1802 3870 1862 3932 epi·

162 3939 312 3994 Gerscndis.
347 3938 401 3987 iiiia
425 3935 545 3985 Herbcrti
578 3936 822 3985 cenomanensium
862 3931 984 3982 illustria·
1038 3955 1120 3998 acopo
1139 3939 1372 3991 utndneclessiam
1396 3940 1505 3999 quidem
1530 3945 1716 4000 reverteretur,
1742 3939 1774 3988 de
1806 3941 1862 4004 epi.

162 4009 223 4060 simi
247 4011 384 4075 qnondam
417 4007 529 4063 comitii.
552 4007 579 4056 in
603 4008 711 4056 civitate
742 4001 984 4061 remandastis
1038 4017 1148 4077 scopata
1174 4026 1238 4063 vero
1262 4013 1417 4062 nuliatenus
1441 4012 1546 4074 liugcui
1575 4012 1718 4061 marchisio
1749 4024 1862 4074 respon·

161 4096 249 4133 tieem
282 4085 364 4132 totius
385 4080 460 4130 tttbi⁸
483 4078 693 4129 munilistimtm
731 4091 841 4127 0¹⁰³¹¹¹1¹
877 4075 984 4137 impuli!
1038 4084 1122 4135 deret.
1151 4082 1262 4134 later-im
1285 4084 1361 4147 lingo
1386 4083 1521 4134 communi
1545 4086 1665 4133 omnium
1692 4096 1805 4132 assensa
1832 4081 1861 4133 in

159 4152 268 4204 induxit
298 4153 453 4202 Ganlridtttu
481 4149 704 4206 Medutssenttm2
736 4162 752 4198 a
783 4161 836 4211 ‘1¹¹³
865 4144 985 4208 dtiecissss
1037 4156 1173 4207 civitatem
1197 4163 1330 4219 receptus,
1356 4154 1384 4204 in
1408 4155 1532 4205 domibus
1556 4155 1674 4218 episcopi
1693 4156 1861 4205 mansionem

158 4228 281 4277 estdace
308 4225 420 4275 Falcone
447 4221 680 4273 andecavensium
711 4221 818 4270 comite.
842 4217 893 4268 Sed
925 4222 983 4267 tan.
1037 4225 1321 4290 recepir,atddit:«
1339 4225 1550 4288 liunrprefatns
1574 4239 1663 4274 cereres
1687 4231 1797 4288 propter
1820 4227 1861 4276 tn.

158 4297 479 4362 campaniamque«
502 4292 649 4342 Witlclmua
673 4306 719 4342 tex
745 4290 893 4354 anglorum
923 4288 983 4345 (aa-
1037 4299 1216 4349 constantiam
1234 4311 1309 4346 suam
1327 4296 1543 4347 bonisomnibas
1570 4296 1715 4346 haberetur
1736 4297 1859 4356 iniectus,

157 4370 240 4422 eloris
275 4368 365 4419 serbis
393 4369 463 4428 atur)
493 4364 683 4414 innumerabili
716 4359 834 4412 exercitu
868 4370 1236 4449 congre-Domnjbmquoe
1257 4368 1356 4419 hahere
1381 4374 1486 4432 poterat
1508 4368 1536 4417 in
1561 4368 1701 4431 pecliniam
1732 4367 1858 4429 reddetis,

157 4445 231 4504 gato,
244 4443 271 4491 in
287 4441 494 4490 cenomanicum
514 4450 612 4500 pagum
632 4434 751 4491 advenit,
778 4437 894 4483 castrum
914 4431 978 4481 ΕΓΗ·
1032 4441 1118 4491 Heliae
1134 4446 1248 4502 cognato
1265 4454 1324 4500 sao,
1342 4439 1420 4503 cujas
1443 4454 1524 4503 supra
1547 4440 1712 4488 mentionem
1736 4437 1849 4488 lecimus

157 4514 243 4564 ineam
273 4511 387 4573 obsedit,
409 4523 487 4572 agros
509 4514 536 4558 et
558 4508 659 4563 tintus.
685 4510 713 4555 tt
745 4505 837 4555 omitit
867 4517 927 4568 quea
949 4503 977 4552 iu
1033 4513 1119 4576 ipsam
1148 4512 1283 4562 civitatem
1310 4515 1451 4575 totumque
1479 4510 1646 4566 comitatam,
1670 4518 1802 4573 quantam
1827 4510 1857 4559 in

157 4586 270 4636 circuitu
293 4589 379 4645 erant,
415 4583 476 4647 igne
500 4579 626 4643 terreque
656 4578 808 4627 devastant·
838 4576 890 4626 Sed
916 4590 977 4626 cum
1032 4585 1091 4647 ipso
1116 4586 1183 4639 erat,
1209 4583 1350 4644 vendidit;
1379 4585 1470 4647 sicque
1501 4582 1653 4631 inhonesta
1684 4579 1859 4631 mercationis

158 4657 361 4723 ejaslmpetum
376 4652 513 4705 castellani
531 4653 662 4701 sustinere
678 4662 732 4699 non
749 4651 978 4713 possent,pacem
1031 4657 1118 4720 pretio
1134 4656 1294 4713 sarcinatus,
1310 4654 1338 4705 in
1364 4654 1479 4719 patriam
1506 4668 1581 4705 auam
1613 4667 1674 4703 cum
1698 4665 1795 4716 magno
1819 4666 1860 4703 re·

157 4744 218 4781 cana
241 4744 283 4788 eo,
308 4731 390 4794 prout
410 4724 504 4775 melias
528 4727 649 4787 potuere,
681 4720 815 4770 lecerunt.
836 4716 886 4776 Qui
915 4732 977 4769 mox

156 4806 265 4867 recepto
288 4806 385 4859 cestro,
413 4802 439 4848 et
461 4796 557 4860 positis
586 4796 614 4845 ia
634 4792 754 4857 ejusdem
785 4791 864 4840 castri
891 4788 978 4840 muni·

156 4877 229 4927 tione
251 4871 390 4928 custodiis,
426 4869 458 4919 ad
490 4867 624 4917 civitatem
657 4862 793 4928 protectas
826 4866 877 4924 est,
908 4863 977 4912 circa

156 4947 268 4997 ssaviam
290 4945 384 5000 Serta,
406 4943 433 4991 in
458 4941 516 4990 loco
545 4939 591 5002 qai
623 4935 744 4988 Mantala
767 4934 864 4983 dicitur
892 4939 979 4984 castra

155 5022 331 5069 constituens.
373 5015 410 5064 Ad
448 5025 528 5075 quem
569 5011 658 5060 locum
698 5019 822 5070 proceres
864 5006 978 5056 civitatis

155 5089 266 5156 egressi,
280 5100 341 5137 eum
357 5085 450 5135 eodem
467 5097 529 5144 rege
546 5081 579 5131 de
594 5094 660 5143 pace
684 5078 846 5136 colloquium
874 5077 976 5128 habue-

155 5165 228 5218 runt,
244 5163 271 5208 et
286 5157 403 5220 acceptis
426 5155 459 5204 ab
484 5169 516 5204 eo
540 5151 724 5212 sacrementis,
749 5155 802 5198 tam
828 5151 860 5198 de
894 5151 979 5210 impu·

153 5230 236 5282 nitate
252 5226 379 5293 pertidia,
396 5239 476 5290 quam
492 5225 525 5274 de
548 5221 742 5273 conservandis
766 5218 886 5282 antiquis
908 5218 978 5283 ejus-

152 5302 213 5353 dem
229 5300 344 5350 civitatis
357 5295 599 5348 consuetudinibus
615 5302 694 5358 atque
711 5292 828 5348 iustitiis,
850 5290 878 5341 in
892 5289 979 5355 ipsius

153 5373 284 5424 ditionem
300 5377 380 5435 atque
396 5369 542 5428 imperium
553 5367 768 5418 seetsaaomaia
781 5363 954 5414 dediderant.
964 5382 978 5408 s

154 5442 285 5493 willelmi
310 5441 450 5492 victoriam
471 5455 543 5504 agro
579 5440 670 5489 animo
706 5437 799 5487 tulisse
832 5433 977 5484 Falconem

151 5517 371 5568 Andeearensem
403 5512 528 5565 comitem
560 5513 628 5564 satis
662 5509 759 5575 arguit,
794 5507 865 5571 qaod
898 5504 978 5556 Hoet-

152 5584 209 5641 iam
225 5587 338 5639 Arnaldi
354 5599 535 5638 successorem
552 5587 580 5636 in
595 5582 735 5646 metropoli
764 5578 889 5634 Turonis.
912 5578 979 5628 arbe

154 5659 350 5715 dominationis
364 5673 430 5719 ann,
445 5656 598 5710 consecrari
613 5653 710 5706 notuit.
737 5650 811 5703 idem
827 5653 922 5698 auctor
949 5649 979 5699 ln

152 5733 274 5786 Hoelto:
301 5752 313 5778 s
339 5730 407 5792 Quia
432 5735 544 5797 propter
572 5726 783 5785 contentionem,
816 5733 878 5786 qare
908 5720 980 5773 inter

1031 4727 1141 4791 pedarii
1155 4725 1311 4791 opprobrio.
1328 4747 1340 4771 a
1356 4726 1499 4790 Nunquam
1517 4726 1638 4774 animam
1654 4723 1782 4773 inducere
1807 4736 1858 4786 po-

1031 4800 1069 4848 tui
1083 4798 1263 4848 Rothbertaar
1280 4799 1346 4848 adeo
1362 4799 1551 4861 negligentem,
1578 4800 1605 4845 et
1628 4795 1655 4844 in
1680 4808 1709 4845 rc
1737 4793 1857 4844 saedis·

1031 4869 1149 4918 solutam
1166 4868 1257 4927 inisse,
1274 4873 1304 4918 at
1319 4867 1427 4918 allectas
1442 4875 1469 4918 et
1485 4881 1552 4931 pene
1568 4871 1726 4929 prostratas,
1757 4865 1857 4916 amisso

1031 4939 1226 4990 cenomanensi
1243 4937 1380 4994 comitata,
1396 4941 1520 4988 lurtanas
1541 4953 1612 4996 suas,
1640 4951 1740 4999 susque
1767 4934 1856 4999 deque

1032 5010 1165 5060 babuerit.
1180 5008 1365 5060 verosimilius
1387 5015 1428 5060 est
1450 5009 1526 5059 bellis
1557 5008 1681 5060 civilibus
1708 5008 1853 5066 intentam,

1031 5083 1176 5131 vindictam
1195 5083 1221 5131 in
1246 5082 1318 5132 aliud
1345 5085 1452 5147 tempas
1475 5082 1617 5132 distulisse.
1641 5080 1673 5130 m
1695 5093 1759 5129 vero
1788 5078 1853 5129 tlal-

1030 5151 1225 5202 mesburiensis
1240 5151 1266 5201 in
1283 5152 1420 5203 Wilielmo
1438 5154 1458 5202 lt
1472 5158 1563 5203 narrat
1585 5153 1655 5201 iuter
1682 5150 1851 5201 Willelmum

1030 5221 1251 5273 etRothbertum
1282 5237 1372 5287 pacem
1402 5238 1434 5275 ea
1472 5225 1531 5289 lege
1569 5227 1742 5279 conventam,
1780 5220 1854 5285 quod

1032 5312 1045 5337 a
1073 5293 1165 5344 comiti
1195 5309 1242 5345 rex
1267 5295 1438 5347 Cenomanos
1460 5297 1649 5360 acquireret.»
1679 5291 1856 5345 Additetiam

1031 5367 1123 5417 eodem
1140 5365 1210 5416 loci:
1227 5367 1370 5433 «Uterque
1388 5369 1442 5419 dax
1456 5367 1581 5433 ingentes
1604 5367 1785 5417 moliebantur
1813 5377 1858 5415 ce·

1031 5443 1120 5497 natus,
1145 5444 1176 5489 at
1195 5437 1365 5491 Cenomanos
1394 5441 1559 5492 invaderent.
1588 5438 1639 5490 Sed
1668 5438 1771 5490 obstitit
1797 5435 1857 5499 jam

1031 5509 1133 5573 paretis
1155 5510 1257 5562 bellam
1280 5513 1352 5576 quod
1376 5511 1534 5563 imminebat
1558 5524 1574 5561 a
1594 5509 1676 5561 tratre
1699 5508 1854 5559 Hennes.»

1031 5580 1207 5633 Caeterabelli
1221 5584 1305 5634 series
1322 5587 1350 5636 et
1360 5582 1513 5650 progressio
1528 5583 1572 5633 bic
1595 5581 1734 5647 eleganter
1757 5574 1857 5630 descri-

1032 5653 1115 5715 bitur,
1130 5667 1212 5719 quare
1226 5655 1340 5706 verbum
1357 5667 1413 5707 noa
1427 5652 1508 5705 addo.

1063 5726 1117 5777 Col.
1146 5725 1186 5788 90,
1213 5724 1264 5777 aa.
1290 5724 1330 5778 dt.
1362 5751 1392 5765 -
1433 5725 1648 5779 Cenomanenesm
1683 5725 1855 5792 episcopatum
