3802 6030
34 256 39 265 ·
145 226 227 294 sats
643 219 734 283 vau.
755 199 995 281 atauaaaau
1017 202 1220 271 oauouan.
1243 162 1363 269 tarsu.
1778 196 1854 265 usa

182 358 430 433 vastarentque
446 355 615 414 mittiturad
632 352 721 412 Siloa.
986 345 1013 414 Α
1238 334 1313 412 dm·
1329 333 1365 393 ue
1374 333 1483 408 jndicio
1495 332 1639 437 interimi,

146 453 246 521 Tarra,
260 453 361 520 sativa,
371 466 448 515 curo,
459 448 592 515 verbum,
607 443 795 517 baptismatis
811 438 901 511 uada,
1203 426 1235 501 (E
1251 423 1683 497 duobosuemmeuaenubua.)

183 544 259 601 Eous
274 540 363 609 Silue,
380 555 474 596 cacus
489 537 601 592 lumina
617 537 725 593 meotis
740 550 839 607 egens.
1064 519 1138 576 Sunt
1153 517 1308 589 injudicio
1325 531 1453 588 persone
1468 519 1613 589 quatuorr
1627 529 1687 572 uua

145 634 238 697 Hunc.
262 631 403 686 tradendo
435 629 532 693 itatem,
549 628 631 692 linis,
645 626 804 699 mergendo
819 621 876 681 sub
894 618 975 676 unda
1029 612 1080 669 Eat
1096 616 1266 677 accusatum
1282 625 1350 664 reus
1362 607 1472 673 alteru
1489 608 1575 662 tertia
1590 608 1696 673 testing

182 722 291 785 abluis,
306 720 354 776 bic
368 720 424 775 don
435 736 459 774 ts
474 716 750 790 tatnpadsjuatitim.
1027 702 1122 760 ludex
1137 706 1257 773 quarta:
1276 714 1381 754 manus
1397 697 1516 753 tortoris
1532 696 1655 752 crimina
1671 696 1767 767 punit,

141 811 275 885 flxxttt.
304 809 376 882 Quid
398 809 525 864 lastras
553 807 661 879 atejus
694 805 819 862 tanutru
847 801 974 859 denotent
1027 790 1087 846 ssas
1102 789 1130 844 in
1148 789 1289 844 morinen
1306 802 1456 859 personna,
1471 783 1711 885 suutreusipsm

446 900 535 973 [qoam
555 914 594 960 at.
610 899 666 969 5ο),
1028 878 1201 937 accusatrix
1215 882 1261 934 est
1274 876 1438 946 meditatio,
1454 889 1571 931 rouscta
1585 872 1850 950 [couscientisjtea.

23 1016 28 1021 ·
143 989 223 1050 llorn
238 987 325 1059 mala,
353 1004 435 1046 mors
458 988 560 1056 intus3
580 985 674 1044 mulus
688 989 782 1054 actus,
798 981 879 1040 mors
902 980 971 1040 loris
1745 965 1815 1037 [list

839 1071 935 1151 μους,
1026 1062 1120 1125 usus,
1135 1057 1220 1124 ratio,
1234 1055 1336 1129 judex,
1352 1058 1468 1127 torquet
1480 1070 1527 1112 ma
1542 1057 1638 1111 terror
1650 1055 1764 1112 sverai.

177 1168 303 1234 ⁴Litarba,
320 1166 427 1241 puella,
444 1183 526 1236 puer,
539 1164 665 1222 Lazarus
680 1163 737 1219 ista
751 1167 865 1219 notant.
1025 1166 1098 1239 illl.
1124 1165 1199 1238 Quid
1211 1161 1311 1221 diuino
1332 1166 1455 1235 corporis
1471 1162 1576 1219 (llrrltti
1589 1166 1619 1217 in
1633 1167 1690 1220 tres
1709 1169 1805 1238 partes
1815 1164 1846 1221 ti·

144 1261 209 1324 Diri
226 1261 297 1333 quitl
311 1257 443 1314 tumulus
454 1256 590 1327 designat
605 1250 806 1326 quatriduani,
1378 1252 1498 1326 qnt'dcet.

184 1351 281 1408 Dicam
296 1348 367 1423 quid
385 1346 492 1403 tumuli
504 1344 622 1418 singula
635 1359 758 1417 quaque
769 1342 841 1399 dias.
1061 1345 1186 1417 signant
1196 1348 1255 1400 tres
1270 1347 1369 1415 partes
1384 1341 1490 1399 Christi
1505 1342 1541 1397 da
1556 1355 1699 1413 corpore:
1714 1340 1808 1413 palma

147 1440 245 1500 Prima
260 1438 333 1504 dies,
350 1437 418 1495 uda
435 1440 604 1509 paccatumg
622 1433 668 1490 lex
678 1432 811 1500 rationis,
1027 1436 1124 1507 Ipsius
1139 1449 1267 1504 caruem,
1278 1438 1456 1504 sanetusque
1467 1432 1597 1487 secunda
1611 1429 1763 1505 sepultosr

180 1529 298 1596 uttam
314 1526 359 1584 lex
369 1532 452 1584 vetus
465 1529 511 1582 est
524 1525 610 1580 tertia
622 1542 629 1589 ;
643 1527 760 1597 quarta,
771 1536 856 1578 nora.
1026 1529 1082 1586 Aut
1097 1523 1301 1582 detunctorum
1316 1527 1468 1595 purgatos,
1484 1521 1600 1594 prima3
1613 1521 1746 1578 secunda

145 1616 223 1679 Dum
239 1622 299 1673 tres
312 1612 514 1686 transgredior
527 1612 605 1684 legas
620 1613 650 1669 in
667 1612 789 1669 crimine
800 1614 896 1677 natus,
1026 1614 1080 1682 Qui
1100 1618 1263 1686 purgantur
1277 1610 1392 1679 adium
1408 1611 1538 1668 viventes
1553 1611 1651 1680 tortia,
1666 1609 1789 1684 sanguis

181 1708 235 1765 Est
246 1723 296 1775 per
306 1704 497 1776 quatriduum
516 1703 641 1759 Lazarus
653 1701 682 1757 in
694 1699 820 1757 tumulo.
987 1703 1157 1789 BMartyrii
1173 1720 1240 1773 pars
1254 1706 1316 1767 est:
1333 1702 1361 1756 ia
1378 1699 1521 1773 sanquine
1535 1701 1622 1758 tertia
1639 1701 1743 1759 tincta.

145 1795 271 1871 txxtn
289 1795 372 1854 Trina
387 1793 465 1852 Petri
487 1794 607 1865 neuntio,
624 1793 702 1850 tritta
728 1788 860 1864 contencio
882 1788 971 1862 (loun.
1026 1793 1155 1866 Martyrii
1170 1793 1289 1849 caticsur
1307 1791 1471 1862 gustantia
1487 1806 1574 1847 carna
1590 1789 1702 1849 ildales.

497 1898 556 1948 xxa,
572 1882 626 1949 15).
1060 1883 1155 1940 Exstat
1168 1886 1195 1939 ct
1207 1880 1410 1953 incoli.13ti⁷‚
1426 1880 1472 1937 aed
1487 1880 1604 1946 breuius,
1622 1879 1672 1938 noc
1686 1879 1784 1939 modos

179 1974 237 2035 Tar
264 1972 409 2033 Dominus
432 1975 552 2032 Petrum
575 1974 659 2047 rogat
688 1985 724 2027 an
749 1984 781 2027 aa
803 1967 919 2042 diligat,
935 1984 972 2026 ao
1060 1975 1129 2028 Tros
1144 1975 1241 2044 partes
1258 1972 1336 2026 iacta
1351 1970 1386 2026 de
1401 1968 1508 2027 Christi
1520 1969 1778 2043 corporssianaut.

816 2050 819 2057 ’
853 2057 935 2134 [οοο,
1026 2061 1122 2118 Prima
1136 2076 1220 2118 suam
1232 2068 1540 2132 oaruam,saoctooque
1555 2057 1685 2117 secunda
1699 2058 1844 2135 capaliana

143 2155 201 2218 Ter
216 2153 372 2213 numinum
388 2153 490 2211 Petrus
505 2169 536 2210 se
551 2167 673 2227 prorsus
685 2164 784 2208 amare
795 2149 915 2207 fatetur.
1024 2152 1120 2209 Tertia
1130 2149 1260 2206 viventes
1274 2164 1283 2218 ς
1296 2149 1357 2207 hac
1369 2159 1410 2205 est
1425 2148 1610 2223 insanguine
1625 2151 1727 2211 tincta.

145 2249 209 2309 Non
227 2247 291 2306 sina
307 2265 337 2304 ra
350 2247 405 2303 luit
424 2246 501 2314 hoo3
518 2245 597 2302 sicut
612 2245 803 2300 damnauerat
817 2241 901 2299 illum
1024 2241 1194 2315 Martyrium
1210 2236 1243 2316 [t.
1265 2239 1410 2316 martyrii]
1435 2241 1556 2298 euticem
1571 2245 1693 2315 gustant
1714 2240 1741 2297 in
1764 2257 1846 2300 carun

147 2339 234 2398 Trina
251 2339 378 2409 negatio,
393 2336 436 2393 aio
449 2335 594 2393 contessio
608 2335 682 2391 trina
696 2334 793 2403 piavit.
1692 2331 1816 2404 llldeles.

180 2428 269 2486 Aliter
292 2427 516 2484 tlemmeticenria
545 2423 612 2480 duos
625 2424 730 2496 primos
756 2436 847 2478 uertua
861 2421 903 2477 aio
916 2417 973 2477 do·
1152 2421 1167 2495 5
1181 2420 1214 2478 V.
1231 2419 1302 2492 Quid
1317 2421 1404 2479 varta
1417 2422 1547 2478 stationes
1562 2421 1599 2478 ad
1619 2421 1723 2480 altare.

146 2516 208 2576 pag
1059 2510 1134 2579 Ouid
1151 2512 1237 2567 statio
1253 2513 1353 2567 dextra
1366 2512 1474 2584 signet,
1488 2512 1531 2567 ret
1549 2519 1632 2585 parta
1647 2514 1780 2585 sinistra,

146 2605 206 2664 snit
221 2603 373 2673 Dominus,
388 2607 470 2666 rorat
485 2600 535 2657 ills
550 2608 645 2656 tamen
667 2597 692 2655 sl
707 2598 809 2669 diligat
826 2599 935 2671 ipsum.
1022 2599 1073 2658 Vel
1090 2602 1160 2677 quid
1178 2617 1229 2673 per
1246 2600 1375 2655 medium
1391 2603 1536 2674 signatur,
1552 2618 1615 2674 qua
1628 2603 1667 2659 sit
1681 2604 1717 2659 od
1734 2619 1814 2661 aram

148 2693 262 2760 Patrue,
275 2696 320 2747 ter
334 2695 418 2761 rogat
433 2689 493 2757 illa,
508 2690 619 2746 terista
634 2688 741 2745 latetur
754 2704 864 2748 amare.
1023 2696 1131 2750 Noscat
1143 2690 1193 2766 qui
1213 2690 1326 2760 poterit,
1337 2689 1387 2744 sed
1404 2698 1505 2746 uotum
1523 2697 1625 2764 postea
1638 2693 1743 2766 prosit.

146 2779 210 2839 lion
221 2780 334 2839 einero.
346 2785 399 2835 etc.
1024 2781 1083 2840 Nos
1098 2779 1127 2835 in
1142 2779 1285 2852 principio
1302 2781 1457 2834 Dominum
1475 2780 1578 2835 lesisse
1589 2782 1690 2838 beatos

144 2869 160 2943 Ι
176 2866 258 2929 XXV.
276 2866 347 2939 oute
364 2865 520 2942 siqnidem
539 2875 594 2924 tren
608 2867 714 2923 mortui
726 2884 745 2923 a
762 2865 879 2923 Domino
893 2882 971 2926 roan·
1024 2870 1146 2928 Dextera
1161 2870 1308 2942 designat,
1325 2869 1508 2942 breviterque
1519 2887 1675 2927 manemus
1689 2872 1717 2927 iu
1733 2871 1802 2931 illan

243 2959 339 3014 tcitoti
352 2963 379 3015 ct
399 2957 465 3031 quid
474 2962 594 3030 quatuor
607 2956 666 3014 dier
681 2958 872 3030 quatriduani.
1024 2959 1129 3020 12⁸⁰
1143 2961 1279 3017 Cedamus
1300 2960 1335 3014 ad
1353 2966 1477 3030 partem,
1492 2961 1579 3032 culpa
1594 2962 1730 3031 ducente,
1755 2959 1843 3018 sinis·

459 3047 654 3120 (Gemmetiu.)
985 3091 1007 3161 c
1714 3049 1811 3125 [tram.

140 3136 219 3197 Mora
235 3135 323 3208 mala,
335 3142 402 3209 ata,
418 3141 449 3194 ut
461 3154 547 3202 saturo
562 3137 577 3209 fl
590 3137 636 3194 ⁴23.
1026 3141 1079 3199 Hic
1089 3138 1276 3211 evangelicus
1291 3138 1478 3195 credentibus
1493 3139 1562 3195 ordo
1583 3137 1718 3197 refertur.

174 3227 301 3303 flXth.
322 3228 461 3298 Templum
477 3227 525 3284 liei
538 3227 604 3284 eatis
618 3226 642 3301 (l
668 3228 729 3286 Cor.
744 3242 787 3292 ut,
804 3226 859 3299 id).
1026 3228 1140 3287 Rursus
1158 3246 1209 3303 par
1224 3229 1351 3285 madiam
1366 3229 1616 3285 mediatoruostcr
1628 3229 1663 3285 ad
1676 3230 1780 3287 urbam

177 3318 392 3387 Fundamenta,
410 3320 502 3385 fides3
518 3319 624 3393 paries,
641 3319 759 3375 dilectio
775 3318 894 3390 duplex,
1025 3320 1098 3376 otim
1116 3320 1301 3383 semirutam,
1318 3319 1468 3390 proprium
1486 3319 1636 3375 fundendo
1650 3336 1797 3393 cruorem,

19 3408 30 3481 ἶ,
146 3408 280 3479 Tectum,
291 3427 359 3484 spos
372 3427 380 3467 ε
395 3408 537 3484 templum
557 3409 680 3482 practorio
695 3409 837 3466 alliciunt.
1025 3407 1111 3467 Duoit
1126 3424 1282 3465 conservos
1298 3409 1326 3461 in
1338 3408 1440 3463 dextra
1455 3413 1536 3480 parto
1548 3408 1698 3469 locandos.

539 3528 574 3540 ..
1178 3497 1193 3568 fi
1208 3497 1251 3551 tt.
1264 3496 1341 3551 t'ettta
1355 3495 1440 3551 Adam
1462 3513 1477 3551 o
1492 3495 1582 3552 trinus
1598 3499 1697 3554 uictus.

241 3586 345 3647 ms
360 3586 442 3642 ΑΗΔ
460 3582 629 3642 VERSUUM
644 3582 880 3642 ARGUMENTA.
1058 3584 1135 3641 Vicit
1161 3586 1253 3641 Adam
1271 3590 1394 3640 vetarem
1425 3586 1504 3658 gula,
1520 3584 1623 3658 gloria,
1640 3603 1714 3644 rnna
1730 3587 1843 3660 cupido.

344 3675 394 3745 (Ea
410 3677 509 3730 eodem
522 3673 552 3730 S.
569 3673 692 3730 Mariani
708 3674 776 3744 ms.)
1024 3680 1098 3732 Dutn
1126 3672 1255 3732 comedit
1279 3674 1412 3740 ratitum,
1442 3673 1512 3748 gula
1526 3676 1637 3745 vineata
1651 3675 1755 3751 gloria,
1779 3679 1843 3734 dum

245 3766 261 3837 2
277 3764 298 3819 l.
311 3763 430 3820 Ecclesia
446 3765 494 3821 Del
507 3765 640 3836 mysticas
654 3773 693 3820 eat
707 3763 869 3827 noradinus.
1741 3765 1814 3845 [nult

142 3853 241 3925 Spirat
254 3852 326 3907 otior
341 3851 458 3912 iturum,
474 3857 570 3907 tactus
583 3851 745 3923 spiramina
760 3868 896 3925 quorum,
1023 3858 1060 3913 ut
1074 3853 1151 3913 Deua
1165 3869 1249 3922 esse;
1265 3855 1382 3926 cupido,
1399 3855 1468 3910 dum
1482 3854 1545 3911 vult
1559 3855 1660 3912 omnin
1672 3858 1757 3914 sclrc.

144 3941 205 3998 Etsi
222 3957 279 3996 aon
299 3942 404 4009 iesous,
421 3945 519 3996 tamen
534 3940 581 3996 hio
597 3942 660 3996 nolo
676 3941 780 3997 sistere
794 3958 926 4012 gressus,
1193 3943 1283 4017 ivit.
1298 3944 1369 4015 Quid
1388 3960 1437 4001 uos
1451 3943 1543 4015 pracial
1556 3961 1678 4019 peccare.

144 4028 183 4090 Ut
197 4045 324 4086 recreem
340 4030 435 4085 uisum
452 4029 605 4101 spatiando
619 4047 671 4101 per
685 4030 764 4086 harno
787 4030 967 4102 paradisum.
1349 4033 1518 4106 (damnet.)

142 4123 269 4180 Denntat
283 4117 441 4176 Ecclesiam
459 4119 623 4190 paradisus,
641 4124 668 4175 et
684 4118 713 4173 in
732 4120 867 4188 paradiso
1057 4122 1262 4188 Ouatuoressa
1277 4137 1359 4177 raum
1386 4121 1515 4191 laciuut3
1532 4123 1682 4194 squestio
1700 4125 1839 4198 primum,

179 4209 231 4268 Est
245 4208 357 4279 lignum
373 4209 597 4270 structurarum
612 4208 640 4264 ia
653 4207 793 4267 Ecclesia.
1021 4208 1188 4277 [reluctatio.
1203 4227 1376 4278 consensus,
1389 4211 1538 4271 defensio:
1554 4214 1670 4271 damon

140 4304 248 4359 Cetera
264 4300 352 4373 tigna,
364 4298 417 4356 viri
427 4299 502 4369 Justi
515 4316 523 4368 ;
537 4299 659 4366 tructus,
671 4298 766 4355 bonus
781 4302 876 4359 aolus.
1018 4300 1165 4372 suggerit,
1177 4306 1204 4356 at
1219 4316 1285 4357 curo
1299 4300 1480 4370 delectatur;
1493 4302 1616 4373 spiritus
1628 4302 1671 4360 illi

178 4389 308 4455 Ouatuor
321 4404 356 4444 ex
368 4404 426 4443 uno
441 4386 563 4444 flumina
581 4387 659 4445 ionts
669 4388 788 4448 cadunt.
1018 4390 1166 4447 consentit
1178 4403 1188 4458 ς
1198 4389 1314 4462 culpam
1330 4392 1459 4447 nsteuntt
1473 4391 1720 4463 tinguaproteara.

142 4479 190 4537 Sin
206 4477 352 4551 Evangelii
369 4484 440 4534 sunt
455 4477 521 4534 libri
533 4487 660 4550 quatuor
674 4502 682 4544 t
698 4476 802 4534 horum
982 4463 1006 4531 D
1022 4479 1069 4537 Sic
1084 4479 1180 4535 sunsit
1192 4495 1323 4548 serpeus,
1335 4485 1381 4535 cst
1395 4480 1537 4539 delectata
1556 4483 1678 4557 virsgn;

179 4567 239 4628 Nos
255 4569 388 4625 doctrina
400 4570 482 4633 rapit,
496 4566 808 4632 t'ructiterosqualacit.
1023 4567 1114 4624 Adam
1130 4565 1286 4633 consentit,
1296 4571 1380 4624 nisus
1390 4568 1547 4625 detondere
1562 4570 1678 4643 culpam
1689 4572 1758 4646 (¹1¹).

145 4656 269 4733 Lignum
285 4674 337 4732 per
351 4657 428 4731 quod
444 4656 536 4712 Adam
553 4672 617 4728 qun
629 4664 695 4712 suot
712 4657 798 4727 bona,
814 4675 879 4731 qus
891 4659 970 4718 mata
1107 4655 1212 4729 svnt.
1236 4658 1309 4725 (iant
1326 4658 1461 4728 sipuificet
1476 4660 1588 4715 tonsura
1600 4659 1762 4721 clericatis.

831 4747 933 4820 [nouit,
1230 4744 1339 4811 (liaatat
1356 4745 1384 4799 in
1401 4746 1482 4803 Colb.
1498 4764 1526 4805 a.
1543 4747 1637 4821 4367.)

180 4834 312 4893 Libertas
328 4832 421 4889 nostri
437 4831 546 4888 dicitur
561 4832 684 4892 srututt.
1060 4837 1097 4892 ut
1110 4832 1215 4907 capitis
1226 4851 1329 4891 rasura
1344 4838 1431 4892 refert
1442 4836 1534 4910 [Colo.
1548 4836 1654 4915 docetJ,
1664 4854 1714 4898 rex
1724 4843 1815 4917 atque

258 4922 317 4995 gil.
330 4922 367 4977 tte
376 4921 452 4994 juata
468 4923 588 4986 iurrin'oe
601 4922 854 4983 administratione.
1648 4926 1810 5007 [sacerdos.

180 5010 301 5077 Quando
328 5010 395 5065 laolt
422 5008 493 5064 mibi
516 5012 659 5079 iustitiam
678 5029 728 5083 pro
743 5016 969 5089 muneroludcx,
1024 5013 1155 5072 Clericus
1166 5020 1209 5072 cst
1222 5029 1229 5072 ε
1243 5015 1347 5088 praesul
1364 5016 1418 5073 lert
1431 5017 1560 5086 mitram,
1576 5035 1684 5092 rexque
1699 5037 1849 5084 coronam.

143 5099 318 5174 Exsequitur
329 5100 444 5169 justum
463 5114 520 5154 non
533 5099 624 5168 juste.
640 5099 712 5156 Cura
730 5101 799 5157 iacit
815 5102 893 5161 idem
1025 5103 1177 5176 accipitur
1200 5104 1284 5176 quasi
1301 5103 1389 5161 mitra
1403 5107 1482 5180 quod
1499 5113 1544 5162 est
1559 5107 1587 5162 iu
1604 5110 1710 5166 vartioa
1726 5128 1848 5183 raouuuq

44 5180 47 5185 ’
140 5189 290 5248 iustitiam
309 5205 360 5259 pro
371 5187 488 5257 ⁸lustitia
503 5187 566 5243 siue
584 5204 713 5260 munera,
726 5191 839 5260 justum
1025 5193 1079 5258 Qui
1095 5196 1200 5248 subtus
1215 5200 1376 5261 ramanent,
1393 5200 1461 5250 sunt
1473 5195 1538 5268 ipsa
1552 5212 1668 5267 corona,
1683 5200 1796 5271 capilli.

140 5277 314 5348 Exsequitur
324 5277 417 5348 juste.
435 5281 495 5332 ttuo
511 5278 757 5336 commendantur
771 5283 799 5336 in
817 5278 878 5350 illo,
1022 5281 1099 5354 alx.
1129 5281 1186 5339 cur
1210 5288 1316 5356 ternpus
1341 5283 1472 5356 parcitate
1498 5300 1546 5356 per
1572 5284 1632 5343 dier
1657 5293 1849 5368 quodrapirrts

145 5367 231 5426 dieas
245 5373 275 5424 et
288 5382 381 5441 opus:
407 5372 534 5424 mantem
552 5372 638 5439 Deus,
654 5373 684 5425 et
707 5369 801 5441 plebs,
828 5371 970 5443 approbat
1354 5373 1514 5430 celebretur.

766 5453 885 5525 [ictum.
1059 5461 1101 5516 sd
1119 5459 1185 5535 plus
1201 5466 1266 5518 outo
1282 5459 1377 5518 solent
1390 5462 1530 5521 celebrari
1548 5464 1764 5542 lastadielrus3

175 5573 231 5648 (tt)
246 5574 281 5632 Ei
296 5574 354 5634 duo
369 5573 515 5643 versiculi,
532 5574 663 5633 nondum
674 5573 756 5643 editi,
773 5575 961 5648 reperiuntur
973 5573 1004 5632 lu
1018 5591 1073 5634 ms.
1088 5577 1189 5636 codice
1203 5578 1312 5637 Toron.
1329 5594 1358 5636 o.
1376 5578 1438 5638 1¹5.
