3802 6030
141 229 201 294 sav
621 226 715 290 varv.
736 202 1348 293 aronensemcarcassense.
1791 227 1855 290 coo

31 401 34 405 -
142 364 288 422 trinasst.
305 361 462 431 Quodlibet
476 360 555 419 enim
568 378 643 432 opus
656 361 685 417 in
701 361 797 418 tribus
809 360 972 433 perlicitur.
988 360 1016 427 Α
1031 359 1073 419 blt
1088 379 1139 433 pro
1154 377 1187 419 ec
1198 364 1233 418 ad
1248 362 1381 420 iudicem
1395 363 1430 418 de
1446 366 1535 418 terra,
1552 362 1760 418 Verumtamen
1782 361 1853 417 bes·

145 453 272 526 Inopera
285 454 404 524 quidem
417 451 573 507 creationis
588 449 869 523 creavit,disposuit,
887 449 969 505 ordi·
1025 453 1135 510 tuscul
1160 456 1382 510 attestabuntur
1410 456 1468 509 duc
1499 471 1534 509 ex
1560 453 1617 524 his,
1642 452 1680 508 ita
1707 454 1853 507 duntaxat

148 541 355 598 navit.Creavit
367 541 462 612 prima
476 540 684 610 dic,disposuit
694 541 823 595 secunda
836 543 864 594 et
874 538 970 608 tertia,
1025 544 1102 615 quod
1120 561 1198 599 uirus
1213 560 1247 599 ex
1263 543 1382 598 duobus
1398 544 1437 599 sit
1452 543 1581 614 Spiritus
1596 560 1604 610 ;
1620 542 1748 598 solliciet
1770 543 1850 597 enim

148 633 257 688 ornavit
276 632 372 686 tribus
388 630 510 703 reliquis
525 631 642 700 diebus,
659 631 735 702 quod
748 630 853 704 quiaia
865 629 970 687 Genesi
1025 632 1147 704 spiritus
1162 640 1191 688 et
1206 649 1303 704 aqua;
1320 632 1449 688 solliciet
1478 631 1599 703 spiritus
1626 637 1654 686 et
1676 632 1807 700 sanguis,
1825 630 1851 686 si

150 721 773 795 plenumest,praetermisimus.similiteriu
787 720 970 777 reformanda
1025 737 1129 794 aquam
1142 738 1198 777 non
1214 722 1336 778 exclusit
1352 728 1535 793 contemptus
1551 720 1714 793 religionis,
1736 720 1785 774 sed
1804 737 1852 776 ar·

148 810 204 868 tria
216 810 455 877 lecit.Lavitnos,
472 811 620 879 solidavit,
636 811 824 867 illuminavit.
840 809 894 868 Per
904 826 972 882 pec·
1025 813 1134 870 ticulus
1150 813 1345 870 necessitatis.
1375 812 1507 868 Sufficiat
1528 813 1616 868 etiam
1633 811 1755 883 spiritus
1772 812 1851 868 ΔΜ

43 912 46 919 ’
148 899 970 971 catomenimcorruithcmoinlacumiacis‚etquasi
1025 903 1118 972 salus,
1144 902 1212 975 qaia
1240 902 1443 960 testimonium
1474 900 1569 974 ipsius
1611 902 1727 973 pondus
1761 901 1852 957 habet

148 1005 381 1062 superacervum
399 989 544 1062 lapidum,
559 989 643 1046 etsie
671 989 818 1058 sordidus,
846 995 876 1045 et
901 1005 969 1047 con·
1026 991 1212 1066 [suldciensJ.

86 1096 89 1103 ¹
146 1078 257 1135 tractus
272 1084 328 1146 ast,
344 1084 373 1135 et
388 1078 475 1135 ctiam
489 1079 518 1134 in
535 1078 664 1136 tenebris
680 1079 803 1152 positos.
814 1079 868 1136 Sed
888 1077 972 1134 Chri·
1062 1081 1163 1137 Restat
1178 1081 1214 1136 de
1229 1080 1618 1137 trinitataoitlcii.Sacerdcs
1630 1088 1731 1136 noster
1745 1097 1851 1137 secun-

147 1174 213 1224 stus
224 1167 293 1224 lavit
308 1184 360 1223 nos
382 1168 540 1240 apeccetis
556 1169 583 1225 in
601 1170 745 1242 sanguine
760 1185 825 1238 soa,
836 1168 973 1224 solidavit
1027 1171 1097 1225 dum
1114 1170 1246 1227 ordinem
1262 1169 1477 1226 Melchisedech
1502 1169 1531 1224 in
1559 1167 1684 1225 ecclesia
1713 1185 1768 1225 sua
1792 1175 1852 1225 tres

148 1272 213 1324 aas,
224 1274 292 1313 cum
305 1258 465 1330 potentiam
479 1260 630 1332 pugnandi
641 1265 671 1314 et
683 1258 836 1315 resistendi
848 1263 972 1331 tyranno
1026 1260 1146 1316 ordines
1162 1259 1369 1316 salvandarum
1386 1259 1541 1314 ordinavit.
1557 1259 1748 1331 conjugatae,
1764 1258 1854 1314 conti·

148 1346 246 1402 carnis
263 1353 368 1403 nostra
385 1347 470 1404 nubis
486 1348 576 1405 dedit.
593 1349 700 1405 Statuit
714 1348 792 1406 enim
817 1363 906 1419 super
927 1362 973 1419 pc·
1027 1359 1140 1414 nentes,
1159 1350 1303 1420 praelatos.
1317 1350 1386 1405 Tres
1400 1347 1511 1404 scilicet
1527 1349 1604 1403 viros
1627 1365 1702 1421 quos
1727 1348 1852 1404 videtin

150 1440 226 1492 tram
244 1437 332 1508 pedes
349 1443 476 1506 nostros,
492 1437 692 1494 atatenabris
708 1436 891 1493 infidelitatis
919 1452 972 1492 nos
1027 1437 1132 1510 spiritu
1152 1437 1280 1493 Ezechiel
1310 1436 1477 1506 salvandos,
1507 1436 1575 1505 Noe,
1608 1437 1718 1505 haniel,
1740 1443 1768 1492 et
1796 1436 1851 1493 iob

147 1525 276 1598 eripuit;
294 1530 364 1598 quia
380 1528 430 1600 qui
445 1529 579 1599 sequitur
592 1528 669 1584 498
682 1544 761 1593 sum,
772 1543 828 1583 noa
842 1525 974 1582 ambulat
1028 1527 1133 1598 (dccciv.
1150 1544 1207 1594 xrv,
1220 1527 1275 1598 lt),
1291 1525 1342 1599 qui
1358 1525 1549 1582 nibilominus
1581 1532 1851 1598 precesseruntca·

150 1615 333 1685 intenebris,
350 1618 400 1673 sed
416 1616 642 1674 habebitlumea
658 1618 721 1673 vitoe
732 1617 821 1688 (ioca.
840 1630 900 1683 vur,
919 1617 972 1687 12).
1029 1623 1092 1689 put,
1109 1616 1279 1690 priusquam
1290 1616 1422 1689 prodiret
1432 1617 1468 1671 sd
1481 1623 1590 1671 actum.
1606 1615 1647 1670 Ex
1658 1614 1756 1670 haerili
1772 1617 1851 1671 enim

151 1707 183 1761 ln
199 1706 400 1763 conllrmaudo
416 1707 553 1763 similiter
569 1710 622 1764 tria
638 1708 722 1764 nabis
748 1708 879 1776 coniert3
899 1707 971 1762 nibil
987 1739 1011 1804 B
1029 1705 1195 1762 candelabri
1206 1710 1264 1762 tres
1278 1704 1346 1760 hinc
1358 1703 1738 1778 progrediebanturcalami,
1751 1710 1779 1759 et
1789 1708 1850 1759 tres

150 1795 329 1864 deerit,nibil
344 1797 458 1867 latebit,
474 1798 546 1854 nihil
562 1799 703 1866 terrebit;
721 1799 795 1855 nihil
825 1798 917 1855 decrit
936 1799 972 1855 de

149 1884 333 1958 plenitudiue
346 1887 627 1955 beatitudinis,nihil
639 1887 784 1945 latebitde
796 1893 898 1944 mutua
909 1905 975 1945 con·

150 1973 342 2031 scientiarum
359 1976 536 2049 cognitione,
549 1976 622 2032 nihil
639 1976 759 2034 terrebit
769 1979 803 2033 de
816 1977 974 2034 beatitudi-

151 2061 198 2117 nis
209 2061 268 2117 llne
281 2078 288 2117 :
300 2067 330 2118 et
345 2062 400 2120 hoc
412 2068 457 2119 est
470 2064 587 2120 trinitas
603 2081 722 2137 operum
739 2065 896 2137 triplicata.

86 2140 88 2144 ’
187 2149 329 2222 Sequitur
340 2154 376 2208 de
388 2153 518 2210 trinitate
529 2171 593 2227 qua
604 2160 650 2210 est
660 2156 783 2221 interra,
799 2154 976 2225 qusnihilo·

152 2239 253 2298 minus
263 2241 340 2298 trina
351 2243 461 2299 estllst
471 2243 549 2300 enim
561 2243 591 2299 ia
603 2245 733 2301 trinitate
743 2247 859 2301 trinitas
871 2263 879 2315 3
890 2244 973 2301 trini-

152 2337 196 2386 tas
207 2330 319 2387 scilicet
329 2333 459 2399 unionis,
472 2334 589 2389 trinitas
600 2334 771 2403 testimonii,
787 2334 903 2391 trinitas
914 2334 976 2390 clll·

152 2419 201 2475 eii.
215 2424 328 2476 Fecerat
339 2420 486 2493 siquidem
500 2427 574 2478 Deus
586 2423 734 2478 hominem
746 2424 781 2478 ad
804 2423 975 2478 similitudi-

154 2524 221 2565 nem
235 2526 321 2565 soam
333 2527 341 2578 ς
354 2512 404 2566 sed
419 2526 485 2566 aum
497 2512 618 2568 vidisset
627 2513 782 2585 imaginem
792 2530 877 2569 suam
888 2512 918 2569 ia
928 2530 977 2570 no·

122 2588 128 2597 ’
153 2597 199 2652 bis
211 2597 402 2653 deformatam
416 2615 432 2654 a
444 2601 635 2668 nobis,iectus
646 2601 761 2675 estipss
771 2603 808 2659 sd
817 2601 975 2674 imaginem

154 2692 182 2741 et
193 2686 420 2743 similitudinem
434 2696 576 2755 nostram,
589 2707 682 2762 neque
694 2698 823 2748 nostram
837 2693 975 2763 dedigna-

154 2779 977 2850 tusestessumere‚quireveritinonsomussusmillius

76 2876 78 2881 ’
155 2869 355 2922 contemnere.
372 2868 652 2940 desumpsititaque
669 2877 811 2939 nostram,
828 2880 859 2925 ut
880 2873 977 2943 imago

154 2955 316 3024 reparatrix
326 2961 402 3010 esset
415 2956 563 3028 imaginis,
585 2963 613 3012 ct
631 2957 793 3014 similitudo
805 2959 978 3015 similitudi·

155 3042 327 3099 medicatos
342 3041 436 3115 itaque
449 3046 615 3116 egvessvade
634 3047 689 3103 icco
702 3047 977 3118 antepassiones

1028 1796 1098 1852 inda
1109 1794 1203 1863 (deod.
1220 1811 1285 1861 xxv,
1301 1794 1401 1867 31);et
1424 1794 1454 1848 hi
1477 1796 1614 1850 tressuut
1628 1793 1657 1848 in
1668 1792 1849 1849 damasum-

1029 1887 1069 1940 mi
1084 1883 1304 1958 patrisfamilias
1315 1884 1517 1940 ministrantes
1540 1882 1705 1939 secandum
1715 1881 1851 1938 ordinem

1029 1973 1168 2028 vicissure
1181 1997 1189 2043 3
1203 1972 1316 2044 primos
1331 1971 1360 2027 in
1379 1970 1467 2045 mpla,
1483 1971 1630 2027 secundus
1652 1971 1681 2026 in
1692 1970 1778 2040 lecta,
1792 1975 1851 2025 ter·

1029 2060 1087 2118 tias
1102 2061 1131 2117 in
1146 2061 1457 2135 agrallccequcmodo
1471 2061 1548 2116 lleus
1561 2076 1613 2132 per
1629 2060 1778 2115 trinitates
1790 2077 1855 2115 om-

1028 2150 1077 2207 nia
1088 2151 1239 2223 dispensat
1251 2150 1280 2205 in
1291 2150 1363 2206 coslo
1372 2155 1401 2206 et
1411 2151 1440 2206 in
1454 2156 1542 2216 terra,
1554 2157 1587 2206 ut
1601 2166 1658 2205 non
1673 2150 1772 2205 miuus
1787 2165 1854 2204 vere

1029 2260 1119 2317 quam
1131 2243 1279 2315 eleganter
1297 2243 1405 2298 dictum
1419 2242 1459 2297 sit
1470 2260 1477 2298 :
1488 2266 1501 2293 a
1515 2243 1641 2299 Numero
1655 2243 1730 2298 ileos
1742 2243 1854 2313 impare

1029 2334 1139 2406 gaudet
1150 2351 1180 2402 ;»
1195 2339 1223 2389 et
1234 2332 1470 2388 subaudiendum
1483 2339 1527 2388 est
1540 2332 1852 2403 primo.Priurusenim

1030 2438 1171 2480 numerus
1183 2439 1290 2494 impar,
1306 2429 1350 2477 est
1362 2438 1503 2477 numerus
1514 2421 1653 2477 trinarius
1667 2425 1786 2492 propter
1802 2421 1854 2475 bas

1030 2529 1081 2568 sex
1100 2511 1247 2568 trinitates
1262 2510 1360 2567 omnia
1374 2510 1611 2582 complectentes.
1629 2510 1769 2564 senarius
1792 2509 1854 2580 pri·

1031 2619 1098 2658 mus
1113 2603 1257 2674 perlectus
1269 2601 1386 2668 dicitur,
1403 2604 1435 2656 ut
1460 2616 1525 2656 vere
1543 2599 1653 2654 dictum
1664 2614 1727 2652 esse
1738 2615 1788 2668 per
1803 2603 1857 2652 tte·

1032 2692 1125 2748 nesim
1137 2696 1276 2763 appareat
1291 2707 1347 2746 uon
1364 2690 1429 2745 ideo
1444 2689 1591 2744 senarium
1610 2688 1769 2760 perlectum
1787 2701 1857 2741 esse

1031 2780 1108 2851 quod
1124 2778 1153 2834 ia
1167 2796 1200 2835 eo
1217 2784 1291 2834 Deus
1303 2794 1390 2850 opera
1401 2794 1456 2832 sua
1480 2778 1648 2849 perlecerit;
1675 2775 1726 2830 sed
1753 2775 1856 2846 potius

1031 2867 1096 2924 ideo
1114 2870 1238 2939 perlecta
1251 2865 1530 2939 esse,quial)eusea
1544 2864 1573 2921 iu
1590 2867 1716 2938 perlecto
1729 2879 1855 2919 numero

1032 2956 1198 3030 complevit.

1068 3045 1526 3117 Sedquidnostrainterestdatot
1541 3043 1745 3100 trinitatibus?
1766 3041 1857 3098 Plane

155 3142 194 3190 ert
208 3136 239 3188 in
262 3136 496 3206 quatuorcentis,
514 3136 541 3189 id
568 3143 611 3191 eet
635 3136 762 3193 visibilis
781 3154 815 3193 es
836 3138 976 3193 invisibili
991 3110 1013 3178 c
1032 3152 1134 3193 carnes
1148 3136 1452 3203 nobisnecessarie‚et
1463 3136 1526 3190 sine
1537 3136 1675 3190 omnihus
1688 3133 1732 3187 his
1743 3130 1858 3186 nemini

156 3223 315 3295 iactus,per
327 3226 981 3299 quatuormundiperlesdlvisusast.alnam·

158 3330 225 3369 nem
235 3314 313 3370 enim
325 3318 434 3370 terram
446 3316 535 3372 exivit
563 3333 654 3373 sonus
673 3317 893 3389 Apostolorum,
910 3322 938 3374 st
949 3318 979 3374 in

158 3401 232 3458 fines
242 3403 320 3459 orbis
332 3407 416 3460 terres
430 3406 518 3461 verba
528 3421 628 3461 eorum
641 3407 726 3476 (Psoi.
741 3423 821 3478 xvur,
836 3407 884 3479 5);
901 3428 916 3458 a
927 3405 981 3464 sci·

160 3489 225 3546 licet
242 3491 360 3547 veniens
375 3493 531 3565 Apostolus
545 3493 607 3566 [sd]
620 3495 759 3566 nosquod
776 3495 979 3567 viderat,quod

160 3579 243 3651 quasi
265 3579 294 3634 ln
325 3580 396 3637 coelc
417 3587 618 3649 consueverat,
644 3591 780 3655 operatus
807 3588 862 3641 est.
890 3584 981 3640 Grave

158 3669 235 3725 anim
253 3674 298 3725 est
313 3676 454 3726 consueta
470 3669 619 3742 repellere.
638 3671 711 3736 Ouia
725 3689 794 3745 crgo
819 3672 979 3729 trinitatem

158 3756 323 3814 trinitatum
355 3759 396 3814 ibi
425 3766 554 3828 noverat,
582 3760 719 3816 similiter
746 3767 805 3817 tres
833 3761 981 3819 trinitates

157 3853 294 3919 operatus
309 3853 355 3902 cst
370 3848 399 3902 in
415 3854 507 3916 terra;
524 3854 553 3903 et
568 3848 597 3902 bi
614 3855 684 3905 sunt
700 3866 791 3922 panes
808 3866 882 3922 quas
898 3867 980 3907 com·

156 3938 257 3992 modat
272 3936 356 3991 nobis
368 3936 501 4003 amicos;
518 3938 547 3992 ui
563 3937 682 3994 luerunt
711 3939 766 3995 tria
791 3950 853 3996 sata
870 3941 980 4008 lerina,

155 4042 220 4098 qus
238 4027 410 4084 commiscet
425 4026 532 4083 mulier
546 4029 638 4085 donec
649 4035 743 4087 toturn
762 4030 956 4087 fermentetur
971 4050 979 4099 ;

155 4116 316 4172 trinitatem
332 4116 444 4173 scilicet
459 4117 587 4184 unionis,
618 4124 759 4191 tanquam
789 4136 824 4175 ex
848 4119 980 4193 opposito

156 4208 382 4280 respondentem
408 4207 533 4263 trinitati
562 4208 726 4280 principali.
758 4210 831 4265 Cum
856 4209 980 4265 enimin

157 4295 208 4351 illa
221 4300 279 4351 sint
295 4305 352 4351 tres
369 4313 509 4366 persona,
526 4303 554 4353 et
569 4315 628 4355 una
644 4303 790 4357 essentia:
821 4299 850 4354 io
875 4299 981 4354 unicae

1033 3235 1076 3283 est
1092 3227 1183 3283 salus.
1199 3226 1307 3282 Sumus
1322 3227 1442 3298 quidam
1455 3225 1483 3280 in
1498 3225 1627 3280 interiori
1648 3224 1777 3278 trinitate
1790 3221 1858 3275 old·

1034 3314 1091 3384 cii;
1108 3314 1208 3371 nullus
1223 3315 1302 3371 enim
1318 3315 1515 3382 fideliumest,
1532 3315 1580 3384 qui
1610 3313 1635 3369 si
1664 3312 1732 3367 velit
1755 3309 1858 3365 salvus

1033 3404 1109 3471 fieri,
1123 3419 1181 3460 aon
1197 3404 1235 3459 sit
1249 3404 1291 3459 vel
1306 3403 1335 3459 in
1352 3420 1419 3460 arca
1446 3420 1512 3459 cum
1541 3403 1611 3469 Noe,
1629 3400 1672 3456 vel
1706 3400 1735 3455 iu
1756 3399 1857 3454 conti·

1035 3492 1135 3550 nentia
1145 3509 1212 3550 cum
1226 3493 1355 3561 Daniele,
1365 3492 1410 3549 vsl
1422 3492 1596 3564 inconjugio
1608 3507 1674 3546 cum
1685 3489 1751 3546 lob.
1767 3488 1822 3543 Sed
1840 3506 1857 3544 a

1035 3581 1558 3656 postremaTrinitatetranseundum
1571 3584 1616 3636 est
1631 3580 1667 3635 ad
1685 3594 1857 3650 supremam

1035 3676 1064 3728 ct
1076 3671 1111 3727 ad
1128 3670 1320 3743 principalem
1337 3670 1449 3726 scilicet
1464 3669 1648 3734 Trinitatem,
1663 3669 1748 3740 cujus
1758 3667 1859 3739 cogni·

1036 3761 1143 3817 tiuvita
1153 3765 1323 3816 esteternu.
1340 3763 1392 3815 Per
1404 3766 1533 3831 quatuor
1546 3775 1609 3814 vero
1633 3757 1744 3813 medias
1756 3771 1860 3811 ascen·

1035 3850 1164 3907 dandum
1180 3854 1225 3906 est
1239 3849 1323 3922 quasi
1337 3849 1514 3922 quibusdam
1531 3845 1828 3920 gradibusinsigaius
1845 3861 1861 3898 a

1037 3941 1166 4011 practica
1182 3940 1338 4012 marginali
1371 3938 1401 3993 in
1432 3938 1563 3996 vestibus
1590 3938 1623 4008 [t.
1653 3934 1860 4005 investibulo]

1037 4027 1239 4102 philosophis,
1255 4029 1393 4099 usquead
1407 4027 1566 4084 theoricam
1579 4025 1859 4099 supereminentem.

1036 4117 1078 4171 Ad
1097 4119 1214 4172 modurn
1232 4117 1379 4189 siquidem
1396 4117 1464 4172 boni
1481 4116 1599 4172 viatoris
1629 4114 1788 4170 transimus
1810 4130 1862 4184 par

1037 4223 1167 4263 eremum
1183 4207 1247 4262 vita
1265 4207 1428 4280 presentis,
1446 4207 1577 4279 quicum
1592 4208 1627 4263 de
1642 4207 1704 4262 loco
1728 4209 1861 4260 transcat

1037 4299 1070 4354 ed
1088 4297 1196 4354 locum.
1214 4314 1280 4352 cum
1298 4296 1395 4367 aliquo
1409 4299 1527 4364 transit,
1544 4315 1608 4352 cum
1626 4298 1728 4352 viatico
1747 4295 1860 4352 scilicet

158 4385 243 4441 Verbi
259 4392 287 4440 et
303 4387 441 4456 hominis,
458 4395 528 4442 suut
542 4397 600 4443 tros
627 4389 761 4444 assentias
791 4394 820 4442 et
842 4404 899 4442 una
918 4402 980 4457 per·
1040 4387 1138 4457 aliquo
1154 4387 1301 4451 transihat
1313 4386 1389 4441 acris
1402 4389 1540 4458 temperie
1554 4387 1596 4441 vel
1614 4386 1787 4455 intemperie
1801 4391 1871 4441 non

159 4478 313 4541 scuna3ead
332 4475 418 4539 Deus,
446 4476 589 4532 animast
610 4493 688 4542 caro,
715 4494 791 4532 unus
815 4481 912 4531 tamen
935 4479 1017 4544 esti}
1035 4476 1208 4543 retardatur,
1226 4482 1342 4547 eljusla
1360 4476 1457 4546 aliqua
1490 4480 1605 4536 transit.
1633 4478 1680 4534 Sic
1710 4483 1738 4532 et
1767 4494 1859 4531 nasa

159 4564 312 4630 Christum
330 4573 358 4618 et
369 4565 423 4619 hoc
439 4574 482 4620 eet
495 4566 623 4621 Truntas
637 4567 765 4621 unionis.
1036 4569 1129 4641 prima
1145 4570 1274 4622 trinitate
1286 4567 1463 4639 egredimur,
1480 4586 1545 4623 com
1559 4570 1687 4623 secunda
1706 4567 1857 4639 progredi-

195 4653 534 4724 SequitordeTriauate
562 4655 735 4721 testimonii,
766 4654 802 4708 de
829 4670 889 4725 qua
910 4652 981 4708 dicit
1036 4655 1176 4711 mur.Nisi
1192 4657 1346 4727 quisenim
1363 4654 1477 4729 aliquos
1492 4657 1610 4712 testium
1636 4654 1857 4712 secumattule·

159 4742 290 4799 ioannes
305 4742 396 4799 :Tres
411 4748 482 4798 sunt
495 4742 545 4814 qui
559 4741 760 4798 testimonium
782 4741 935 4814 perhibent
950 4741 980 4797 in
1036 4744 1083 4814 rit,
1099 4761 1157 4800 non
1171 4743 1318 4813 perveniet
1333 4745 1503 4815 quotendit.
1520 4744 1572 4800 Per
1583 4747 1699 4800 tertiam
1725 4744 1858 4815 ingradi-

157 4838 236 4890 terra
247 4856 255 4900 t
266 4832 398 4904 spiritus,
413 4848 490 4904 aqua
501 4835 529 4888 at
552 4830 672 4903 sanguis
684 4832 779 4904 (toan.
795 4848 822 4899 v,
838 4831 876 4901 8),
892 4830 982 4888 idest
1037 4849 1122 4902 mnr;
1139 4832 1273 4888 Christus
1290 4832 1368 4889 euim
1384 4837 1429 4888 est
1445 4834 1536 4903 via,et
1552 4832 1615 4889 sine
1631 4834 1688 4889 tide
1710 4831 1860 4888 incarnati

158 4922 297 4986 charitas,
313 4921 478 4991 baptismus
508 4923 537 4976 et
563 4920 747 4993 martyrium.
773 4921 882 4978 Omnes
901 4920 980 4977 enim

157 5011 318 5067 astabimus
328 5014 396 5066 ante
409 5008 537 5065 tribunal
548 5008 676 5080 judicis:
693 5010 733 5067 ibi
749 5009 904 5084 apparebit
918 5026 981 5067 om·

160 5101 206 5157 nis
221 5099 320 5166 homo,
336 5108 363 5154 et
379 5098 479 5153 amnia
507 5114 595 5170 opera
620 5099 685 5169 ejus
713 5115 779 5155 cum
809 5116 853 5158 eo.
870 5100 924 5156 Sed
940 5116 980 5156 va

160 5188 226 5257 soli,
243 5187 367 5260 quiacri
381 5185 469 5241 unius
492 5202 548 5240 non
561 5186 704 5256 credetur,
720 5187 771 5244 sed
795 5188 824 5244 in
846 5205 895 5245 cre
911 5189 982 5246 duo·

160 5294 226 5333 rom
242 5276 285 5332 vei
298 5275 387 5331 trium
398 5275 616 5332 testiumstabit
626 5291 712 5332 omna
723 5278 855 5333 verbum.
873 5279 981 5335 Beatus

161 5364 211 5421 ills
227 5365 276 5437 qui
294 5364 445 5436 predictos
461 5370 549 5420 testes
564 5381 664 5421 secum
673 5366 823 5424 adduxerit
836 5385 843 5436 ;
856 5367 901 5422 cui
912 5367 983 5423 cha·

162 5455 236 5509 ritas
252 5453 351 5509 habita
366 5453 571 5522 attestabitur;
588 5457 673 5525 cujus
687 5456 759 5512 ildss
782 5472 813 5512 se
839 5456 981 5512 nutritam

164 5541 194 5597 in
211 5542 296 5613 aquis
308 5541 445 5613 baptismi
460 5541 604 5617 allegabit,
612 5550 640 5602 ct
651 5562 704 5602 vox
712 5544 866 5618 sanguinis
877 5544 984 5602 clama-

1036 4923 1122 4980 Varbi
1137 4923 1304 4991 ambulans,
1320 4922 1349 4978 in
1378 4922 1455 4979 invia
1485 4930 1539 4991 est,
1554 4930 1582 4980 et
1607 4941 1664 4979 nou
1682 4923 1712 4978 in
1728 4923 1784 4978 via.
1801 4921 1858 4978 Sed

1036 5022 1139 5084 quarta
1152 5012 1325 5070 transimus.
1341 5012 1489 5086 Quidquid
1499 5014 1576 5070 enim
1589 5014 1703 5070 accidat
1715 5012 1745 5068 iu
1765 5012 1863 5086 operi·

1037 5101 1170 5169 basilei,
1186 5102 1246 5157 sire
1271 5102 1386 5158 foveant
1411 5102 1444 5175 [l.
1474 5104 1598 5175 laveant]
1625 5120 1679 5158 nos
1707 5119 1860 5174 prospera,

1037 5191 1097 5247 sive
1109 5194 1223 5247 tentent
1237 5193 1369 5256 adversa,
1396 5191 1551 5248 humiliato
1579 5191 1674 5263 capite
1695 5191 1751 5247 sub
1768 5208 1860 5247 manu

1040 5281 1861 5355 ilaitranseundomest,nelinguablasphemanstrans·

1037 5379 1082 5426 eat
1100 5370 1126 5424 iu
1144 5374 1232 5426 terra.
1248 5368 1275 5425 ir
1287 5374 1334 5424 xta
1348 5371 1481 5441 quintam
1506 5370 1691 5425 incedimus:
1719 5369 1786 5438 Fae,
1810 5370 1860 5425 in·

1038 5459 1102 5531 quit
1116 5459 1259 5515 Dominus
1272 5459 1373 5534 Moysi,
1389 5462 1488 5517 omnia
1507 5462 1592 5530 juxta
1610 5459 1758 5531 exemplar
1778 5460 1859 5531 quod

1038 5549 1090 5606 tibi
1098 5550 1520 5609 ostensumastinmcntsdhd
1529 5549 1623 5615 (deod.
1634 5565 1700 5617 xxv,
1716 5548 1772 5618 tot.
1795 5554 1860 5604 Aa·
