3802 6030
20 284 25 327 ι
74 208 154 270 1673

754 201 932 269 Chlibssllh
955 201 1094 268 vaste.

1697 212 1777 280 reas
1846 174 1865 289 ζ

74 340 187 397 Charta
204 339 333 398 funebris
347 341 423 397 lator
437 341 505 414 (18),
524 341 690 398 damnande
704 338 843 408 tenebris,
912 335 941 403 Α
956 334 1021 394 tter
1036 339 1124 398 rebus
1141 343 1252 397 maestis
1267 341 1371 399 solatia
1386 345 1459 400 terre
1473 345 1606 417 potestis.

72 435 125 500 Qui
144 435 203 489 rice
217 432 346 490 bubonis
361 450 418 489 uon
436 449 566 506 unquam
583 435 648 490 laeta
664 433 807 505 resposis,

71 528 192 596 Semper
207 528 311 579 maneta
327 525 409 580 canis
431 541 488 579 non
504 524 693 580 discessurus
705 524 823 592 inanie3

10 592 16 634 Ι
71 612 229 669 Nemeum
256 613 295 668 nil
318 620 426 684 portes,
443 614 501 668 uisi
522 613 684 678 tristitiam,
703 613 758 668 nisi
776 616 896 680 mortes,

10 686 16 725 ⁵
72 702 128 758 Ceu
147 703 219 757 bene
235 711 349 774 regesta
365 702 439 774 petis
455 719 486 758 es
501 719 566 757 cnm
584 718 652 758 voce
673 703 805 772 molesta,

72 793 108 850 Et
120 811 156 850 ne
170 794 298 851 lacessas
314 812 414 851 soccos
431 796 516 867 petis,
531 796 624 869 exigis
639 811 731 863 escas,

73 883 368 956 Propterdetunctum
381 885 894 954 euleusdamus,addimusunctum.

71 972 121 1032 Bis
139 992 190 1030 nos
205 978 370 1039 contristas,
387 976 462 1031 virale
477 976 551 1032 dans
568 993 613 1032 res
629 974 738 1046 accipis
753 976 845 1043 istae;

69 1066 118 1119 Sic
132 1063 319 1136 importunus
334 1064 435 1121 venda
451 1066 523 1121 mihi
541 1083 661 1121 munere
677 1066 775 1122 sunus.

69 1155 215 1227 Improbe,
226 1155 297 1210 rade
307 1159 394 1220 teras,
402 1171 522 1226 superas
533 1155 603 1228 quid
612 1153 720 1227 pallius
732 1156 762 1224 [i.
775 1151 893 1225 polluis]

759 1241 860 1315 [orasl

69 1333 142 1399 Quid
160 1333 211 1391 tihi
227 1351 293 1392 curn
310 1337 394 1403 vivis,
408 1335 538 1393 barathri
552 1334 702 1390 teterrime
717 1331 799 1400 airis,

68 1423 197 1480 Vernula
213 1425 352 1493 Plutonis,
368 1426 474 1499 legatio
491 1421 688 1496 perditionis?

70 1510 147 1577 Quid
162 1527 215 1568 nes
230 1512 352 1570 infestas
363 1531 449 1571 voces
461 1510 593 1569 iterando
609 1507 774 1566 molestas?

69 1599 228 1658 Conveniat
242 1607 346 1670 coetua,
360 1602 487 1674 gemitus
503 1602 578 1671 date,
596 1598 709 1655 tundite
723 1596 822 1667 fletus,

68 1690 193 1763 AEraque
209 1691 362 1764 pulsantes
374 1691 501 1748 clamate
516 1689 594 1747 velut
608 1688 796 1761 Corybantes,

66 1781 185 1837 Cantica
200 1781 328 1839 funereis
343 1781 481 1855 lugubria
496 1781 567 1836 lente
582 1779 715 1846 choraeis,

64 1869 201 1926 Carmina
216 1875 321 1927 moesta
342 1871 417 1936 date.
433 1871 497 1926 lona
512 1872 609 1925 vestra
628 1867 766 1940 diemque
782 1869 891 1934 notate,

1093 428 1163 488 th.
1178 429 1271 488 Oratio
1285 449 1334 503 pro
1349 433 1474 504 fidelibus
1485 432 1632 506 destructis.

951 535 1085 594 Christus
1102 555 1150 595 rex
1163 557 1296 613 mugnus,
1312 547 1400 614 atque
1415 541 1464 598 Dei
1482 542 1573 600 Putris
1589 553 1703 618 agnus,

950 625 1002 690 Oui
1023 627 1102 701 tigno
1118 631 1207 687 fixum
1223 648 1254 688 se
1268 633 1348 687 morti
1365 631 1484 689 tradidit
1498 632 1608 706 ipsum,

951 715 993 772 Ob
1010 726 1124 777 nostros
1139 727 1222 777 actus
1237 723 1389 795 placabilis
1404 723 1500 781 hostia
1516 725 1620 792 taetus,

951 810 1026 863 Ante
1041 825 1128 865 suum
1144 809 1254 867 lethum
1272 823 1454 886 pregustana
1474 823 1501 870 at
1522 821 1659 887 acetum;

951 895 985 952 tu
1001 912 1053 953 uos
1067 900 1201 970 eriperet,
1217 917 1292 973 quos
1307 905 1351 958 via
1366 903 1487 959 inimica
1501 907 1613 960 teneret

949 985 1059 1041 Arbore
1072 1004 1123 1060 pro
1134 990 1272 1061 quadam.
1289 1008 1378 1062 quam
1395 992 1524 1066 pertidus
1538 992 1737 1063 attigithdam

950 1075 1003 1132 Per
1017 1077 1199 1145 deceptorem
1215 1082 1336 1137 vetitum
1353 1085 1500 1156 gustando
1515 1101 1661 1156 saporem.

950 1163 1031 1221 Unde
1048 1165 1102 1221 tuit
1114 1166 1238 1240 dignitus
1255 1187 1306 1242 pro
1319 1170 1397 1243 ligno
1418 1189 1524 1243 ponere
1539 1173 1665 1247 lignum,

949 1256 1055 1328 Sicque
1072 1256 1125 1311 init
1135 1260 1252 1329 justum
1273 1277 1324 1332 pro
1340 1266 1429 1332 gustu
1450 1278 1557 1333 ponere
1571 1269 1703 1335 gnatum.

949 1342 1001 1399 Hir.
1017 1346 1134 1403 tandem
1149 1347 1281 1404 medicus
1295 1349 1341 1404 cul
1357 1349 1494 1408 subditus
1509 1358 1554 1407 est
1565 1351 1704 1410 inimicus

949 1432 979 1488 Et
997 1449 1087 1501 mors,
1103 1441 1131 1491 et
1145 1438 1276 1504 morbus,
1290 1443 1321 1494 et
1336 1437 1438 1511 trigue,
1450 1449 1475 1495 et
1491 1440 1587 1511 ardor,
1603 1450 1738 1511 eternus,

948 1521 1022 1580 Huic
1036 1525 1083 1581 cui
1099 1541 1149 1582 vos
1165 1525 1253 1583 vultis
1268 1528 1370 1600 prosit,
1387 1528 1566 1602 reliquisque
1580 1529 1718 1604 sepultis.

1117 1613 1199 1670 tht.
1215 1616 1277 1672 Atia
1291 1618 1380 1673 oratio
1393 1632 1443 1688 pro
1453 1616 1601 1687 defunctis.

908 1700 1067 1772 BSumme
1089 1708 1173 1760 Pater
1189 1704 1309 1777 Christi,
1329 1705 1380 1777 qui
1395 1721 1512 1778 semper
1525 1721 1558 1763 es
1576 1709 1662 1780 atque
1678 1706 1771 1776 inisti,

944 1791 979 1844 ttt
994 1790 1045 1861 qui
1061 1806 1178 1863 semper
1190 1791 1258 1859 eris,
1275 1808 1328 1848 nec
1339 1808 1463 1861 aresces,
1480 1808 1533 1849 nec
1549 1792 1703 1864 minueris,

946 1878 985 1933 ha
999 1883 1077 1936 Deus
1092 1879 1191 1935 abbati
1208 1880 1288 1954 regni
1305 1881 1450 1953 promissa
1466 1880 1554 1938 beati.

66 1958 174 2016 D⁸Ul⁰⁵
189 1976 359 2031 0¹l³0¹¹³⁸1110
374 1958 483 2030 largam
500 1958 572 2013 mihi
588 1957 687 2028 Ρθῦῑῑθ
703 1970 845 2013 mensam.
942 1967 1014 2026 Nate
1026 1970 1131 2036 Patris,
1151 1971 1276 2040 Christe,
1292 1989 1380 2046 quem
1396 1970 1527 2028 mundus
1539 1971 1665 2030 credidit
1679 1970 1736 2030 late

65 2053 203 2106 Escarum
219 2065 338 2121 gurges,
354 2048 423 2121 quia
439 2065 493 2105 nos
509 2052 548 2103 tot
563 2046 672 2102 talibus
691 2045 802 2118 urges?

66 2136 116 2193 lile
132 2135 183 2209 qui
197 2135 265 2192 llere
276 2136 375 2207 jubes,
405 2135 473 2208 plue
487 2133 634 2189 distillans
650 2133 734 2204 quasi
749 2131 854 2200 nubes,

39 2242 43 2247 ·
67 2229 171 2286 Potum
188 2227 322 2283 mmrorie
339 2227 416 2291 bibe,
429 2241 545 2283 vescere
556 2241 630 2297 pane
643 2223 763 2290 doloris,

941 2058 1091 2131 AEqualem
1110 2060 1198 2131 Patri,
1215 2062 1461 2134 spoliatoremque
1479 2060 1618 2118 barathri.

942 2141 1081 2196 Abbatem
1098 2159 1182 2198 serva
1197 2159 1249 2216 pra
1265 2160 1322 2215 quo
1342 2150 1425 2217 regat
1440 2144 1495 2199 ista
1510 2149 1637 2200 caterva.

941 2228 1094 2287 Viviltcum
1112 2232 1216 2290 damen
1238 2233 1331 2290 Patris
1348 2233 1497 2306 prolisque
1512 2233 1652 2306 ligamen,

65 2316 156 2381 Quem
181 2317 260 2374 malt
280 2315 436 2385 delectant,
463 2314 541 2372 mela
556 2323 582 2370 le
606 2312 694 2370 timul
714 2312 814 2370 omnin
829 2311 891 2385 ple·
941 2319 999 2375 Nea
1011 2321 1106 2379 minor
1120 2322 1270 2389 alterutro,
1281 2324 1422 2394 quoniam
1436 2324 1616 2396 procedisab
1627 2325 1766 2397 utroque.

742 2401 833 2473 [etant
844 2418 852 2470 ς

64 2493 124 2552 Nus
136 2495 200 2552 eine
214 2493 318 2563 letari,
333 2493 543 2566 christumque
553 2492 726 2564 Patremque
742 2490 853 2560 precari

63 2583 103 2642 Ut
117 2585 180 2642 vite
196 2602 305 2642 munus
321 2585 371 2642 det
385 2584 472 2641 nobis
487 2583 585 2640 trinus
599 2587 629 2639 et
645 2598 732 2639 unus.

63 2675 114 2731 llis
128 2675 185 2732 nisi
201 2675 345 2748 parueris,
361 2674 432 2731 dum
447 2673 556 2730 ventris
566 2672 723 2729 commoda
736 2670 850 2745 queris,

62 2764 200 2822 Fastibus
214 2770 244 2821 et
258 2766 334 2821 terro
350 2764 529 2831 saturabere,
547 2762 669 2834 pessime
683 2778 776 2831 gerru.

59 2854 116 2913 xt..
133 2853 291 2913 Consolatio
307 2855 470 2926 logentium,
491 2852 595 2910 scilicet
608 2853 708 2911 llariae
722 2855 747 2908 et
758 2850 886 2910 uarrtrae.

324 2944 377 3017 (nd
395 2960 451 3000 ms.
467 2943 626 3016 Andagav.)

59 3035 213 3094 Auxilium
228 3035 332 3093 Christi
349 3035 429 3092 vultu
447 3038 530 3107 rogat
544 3034 631 3089 anxia
646 3033 723 3089 tristi

59 3125 101 3184 Ex
115 3126 256 3183 Bethania
270 3126 409 3183 comitata
423 3140 523 3182 sorore
537 3124 638 3191 Maria,

56 3212 96 3270 Ut
110 3220 222 3271 revocet
237 3215 334 3271 fratris
348 3229 450 3269 menes
463 3229 479 3268 a
492 3211 611 3266 sedibus
627 3209 710 3265 atris.

54 3307 93 3364 ut
108 3308 210 3364 reddat
225 3323 332 3364 sanum
349 3306 488 3361 letantem
504 3302 733 3374 quatriduanum

55 3397 244 3470 Competitur
258 3396 333 3453 tristi
348 3395 431 3451 mitis
445 3393 601 3451 clementia
615 3391 735 3457 Christi,

58 3486 94 3542 Et
109 3488 301 3543 conturbatus
318 3485 449 3558 ploravit,
465 3489 494 3540 et
509 3487 553 3540 est
568 3484 610 3539 ita
625 3482 722 3537 latus:

57 3579 174 3648 Latara,
193 3592 281 3649 surge
296 3577 365 3643 cito,
380 3575 480 3631 vivens
500 3591 517 3629 a
532 3579 624 3629 morte
638 3570 740 3627 redita.

56 3670 162 3723 Factor
175 3673 207 3722 ut
223 3666 284 3723 tar
298 3665 381 3728 dizit.
399 3665 512 3720 lactura
527 3668 629 3718 vocata
644 3659 756 3728 revixit,

55 3755 93 3811 ttt
108 3753 211 3826 recipit
226 3771 331 3810 sanum
346 3770 429 3810 soror
445 3756 569 3823 utreque
584 3751 827 3823 quatriduanum.

55 3845 79 3902 0
96 3845 191 3917 pictae
202 3844 328 3901 Christil
346 3846 472 3917 primum
491 3843 648 3914 lacrymata
664 3840 757 3909 luisti,

56 3934 93 3993 Ut
108 3952 160 3991 nos
176 3939 336 3990 instrueres
352 3950 402 3989 cnr
417 3933 523 3987 habere
540 3932 618 4000 pium
635 3931 705 4000 quia
720 3928 817 3995 lieres,

55 4025 124 4083 Mox
138 4023 227 4079 vitam
243 4039 362 4095 reparas
380 4038 468 4094 quam
485 4019 597 4076 seilicet
613 4018 669 4092 (19)
687 4033 825 4090 pararas;

25 4143 28 4148 Α
56 4115 139 4172 Aeris
154 4120 243 4186 atque
257 4115 348 4168 muris
363 4112 413 4183 qui
429 4110 569 4166 Conditor
583 4124 648 4164 esse
664 4107 808 4180 probaris,

56 4204 110 4271 Oui
126 4205 233 4259 molem
248 4208 330 4258 terre
343 4200 461 4273 iussisti
476 4199 594 4256 flumina
607 4199 692 4263 terre,

54 4293 107 4350 Cui
123 4309 279 4349 numerosa
294 4292 352 4364 poli
367 4296 438 4347 sunt
453 4288 550 4346 sidera
564 4286 680 4361 cognita
696 4284 761 4355 soll,

53 4381 90 4440 Ut
106 4382 169 4439 vite
185 4398 325 4439 conversa
341 4381 379 4436 sil
395 4380 519 4453 pristina
538 4376 667 4451 lacryma
682 4379 770 4444 tersa,

55 4471 91 4529 Ut
104 4474 193 4529 vitam
207 4474 304 4544 speret
316 4469 452 4543 quisquis
467 4467 520 4525 tibi
540 4468 662 4524 tirmiter
676 4465 777 4523 haret.

941 2410 1047 2466 Abbati
1063 2418 1168 2483 presta
1178 2430 1236 2469 nnn
1251 2413 1415 2470 deficientia
1431 2412 1514 2480 leste,

941 2503 996 2556 Per
1009 2505 1103 2558 tutum
1121 2504 1263 2561 mundum
1279 2504 1326 2562 cui
1346 2512 1446 2560 natum
1466 2503 1546 2561 dieta
1565 2502 1730 2561 seeundum

939 2588 1013 2647 Veto
1028 2594 1178 2649 communi
1197 2594 1275 2650 trino
1290 2594 1415 2651 servitur
1429 2597 1458 2651 et
1473 2592 1534 2649 nni.

939 2678 1046 2738 Vivens
1061 2683 1175 2741 overel
1193 2685 1396 2741 detunctorum
1413 2683 1568 2752 miserem

939 2771 1015 2841 ipsis
1027 2780 1089 2829 esto
1105 2772 1153 2846 pia
1164 2775 1289 2848 genitrix
1303 2778 1332 2831 et
1346 2774 1427 2847 virgo
1443 2771 1554 2841 Maria3

939 2859 1014 2932 Ipsis
1029 2880 1116 2921 omne
1132 2866 1213 2922 netas
1229 2865 1356 2931 dimitte,
1373 2863 1506 2937 piissime
1522 2860 1658 2935 Cephas;

938 2952 1008 3006 Cum
1028 2956 1120 3020 Petro,
1135 2953 1235 3020 Paule,
1251 2953 1378 3010 caelestis
1389 2951 1599 3024 ianitoraulas,

898 3065 920 3132 c
938 3039 1061 3111 Thema,
1073 3042 1219 3112 Matthee,
1236 3044 1322 3110 Luca,
1334 3043 1475 3107 Bernaba,
1488 3039 1632 3113 Philippa,
1643 3039 1765 3111 Mathia,

939 3129 1052 3198 Simon,
1067 3133 1202 3202 Thadae,
1217 3132 1357 3202 ioannes,
1381 3129 1603 3200 bartholomaee,

938 3216 974 3272 hit
987 3217 1063 3272 Petri
1081 3218 1179 3286 trater,
1196 3225 1224 3274 et
1238 3219 1346 3277 Jacobs
1360 3219 1475 3293 primus
1489 3221 1519 3274 et
1533 3217 1618 3286 atter,

938 3306 1080 3376 Discipuli
1094 3307 1221 3376 Domini,
1238 3325 1424 3380 possessores
1439 3306 1582 3381 peradisi,

937 3397 1062 3453 Sedibus
1077 3398 1105 3453 in
1121 3398 1194 3454 tatis
1211 3398 1284 3471 ipsis
1296 3400 1363 3455 date
1377 3400 1455 3455 dona
1469 3395 1588 3469 quietis.

938 3484 1035 3541 Sancti
1051 3487 1095 3543 vel
1111 3495 1218 3545 sancte
1233 3492 1376 3563 quotquot
1391 3487 1527 3561 placuere
1541 3481 1678 3556 Tonanti,

938 3573 1070 3647 Regnum
1087 3577 1227 3634 emiorum
1245 3584 1383 3650 prestent
1398 3577 1553 3635 animabus
1567 3592 1681 3638 eorum.

936 3666 1030 3724 Xtttt.
1052 3667 1126 3736 Quod
1148 3685 1202 3726 aaa
1226 3670 1260 3726 sit
1275 3669 1397 3741 flendam
1417 3678 1571 3742 promeres
1595 3669 1762 3732 Christiani.

935 3755 994 3812 Nos
1007 3759 1116 3829 quihus
1131 3766 1176 3816 eet
1190 3759 1253 3815 vita
1279 3758 1433 3833 promissio
1449 3761 1524 3817 lacta
1536 3759 1651 3831 lutura,

936 3847 989 3913 Oui
1006 3865 1064 3904 non
1085 3850 1233 3907 nescimus
1252 3851 1392 3924 quoniam
1412 3866 1479 3907 cum
1500 3851 1652 3909 nascimur
1670 3852 1761 3927 lmus,

936 3937 970 3992 llt
985 3954 1041 3994 non
1059 3939 1207 3996 nescimus
1222 3940 1359 4013 quoniam
1377 3939 1526 3998 moriende
1542 3941 1685 4015 redimus,

937 4027 1047 4084 Funere
1063 4044 1112 4098 pro
1127 4029 1205 4085 abari
1224 4048 1282 4086 non
1297 4036 1343 4087 est
1358 4031 1401 4086 las
1416 4031 1630 4105 collacrymari,

935 4115 992 4173 Neo
1005 4116 1143 4174 collaetari
1159 4121 1202 4175 tas
1216 4136 1267 4193 pro
1280 4138 1337 4177 non
1350 4122 1452 4177 sunere
1466 4121 1560 4179 chari.

933 4204 994 4262 Vox
1011 4212 1055 4264 est
1070 4207 1132 4265 sola
1144 4209 1229 4277 mori,
1244 4226 1334 4266 vacuo
1345 4209 1420 4267 liena
1435 4225 1523 4282 parce
1539 4208 1649 4279 delerit

932 4297 1059 4369 Spiritus
1074 4308 1102 4356 et
1116 4298 1206 4357 timus
1225 4301 1278 4356 luit
1290 4301 1479 4372 omniparens
1495 4299 1581 4358 homa
1595 4302 1722 4374 primns.

890 4430 916 4498 D
932 4385 1059 4458 Spiritus
1076 4392 1105 4444 et
1119 4387 1209 4445 limus
1224 4394 1270 4446 est
1285 4389 1474 4463 omniparens
1492 4388 1579 4446 homo
1594 4389 1721 4462 primus.

931 4477 1013 4545 Quod
1027 4477 1083 4535 tuit
1095 4484 1150 4547 est,
1161 4479 1264 4548 eterit,
1278 4478 1347 4553 quid
1360 4481 1468 4537 trustra
1479 4479 1617 4554 plangere
1628 4478 1759 4552 querit?
1870 4510 1873 4515 ,

52 4563 129 4635 Ergo
144 4578 272 4634 sequens
288 4559 436 4616 Christum
452 4558 564 4617 devotio
578 4554 819 4614 Christicolarum
930 4566 1013 4624 nuno
1028 4583 1107 4624 mors
1118 4585 1176 4625 110„
1188 4569 1299 4637 stravit,
1317 4568 1353 4627 ας
1366 4586 1425 4643 quo
1444 4570 1517 4626 nihii
1534 4568 1720 4632 annihilavit,

52 4651 100 4708 Sic
115 4652 317 4717 contristetur,
335 4666 371 4706 ue
386 4649 542 4722 desperare
557 4651 693 4720 putetur;

930 4656 1004 4722 Quid
1019 4657 1045 4712 ei
1060 4673 1110 4728 per
1125 4673 1255 4715 morsum
1271 4659 1329 4716 dua
1344 4663 1416 4716 sunt
1444 4659 1545 4716 edecta
1559 4674 1702 4732 seersum,

53 4741 156 4798 11118
172 4742 228 4813 Spe
243 4740 411 4797 moderante
437 4743 547 4794 metum
567 4740 683 4809 tergant
704 4733 808 4791 solatio
823 4734 875 4793 tle-
930 4745 996 4810 oue
1013 4746 1069 4803 cito
1086 4764 1189 4803 rursus
1202 4753 1290 4804 erunt
1303 4747 1381 4804 sicut
1401 4748 1490 4805 simul
1505 4756 1572 4806 ante
1587 4749 1716 4819 luerunt,

48 4852 51 4857 ⁹
763 4831 839 4905 [tum
930 4835 1010 4891 Flere
1027 4835 1092 4908 quis
1107 4836 1162 4892 hoa
1177 4843 1267 4907 curet,
1282 4855 1349 4895 cum
1365 4837 1483 4912 singula
1498 4838 1592 4910 portio
1607 4836 1718 4896 duret?

52 4920 329 4978 Heracleotarum
346 4918 460 4973 moveat
482 4914 646 4987 compassio
662 4924 801 4993 mentem,

50 5012 115 5067 Hac
127 5009 306 5067 attendentis
321 5007 464 5079 respirent
479 5005 568 5062 corda
583 5009 737 5076 gementis.

49 5102 101 5158 Est
115 5097 280 5156 contristari
297 5098 344 5169 pia
360 5114 405 5152 res
422 5099 450 5152 in
467 5096 568 5150 funere
581 5094 674 5164 chari,

49 5189 108 5247 Sed
123 5190 193 5245 tuba
209 5187 338 5244 cantabit
353 5203 418 5258 qne
437 5201 558 5255 corpora
581 5185 679 5241 iuncta
693 5189 818 5261 vocabit,

49 5286 84 5338 Et
98 5285 154 5337 sub
171 5286 317 5336 momento
333 5284 455 5349 surgent
478 5275 566 5332 simul
584 5293 601 5331 a
617 5284 817 5350 monumento,

50 5369 196 5427 Omnibus
210 5373 241 5424 ut
254 5368 339 5423 detur
353 5365 430 5439 quod
446 5365 506 5421 vita
522 5364 653 5438 tldesque
670 5372 809 5424 meretur.

84 5512 141 5590 (18)
157 5513 184 5571 ts
198 5510 311 5570 scilieet
325 5509 376 5583 qni
392 5509 428 5566 ad
445 5507 679 5584 tunarajavitat.

188 5633 324 5696 Panaca.
346 5630 475 5694 CLXXI.

929 4925 1067 4996 Exempto
1084 4926 1181 4999 primi,
1197 4929 1285 4985 medii
1299 4933 1506 4998 spectenturet
1522 4928 1571 4984 uni
1587 4929 1621 5000 [s.
1633 4927 1696 4998 imi]
1710 4943 1718 4988 t

928 5014 978 5070 ltst
991 5015 1079 5072 homo
1094 5017 1218 5088 quisque
1242 5018 1327 5087 ainis,
1342 5026 1388 5075 est
1402 5023 1431 5076 el
1448 5035 1531 5076 mens
1550 5018 1649 5076 nescia
1672 5017 1753 5092 nnis,

929 5104 1001 5160 Tam
1018 5107 1110 5162 donec
1125 5107 1194 5163 vivit
1209 5124 1297 5179 quam
1315 5113 1470 5181 postquam
1485 5109 1580 5167 vivere
1600 5107 1682 5166 sivit.

929 5195 1000 5262 Quis
1013 5194 1147 5270 lacrymae
1162 5197 1243 5254 locus
1259 5203 1303 5256 est
1318 5199 1368 5255 ubi
1384 5198 1425 5259 nil
1441 5200 1541 5256 minus
1556 5204 1608 5257 aut
1623 5197 1664 5255 ibi
1680 5197 1747 5345 plps

1642 5288 1698 5359 [est

928 5371 999 5431 Nam
1016 5375 1074 5433 duo
1093 5391 1145 5450 per
1160 5378 1249 5435 tonus
1266 5378 1308 5449 ut,
1329 5378 1422 5438 luerat
1435 5380 1519 5455 prius
1534 5394 1624 5438 unns.

964 5516 1022 5594 (ts)
1037 5518 1122 5578 Forte
1136 5519 1220 5580 deest
1234 5522 1337 5582 vocab.
1352 5521 1423 5596 ipss.

1579 5644 1619 5706 hd
