3802 6030
54 269 133 332 rtet

711 270 834 335 moult
854 270 907 337 DE
926 269 1089 338 GEMMIS.

1677 276 1762 341 tint>

54 403 140 459 Lacte
154 398 269 458 uolutus
284 398 360 467 ovis,
377 399 466 458 semel
484 405 574 475 atque
587 419 698 460 marem
723 403 878 477 parientis.
893 420 920 482 Α
935 405 1026 472 Quem
1041 407 1067 464 si
1080 407 1136 465 sub
1152 406 1252 478 liupua
1267 406 1327 464 loto
1342 406 1408 479 quis
1423 406 1550 480 gesserit
1564 423 1615 466 ore

57 489 180 561 iixpetlit
198 498 326 548 veterem
343 492 433 546 simili
450 493 474 528 '¹
489 494 600 549 rationo
623 499 791 565 portaerem,

55 587 92 639 Et
110 587 204 640 lessus
216 583 309 638 reiicit
325 584 381 639 sub
394 583 499 639 anhelo
514 592 630 655 pectore
645 586 733 640 libras
749 601 757 653 3

57 669 118 728 Hoc
133 679 163 728 et
177 672 336 743 nephrelici
353 679 511 729 sanescunt
525 674 656 744 unguine
680 688 773 729 renes.

63 759 154 816 Debet
169 763 198 815 iu
216 768 336 833 argento
352 765 458 818 mistus
473 763 581 817 vitrove
597 760 709 834 reponi,

60 847 224 923 ieiunoque
240 850 303 905 dari
318 869 325 919 ς
343 852 385 906 sic
404 850 473 907 utile
490 850 523 906 nc
545 850 739 906 medicamen.

60 940 96 994 nt
112 939 257 994 resolutus
269 943 353 1010 aqrris
369 941 443 997 cotis
456 940 513 996 sibi
529 941 671 1012 fragmina
694 941 793 1010 misto,

61 1030 97 1084 Et
113 1037 262 1099 porrectus
277 1028 303 1084 ei
317 1028 367 1083 tibi
385 1045 472 1102 quem
488 1029 650 1086 decreveris
679 1028 793 1083 hostem

61 1120 100 1174 Ut
114 1116 187 1173 lavet
201 1115 270 1195 inde
282 1134 365 1174 suern
377 1119 461 1191 quusi
479 1136 529 1191 pru
545 1118 733 1173 medicamine
747 1117 883 1185 frontem,

60 1205 192 1263 obducet
213 1208 347 1274 miseros,
362 1208 505 1264 exstincto
521 1207 644 1274 lumine,
665 1205 776 1263 vultus.

60 1295 92 1355 Si
109 1301 206 1368 potum
223 1297 350 1365 dederis,
367 1301 476 1353 vomito
488 1296 627 1369 pulmone
644 1295 759 1368 peribit.

60 1386 113 1444 Hic
130 1393 209 1444 totus
225 1388 309 1460 niger
324 1392 380 1454 est,
394 1388 445 1444 sed
463 1405 520 1444 non
536 1394 565 1444 et
582 1394 641 1444 tote
655 1385 680 1424 ll
692 1393 830 1460 poteslas.

62 1474 194 1533 Candida
208 1477 277 1532 duur
296 1478 424 1546 prodeat,
439 1479 509 1533 dum
526 1476 606 1532 laedit
621 1477 705 1551 nigra
719 1483 849 1534 vocatur.

172 1565 351 1623 106148
370 1568 384 1636 5
403 1565 542 1626 xxxvii.
559 1581 594 1622 ne
612 1580 727 1624 camela
745 1565 779 1623 ⁸⁸.

60 1658 97 1713 nt
107 1670 172 1729 quas
186 1657 343 1711 candorem
361 1660 417 1709 lert
430 1656 583 1725 grandinis
598 1666 686 1728 atque
708 1654 832 1729 ligurem

61 1742 174 1801 Ictibus
190 1742 355 1799 innumeris
367 1740 392 1778 ⁹⁸
406 1741 514 1798 invicta
529 1742 779 1817 Geluciagemme,

63 1831 156 1903 Cujus
172 1838 282 1888 naturae
298 1833 341 1888 vie
357 1837 440 1887 tanta
457 1833 597 1904 probatur
611 1839 642 1888 ut
665 1833 747 1888 omni

63 1923 207 1995 Tempore
218 1920 321 1991 triplus
336 1923 385 1982 sit.
403 1920 544 1994 nulloque
564 1920 691 1977 calescet
703 1920 740 1976 ab
754 1918 833 1994 igne.

245 2013 260 2083 ζ
279 2009 425 2067 lxxviii.
439 2028 474 2067 ne
493 2026 710 2077 extenuandam.

62 2096 278 2156 Exaconlalites
293 2097 317 2136 ’⁰
331 2100 406 2170 lapis
421 2115 501 2155 exre
520 2116 626 2155 nornen
645 2097 782 2170 adeptus,

61 2187 117 2256 Qut
133 2188 287 2260 sexaginta
304 2188 419 2245 modico
433 2190 508 2261 gerit
521 2190 591 2246 orbe
601 2190 722 2255 colores,

60 2278 197 2351 Corporis
214 2278 311 2348 exigui
328 2295 451 2334 numero
467 2276 622 2350 dispendia
637 2279 767 2351 supplet,

61 2366 137 2425 Dum
154 2374 196 2424 tot
211 2383 397 2439 gemmarum
409 2370 464 2422 lert
478 2367 626 2440 gemmata
641 2368 832 2425 eotncolures.

62 2457 95 2515 lu
109 2457 200 2533 Lycia
215 2459 291 2530 lapis
308 2457 355 2511 hic
381 2457 524 2528 reperitur
547 2458 624 2529 apud
653 2456 839 2532 Troglodrtes
852 2455 887 2533 J.

272 2547 287 2619 ξ
307 2544 430 2602 xxxix.
451 2562 487 2602 ce
506 2561 674 2604 cirecestre.

64 2633 164 2694 Indica
180 2635 299 2692 testudo
313 2635 438 2708 iapida-m
455 2636 545 2693 mittit
560 2637 737 2694 chelonitem

68 2724 189 2784 Gratum
205 2730 363 2799 purpureo,
375 2726 514 2799 varioque
529 2725 625 2783 colore
645 2726 798 2797 nitentem,

935 497 1024 553 Posse
1040 515 1117 571 magr
1134 500 1260 554 credunt
1276 498 1352 553 hunc
1369 496 1501 555 diurnare
1525 503 1632 554 lutura.

935 584 1005 645 Orto
1021 605 1106 643 mane
1121 586 1168 643 dic
1183 597 1293 643 sextam
1310 589 1453 642 duntaxat
1467 589 1501 642 ad
1519 587 1634 645 horam·

935 676 1079 750 Tempore
1094 693 1152 748 quo
1169 675 1247 732 luam
1262 692 1445 733 succrescere
1459 677 1590 732 cernitur
1603 675 1696 749 orbis,

934 764 988 818 Sed
1006 763 1076 819 lune
1091 763 1186 835 prime
1202 763 1311 835 lapidis
1323 763 1460 836 praedicta
1475 768 1603 833 potestas

936 851 1039 907 Tutius
1052 854 1142 908 lectur
1156 854 1252 925 spatio
1268 853 1376 908 durare
1390 852 1460 923 diei,

936 938 1049 1003 Quintae
1066 942 1283 1010 postdecimam
1300 942 1759 1015 coneorenntemporsprimast·

937 1033 974 1084 tlt
988 1028 1152 1086 detrimenti
1163 1030 1277 1087 lunaris
1287 1038 1418 1103 tempore
1433 1036 1494 1087 toto

938 1122 1013 1173 Ante
1028 1117 1105 1174 diem
1121 1124 1237 1174 tantum
1254 1120 1341 1188 lapidi
1359 1127 1459 1175 manet
1474 1119 1525 1175 illa
1548 1125 1688 1191 potestas.

937 1205 988 1263 un
1002 1206 1091 1265 eliam
1108 1206 1183 1263 nulli
1198 1206 1275 1280 lupls
1290 1208 1336 1264 hic
1352 1210 1497 1265 obnoxius
1511 1209 1582 1281 igni.

1194 1320 1286 1393 ext..
1306 1336 1343 1379 ce
1361 1338 1451 1379 rarxo
1470 1321 1503 1379 ⁰⁹.

938 1429 1234 1502 Conspicuuspraxus
1249 1427 1285 1466 ¹⁰⁰
1299 1430 1425 1501 gemmis
1440 1429 1510 1488 solet
1528 1433 1725 1504 annumerari,

938 1517 993 1575 Sed
1012 1536 1067 1575 uon
1083 1525 1128 1576 est
1142 1535 1246 1586 carus;
1263 1529 1418 1576 contentus
1432 1536 1541 1593 quippe
1555 1522 1671 1589 decors,
1769 1535 1771 1539 ·

938 1605 1013 1665 Utile
1028 1608 1068 1665 nil
1082 1608 1176 1675 alieri,
1193 1607 1248 1663 nisi
1264 1609 1341 1680 quod
1353 1611 1426 1664 viret
1440 1617 1468 1664 et
1481 1608 1562 1666 decet
1578 1627 1695 1668 aurum.

940 1697 1034 1754 Altera
1046 1698 1217 1770 sanguineis
1232 1698 1344 1765 species
1359 1706 1404 1754 est
1417 1697 1490 1753 illita
1504 1700 1596 1770 guttis
1614 1701 1635 1756 ².

901 1780 927 1848 il
942 1786 1041 1844 't'ertia
1053 1785 1217 1845 candidulis
1233 1785 1327 1841 tribus
1343 1791 1387 1842 est
1402 1786 1546 1860 inscripta
1567 1787 1671 1862 liguris
1686 1785 1708 1844 ¹.

1183 1902 1199 1977 ξ
1218 1901 1286 1959 xLl.
1304 1917 1340 1958 na
1358 1916 1525 1960 cassaneto.

941 2007 1105 2083 crystallus
1120 2008 1229 2082 glacies
1246 2009 1354 2066 multos
1369 2012 1473 2066 durntu
1487 2027 1537 2082 per
1551 2027 1656 2069 annos.

942 2096 978 2157 Ur
994 2100 1104 2172 placuit
1117 2100 1222 2167 doctis,
1241 2116 1290 2168 nur
1307 2102 1350 2156 sic
1365 2101 1519 2172 scripsere,
1537 2102 1728 2174 quibusdam,

942 2187 1089 2245 Germinis
1102 2187 1114 2224 ³
1128 2188 1240 2261 antiqui
1259 2189 1351 2262 trigue
1362 2195 1439 2244 tenet
1453 2197 1540 2262 atque
1554 2190 1692 2247 colorem.

942 2276 1013 2333 Pars
1028 2281 1125 2349 negat,
1141 2282 1170 2333 et
1185 2277 1286 2333 multis
1303 2278 1456 2349 perhibent
1472 2278 1502 2334 iu
1524 2280 1657 2351 partibus
1681 2281 1765 2338 orbis

941 2366 1119 2440 crystallum
1136 2366 1215 2422 nasci
1232 2363 1311 2438 qaod
1322 2364 1335 2402 ⁴
1347 2382 1402 2422 non
1419 2367 1463 2423 vis
1479 2368 1594 2441 trigoris
1619 2369 1691 2438 ulla,

940 2455 999 2513 Nec
1018 2455 1151 2529 glacialis
1167 2454 1261 2511 hirrus
1279 2471 1409 2526 unquam
1425 2455 1549 2512 viotnsa
1563 2461 1729 2530 probatur;

886 2585 890 2589 .
941 2548 995 2603 Sed
1012 2551 1124 2602 certum
1138 2548 1261 2609 curretis,
1279 2561 1332 2600 nea
1347 2551 1406 2601 stat
1425 2546 1588 2604 dubitabile
1610 2548 1762 2623 cuiquem,

942 2635 1024 2702 Quod
1040 2633 1117 2707 lapis
1129 2633 1176 2690 hic
1191 2634 1246 2689 soli
1262 2634 1416 2705 subjectus
1431 2635 1558 2708 concipit
1581 2637 1692 2710 iguem,

926 2723 1142 2795 'admotosque
1158 2721 1214 2778 sibi
1229 2720 1303 2779 solet
1317 2721 1409 2778 utne·
1423 2725 1582 2783 accendere
1597 2730 1703 2802 t'uugos
1718 2745 1728 2798 ς

613 2822 728 2884 vultis
744 2821 1033 2884 incanescente
1051 2819 1215 2879 caudice.

186 2921 205 2978 o
220 2919 271 2976 tait
285 2920 320 2976 de
333 2922 420 2991 serene
434 2937 450 2979 c
466 2922 520 2980 ille
534 2927 601 2993 met,

188 2990 221 3050 lli
235 2995 297 3047 nait
310 3008 345 3048 ce
359 2991 436 3049 han
451 2996 546 3057 antec,

187 3064 279 3119 Aeorls
293 3068 364 3119 carrd
382 3066 408 3120 te
422 3072 555 3132 aisement,

188 3132 222 3192 di
235 3140 304 3189 norat
318 3150 368 3190 nen
378 3134 577 3206 detonpement,

187 3206 264 3271 Epor
277 3209 392 3262 meisme
404 3208 463 3262 itur
473 3208 519 3265 dis

186 3277 294 3334 Etmotn
308 3295 343 3334 en
357 3277 408 3334 tart
432 3278 467 3334 de
482 3276 584 3345 herbis.

190 3352 253 3406 dun
269 3349 346 3406 uinci
359 3351 444 3406 malle
454 3366 489 3407 ott
503 3367 584 3407 euro.

188 3421 242 3477 lter
255 3422 350 3478 ciellie
363 3438 465 3494 ponere
483 3438 541 3479 non
560 3436 672 3481 canno.
767 3475 770 3482 .

189 3492 495 3567 Neusretrcicelepent‚

183 3563 223 3622 En
235 3570 299 3620 aunt
313 3567 384 3622 mult
396 3568 508 3635 precius
522 3573 638 3638 capent.

180 3635 229 3692 Det
244 3639 327 3693 reims
342 3641 415 3693 oster
433 3637 462 3692 in
477 3642 568 3707 pronti
580 3639 666 3695 daittr

182 3703 293 3779 Kejeen
308 3709 370 3764 lare
384 3706 488 3764 clrecnn
498 3709 558 3781 jar.

181 3780 224 3835 En
238 3780 341 3835 vcisrul
356 3784 409 3835 volt
420 3785 491 3837 estre
508 3781 638 3852 carpent,

192 3847 232 3906 Oa
247 3850 281 3906 de
295 3849 379 3935 reims
394 3853 452 3906 met
467 3850 609 3921 detepent.

193 3917 228 3980 tlt
237 3938 289 3979 cun
304 3923 391 3979 enimi
405 3923 491 3978 turne
505 3922 569 3992 uolt,

190 3994 211 4049 0
225 3994 253 4048 in
267 3999 310 4049 cot
324 3995 350 4049 el
365 3995 424 4050 ente
442 3994 572 4052 tesnrcitt.

191 4063 249 4119 San
262 4067 342 4135 [rant
355 4066 428 4122 cetae·
444 4063 524 4122 laver
536 4068 611 4139 lero,

189 4134 237 4191 oet
249 4152 296 4192 ene
309 4138 415 4208 nsreiee
427 4153 500 4204 sere,

187 4207 290 4262 dedens
305 4207 330 4262 le
343 4207 391 4275 iar
404 4223 474 4263 cura
488 4207 592 4278 perdel

185 4275 238 4334 Sen
253 4280 432 4336 demenrance
447 4280 547 4337 laum.

185 4348 206 4407 0
220 4351 282 4419 reite
294 4351 367 4408 dune
380 4367 449 4420 pour
462 4354 589 4420 peissun,

184 4420 215 4478 st
230 4424 333 4478 nemim
345 4428 384 4478 tut
401 4421 429 4480 le
441 4424 573 4494 liutmun.

184 4494 265 4549 lt'eire
274 4498 316 4550 ert
332 4495 361 4550 la
372 4496 450 4565 piene
462 4512 498 4552 en
508 4512 540 4552 co
554 4493 646 4554 celer.

177 4563 273 4620 lintre
288 4584 358 4631 pann
375 4569 449 4634 torre
464 4572 489 4623 et
503 4584 573 4638 prim
586 4570 681 4639 viper,
752 4599 756 4607 ·

179 4635 246 4691 dien
257 4643 297 4692 en
312 4637 388 4692 neire
401 4656 418 4692 a
433 4639 490 4694 cels
505 4637 564 4694 tete
577 4646 644 4710 cett,
755 4640 773 4650 ”

178 4712 219 4764 tle
232 4711 318 4764 nette
327 4710 433 4763 mort-te
443 4709 576 4765 deennnt.

303 4794 468 4865 liixxvii.
490 4810 522 4854 ct
541 4810 657 4856 osunen

201 4882 294 4941 Geloee
307 4896 345 4941 est
360 4887 431 4940 mult
446 4885 505 4941 bele
518 4888 607 4957 plere,
623 4943 625 4947 ,

196 4957 229 5013 δι’
243 4962 284 5012 est
298 4962 332 5012 rte
345 4973 369 5012 n
383 4957 452 5011 dure
467 4958 601 5025 muniere,

197 5025 236 5086 Kc
249 5043 284 5083 ne
296 5027 352 5091 poit
366 5043 437 5085 estre
450 5027 564 5095 deucere

199 5099 229 5155 ln
243 5099 339 5154 ctrrtrle
349 5103 381 5153 ni
392 5117 427 5155 en
441 5103 507 5156 ante
518 5101 601 5172 loide.

255 5187 435 5260 §XXXthL
457 5191 701 5246 a'excconrn‘atn.

193 5279 404 5335 Eeacontotitee
418 5284 458 5336 est
472 5280 579 5352 peinte,

1062 2918 1100 2976 ue
1113 2920 1234 2975 insonte
1247 2918 1344 2975 enlnrc
1358 2927 1398 2976 est
1413 2917 1508 2992 telate,

1056 2990 1105 3046 Lea
1118 2992 1228 3046 catenes
1241 3006 1262 3046 a
1276 3006 1310 3046 en
1320 3006 1359 3045 see
1372 3000 1480 3063 pentes,

1054 3061 1168 3119 Entider
1180 3062 1257 3116 nutat
1270 3077 1301 3117 aa
1319 3062 1487 3131 Tropoditee.

1151 3130 1167 3206 ξ
1187 3129 1313 3189 xxxix.
1334 3149 1366 3190 aa
1385 3147 1549 3194 canonice.

1062 3208 1102 3260 En
1116 3207 1184 3260 lnrle
1200 3213 1308 3272 portent
1323 3204 1346 3259 tr·
1359 3209 1480 3275 nectum,

1062 3275 1146 3330 Pierc
1160 3271 1193 3329 lte
1208 3273 1363 3352 dictionales
1372 3294 1390 3333 e
1400 3293 1477 3334 narn.

1062 3344 1096 3406 li
1112 3348 1139 3402 la
1153 3347 1238 3402 laede
1253 3363 1324 3401 auru
1337 3349 1403 3404 dien
1417 3351 1506 3422 drale,

1062 3419 1145 3483 Enete
1158 3432 1247 3474 suren
1262 3420 1359 3489 tenpue
1371 3422 1461 3488 poree.

1062 3489 1113 3546 lter
1127 3494 1153 3545 te
1167 3489 1256 3546 motin
1268 3497 1309 3546 tot
1318 3490 1497 3565 leereiasant,

1066 3558 1115 3617 Ges
1129 3559 1176 3617 isal
1190 3559 1261 3617 midi
1275 3562 1461 3634 opureinont,

1065 3633 1130 3688 Poit
1143 3635 1266 3701 altercer,
1273 3633 1306 3704 jo
1321 3636 1353 3690 ni
1365 3636 1471 3704 saldra,

1065 3703 1158 3762 Gekcl
1172 3706 1307 3761 ereienmt
1319 3704 1342 3761 n·
1355 3712 1495 3766 ouendrc:

1068 3777 1103 3832 El
1111 3775 1208 3833 decors
1217 3777 1317 3833 denunt
1332 3777 1425 3848 teian,

1067 3847 1147 3906 Geeca
1161 3850 1252 3920 prime
1266 3864 1283 3904 o
1297 3859 1371 3906 certe
1385 3851 1478 3921 notar,

1068 3918 1160 3987 Quane
1174 3925 1214 3977 est
1231 3924 1321 3993 prime
1336 3922 1387 3979 tuit
1401 3923 1429 3980 te
1437 3925 1489 3996 jar
1503 3923 1573 3986 dure

1068 3991 1089 4047 a·
1103 3993 1267 4064 paintecime
1280 4008 1314 4047 en
1329 4008 1362 4050 se
1375 4000 1491 4070 nature,

1269 4086 1290 4117 h

1068 4132 1106 4189 lle
1119 4130 1169 4204 son
1185 4146 1230 4188 me
1242 4133 1325 4205 nume
1337 4135 1426 4192 elene
1439 4138 1538 4194 munt.

1069 4203 1111 4263 En
1125 4203 1190 4260 lade
1205 4205 1353 4261 nutstede
1367 4207 1395 4262 la
1409 4205 1496 4265 cient.

1072 4275 1144 4333 fluit
1157 4284 1196 4332 eet
1212 4273 1254 4333 dei
1268 4282 1294 4331 et
1320 4275 1365 4332 oet
1377 4281 1448 4335 aire.

1074 4347 1104 4405 Si
1119 4352 1158 4404 est
1172 4353 1225 4405 tete
1237 4361 1336 4417 porpre
1348 4357 1375 4404 et
1388 4365 1476 4410 verre.

1242 4417 1326 4489 litt.
1349 4435 1380 4476 aa
1400 4436 1532 4484 emersa.

1073 4490 1192 4546 Prertne
1202 4496 1241 4545 ert
1257 4494 1313 4546 cert
1324 4491 1359 4546 rie
1374 4492 1431 4551 inte
1445 4512 1569 4567 manne,

1073 4561 1142 4618 licis
1156 4576 1186 4615 eo
1201 4571 1280 4617 uertn
1294 4561 1362 4619 n'ert
1375 4581 1471 4637 poem
1484 4569 1575 4628 eluere:
1628 4564 1631 4569 ’

1074 4632 1155 4690 Nolle
1167 4637 1246 4687 nerlu
1259 4632 1293 4689 de
1309 4633 1332 4691 le
1343 4653 1379 4691 ne
1389 4652 1424 4694 ne
1439 4642 1523 4702 aient.

1075 4704 1138 4760 Fors
1152 4699 1185 4758 lie
1199 4701 1310 4760 Suttont
1323 4722 1357 4762 en
1371 4722 1404 4764 cr
1417 4712 1522 4780 acient.

1077 4773 1156 4832 Trete
1170 4774 1298 4831 orantes
1312 4779 1445 4836 tueletdec
1461 4802 1481 4837 a
1495 4786 1592 4854 remu,

1074 4846 1149 4903 Alere
1162 4847 1195 4900 ni
1208 4863 1224 4901 a
1239 4847 1308 4903 n'ect
1321 4866 1370 4918 pas
1380 4855 1407 4906 si
1417 4861 1502 4913 nerle.

1074 4917 1156 4978 liano
1167 4927 1258 4973 vertar
1274 4934 1309 4976 ne
1322 4922 1471 4983 medicinec
1487 4942 1496 4993 3

1075 4988 1143 5046 lleic
1157 4986 1191 5046 lte
1204 4992 1330 5048 ceincias
1343 5012 1361 5048 u
1372 4998 1521 5072 sanquine,

1104 5130 1111 5142 ·
1220 5063 1322 5130 §XLL
1344 5081 1523 5127 accersunt..

1077 5129 1229 5203 deniqueret
1241 5133 1322 5193 client
1335 5135 1368 5193 lte
1378 5138 1490 5211 Cristcl,

1077 5199 1145 5264 lece
1158 5213 1196 5259 eet
1208 5203 1285 5274 place
1299 5212 1423 5278 natural,

989 5304 998 5339 χ
1078 5282 1136 5332 Por
1151 5284 1202 5332 ont
1215 5281 1344 5335 endurcit
1357 5281 1390 5336 tte
1403 5280 1524 5353 tridure,

749 5348 871 5441 tanin
887 5343 1096 5451 ascalonae.
1135 5440 1138 5447 ,

78 5504 81 5509 -
107 5469 131 5507 “
146 5470 189 5541 lt,
206 5472 299 5543 parili.
315 5472 338 5510 ⁸³
350 5473 392 5532 G..
403 5473 486 5546 nigre
503 5490 511 5542 ;
527 5471 557 5532 G.
577 5490 626 5537 m.‚
643 5472 768 5546 ingrata.
782 5471 806 5508 ’⁴
821 5473 869 5536 tt..
885 5470 1008 5538 Galatia,
1023 5467 1066 5536 G..
1081 5466 1227 5525 chalania.
1243 5471 1267 5508 ⁰⁸
1281 5471 1313 5530 G.
1332 5474 1378 5544 lt..
1394 5475 1582 5534 omnimodis.
1598 5477 1622 5513 '⁸
1636 5474 1678 5542 G..
1703 5474 1775 5534 Exn·

71 5547 255 5605 contatrttus.
271 5543 294 5583 ⁹⁷
308 5548 350 5613 6.,
365 5543 547 5619 Trogloditas
564 5587 572 5613 ,
590 5542 832 5621 lt..'i³ragod,ytas.
843 5542 868 5582 ⁸¹
883 5543 1009 5611 (tonna
1024 5559 1032 5609 ς
1048 5540 1079 5600 G.
1094 5557 1145 5610 m,
1162 5544 1273 5614 prima,
1290 5547 1479 5604 decrementi.
1505 5547 1584 5621 llil,
1614 5546 1724 5608 Prasia.
1740 5547 1775 5586 ¹⁰⁰

68 5610 100 5673 ὂ.
116 5616 161 5687 te,
176 5617 304 5677 Prasios.
320 5618 330 5655 ²
345 5617 386 5686 o,
402 5618 495 5675 renis.
511 5616 576 5683 ¹⁶..
590 5618 686 5675 lituris
702 5634 709 5684 ;
725 5615 768 5685 a..
781 5616 899 5674 litteris.
913 5617 927 5655 ⁸
939 5615 970 5690 d,
981 5612 1149 5675 Grandinie.
1165 5613 1238 5684 td„
1252 5627 1338 5691 ques.
1348 5618 1361 5656 ⁸
1373 5623 1416 5688 c..
1432 5619 1490 5677 tric.
