3802 6030
100 367 1814 441 m

759 638 1009 688 sutnssnstuto
1034 636 1157 686 bombo

261 925 369 1088 Ι).
429 918 918 1091 GAEstttt
982 893 1655 1086 ts’tssTtsEES

452 1315 763 1423 CARDINALI
800 1314 1071 1422 EPISCOPO
1110 1313 1454 1435 ALBANENSI,

566 1631 712 1729 DUCI
747 1631 825 1727 AC
861 1628 1005 1725 PARI
1038 1626 1343 1743 FRANCIAE,

279 1999 442 2046 acetoso!
466 1993 610 2043 ORDINU!
634 1995 897 2055 consummat,
928 1994 1038 2042 mici!
1061 1992 1198 2041 (imbrii
1222 1995 1243 2039 A
1266 1992 1375 2040 Pffll!
1398 1987 1524 2055 mm,
1554 1988 1624 2038 HC.

144 2599 245 2685 Quod
262 2595 397 2667 ultimis
413 2593 550 2665 seculis
570 2594 713 2678 accidit,
734 2595 1012 2664 eminentissime
1027 2594 1190 2664 Ecclesia
1209 2597 1388 2682 Princeps,
1410 2606 1462 2676 ut,
1480 2593 1680 2686 fabentibus
1695 2596 1803 2683 prin·

102 2709 239 2795 cipibus
259 2704 361 2787 uiris,
382 2704 432 2774 ad
447 2703 628 2792 publicam
655 2701 856 2784 utilitatem,
879 2710 911 2771 et
930 2703 1234 2785 oblectamentum,
1250 2722 1268 2771 e
1287 2700 1473 2771 ruderibus
1497 2712 1704 2771 eruerentur
1717 2703 1803 2772 insi·

99 2814 182 2903 prtia
201 2814 364 2903 quaedam
391 2810 616 2899 antiquitatis
636 2817 670 2878 et
688 2810 910 2897 perfectioris
938 2810 1025 2877 ortis
1048 2807 1329 2898 miraculaque
1355 2821 1548 2896 temporum
1578 2806 1715 2899 injuria
1738 2806 1802 2878 sub

97 2923 213 2989 ruinis
228 2918 428 2990 sicutissime
438 2919 644 3003 iacuerunt,
666 2918 733 2984 boc
760 2913 848 2983 mibi
871 2915 1028 3004 feliciter
1050 2917 1205 2986 arbitror
1229 2918 1414 3006 rontiqisse
1434 2917 1516 2985 dom
1543 2916 1612 2985 tuis
1636 2918 1701 2987 sub
1717 2916 1804 3005 feli·

97 3029 191 3095 cibus
214 3026 396 3115 auspiciis,
424 3024 641 3092 Venerabilis
666 3020 865 3091 attelabo-tt
888 3024 1003 3108 primo
1032 3024 1169 3112 quidem
1196 3025 1465 3093 Cenomanensis
1488 3021 1649 3114 episcopi,
1675 3016 1824 3092 delate

102 3134 320 3202 Turonensis
349 3132 604 3218 archiepiscopi
623 3133 771 3216 Operae
792 3128 909 3198 blattis
928 3130 1075 3199 educere
1095 3151 1171 3196 sum
1205 3149 1401 3218 oppressus.
1428 3129 1524 3216 Ouid
1541 3149 1621 3198 oero
1633 3129 1802 3217 justius?

97 3242 183 3328 quib
197 3239 404 3308 t'luistiaaae
416 3239 559 3325 pietatis
576 3239 836 3326 professoribus
852 3234 1006 3305 utilius?
1029 3237 1116 3325 qnid
1128 3239 1277 3325 lenique
1296 3238 1458 3305 litteratis
1482 3237 1644 3305 omnibus
1661 3241 1805 3323 potuis·¹

96 3356 147 3415 set
168 3367 240 3416 esse
264 3347 473 3429 iucundius,
494 3364 599 3434 attam
620 3340 770 3431 publice
786 3344 856 3411 luci
873 3344 1016 3413 reddere
1038 3344 1132 3434 scrip
1139 3355 1174 3410 ta
1189 3343 1400 3433 percelebris
1419 3363 1483 3412 suo
1497 3354 1650 3430 tempore
1666 3363 1805 3432 prasu-

95 3454 148 3533 lis,
177 3473 278 3542 quem
303 3472 423 3521 omnes
448 3471 557 3543 prope
574 3448 672 3518 illius
696 3448 763 3517 aui
783 3452 968 3537 scriptores
986 3452 1062 3518 suis
1087 3450 1306 3520 celebrarunt
1329 3449 1508 3531 encomiis,
1528 3458 1560 3518 et
1579 3470 1696 3539 quem,
1712 3471 1805 3522 unus

95 3559 208 3628 instar
222 3561 384 3630 omnium
399 3560 609 3637 Bernartius,
626 3558 662 3623 in
677 3554 942 3644 difficilioribus
954 3557 1121 3629 Ecclesia
1140 3560 1441 3646 tempestatibus«
1462 3575 1626 3645 mapuom
1640 3556 1805 3629 ccclesia

95 3667 298 3736 columnam
321 3693 338 3728 »
353 3686 423 3735 non
442 3662 614 3734 dubitavit
637 3664 817 3753 appellare
839 3664 911 3754 (υἱ)

144 3773 302 3842 lantum
315 3792 401 3841 sone
425 3772 541 3842 lautis
564 3770 718 3857 etapium
740 3791 761 3835 o
784 3769 861 3839 viro
880 3773 1115 3849 sanctissimo,
1137 3791 1201 3842 nec
1218 3791 1339 3860 repam
1365 3792 1534 3863 unquam,
1551 3792 1615 3842 nec
1629 3773 1685 3842 uel
1701 3791 1804 3843 sum·

91 3900 229 3949 morum
251 3878 462 3968 pontificum
493 3886 719 3958 assentatore,
749 3876 975 3947 Hildebertus
992 3878 1079 3967 jure
1103 3898 1145 3946 ac
1175 3881 1299 3947 merito
1328 3889 1576 3965 reportaverat,
1607 3899 1676 3949 non
1698 3881 1801 3951 moda

90 3999 233 4074 propter
257 3989 530 4055 invictissimum
552 4006 688 4075 semper
707 3989 745 4056 in
767 3987 1037 4076 propupnanclis
1070 3987 1181 4053 sacris
1200 3989 1361 4055 Ecclesia
1372 3988 1515 4071 juribus
1539 3991 1714 4071 animum,
1731 4007 1802 4056 nou

96 4081 209 4160 sotum
219 4105 363 4184 propter
375 4095 601 4162 sanctissima
615 4096 693 4162 oitae
707 4095 949 4181 pervolantem
967 4094 1096 4181 ubique
1112 4095 1264 4180 famam,
1277 4094 1340 4162 scel
1353 4095 1611 4182 etiampropter
1625 4092 1799 4165 catltolira

91 4195 226 4293 semper
244 4210 277 4268 et
291 4199 430 4288 eprepia
456 4200 697 4289 cujuscunque
711 4198 848 4287 pencris
862 4200 1006 4287 scripta,
1027 4219 1103 4288 quse
1123 4199 1289 4269 Oraerico
1320 4199 1434 4277 Vitali,
1459 4201 1655 4270 Hildeberti
1682 4205 1798 4293 ipsius

89 4308 252 4392 suppari,
269 4294 351 4374 teste
366 4309 412 4391 (2)
432 4333 448 4367 a
470 4326 491 4375 a
510 4308 679 4375 Romanis
695 4306 951 4388 cardinalibus,
968 4309 1033 4394 qui
1052 4315 1135 4375 turca
1150 4308 1313 4397 temporis
1335 4305 1489 4379 Galliam
1509 4306 1797 4397 frequentabant,

90 4412 239 4480 [lentam
264 4423 453 4502 reportata,
471 4415 645 4483 dicacium
659 4413 797 4492 sobolis,
815 4414 948 4501 stipsis
967 4413 1146 4497 Quiritum
1165 4413 1356 4484 didascalis
1372 4415 1584 4483 admiranda
1606 4417 1801 4484 censeban-

92 4526 205 4586 mn»

136 4629 183 4694 Et
196 4635 288 4696 certe
307 4648 379 4697 nan
393 4626 578 4697 immerito.
594 4656 610 4689 «
638 4632 723 4698 Tam
745 4629 950 4697 diuinarum
971 4629 1080 4706 enim,
1103 4629 1301 4697 »nitidem
1326 4637 1422 4696 uetus
1446 4638 1569 4697 auctor
1582 4628 1641 4715 (3),
1665 4647 1798 4717 aquam

95 4734 312 4802 secularium
332 4738 529 4805 erutrtr'oae
542 4735 742 4803 litterarum
758 4737 1046 4822 incomparabilis
1058 4735 1191 4822 florent,
1210 4762 1225 4796 »
1244 4734 1370 4826 quippe
1385 4738 1449 4824 qui
1468 4759 1484 4799 a
1502 4736 1680 4822 elepanter
1692 4735 1801 4804 simut

96 4845 128 4904 et
139 4840 311 4926 sapienter
325 4842 457 4910 locutus
480 4849 533 4910 est
555 4842 597 4910 cle
612 4839 746 4911 Obristo
772 4852 805 4911 et
819 4842 986 4920 Ecclesia,
1008 4841 1051 4910 de
1070 4862 1210 4931 corpore
1225 4851 1257 4912 et
1271 4842 1403 4927 anima,
1420 4843 1463 4912 ete
1476 4843 1582 4933 pestis
1596 4850 1796 4912 sanctorum

93 4956 126 5011 et
138 4948 327 5015 virtutibus
347 4967 477 5026 eorum,
499 4949 541 5018 ele
556 4949 660 5017 laude
676 4949 843 5017 uirtutum
857 4961 890 5018 et
905 4950 1159 5037 vituperatione
1175 4950 1352 5020 vitiorum.
1375 4976 1390 5012 o

140 5055 217 5121 Hac
229 5052 390 5123 suntilla
403 5057 534 5124 eaimia
548 5057 692 5146 scripta,
713 5076 789 5144 qua
809 5076 877 5143 per
895 5068 1025 5145 septem
1042 5061 1119 5146 fere
1134 5061 1338 5128 seculorum
1356 5058 1583 5133 curriculum,
1600 5054 1800 5145 iniquorum

93 5157 229 5245 injuria
245 5172 453 5251 temporum,
473 5161 523 5230 ad
538 5167 719 5250 (mapnum
740 5163 859 5252 utique
880 5163 1091 5234 Gbristianse
1103 5169 1247 5256 pretatis
1262 5176 1293 5235 et
1308 5167 1510 5254 reipublice
1530 5165 1711 5234 litteraria
1723 5163 1800 5231 elis·

133 5344 178 5424 (1)
194 5346 289 5423 Epist.
305 5350 364 5410 tet
378 5348 455 5412 edil.
471 5349 589 5411 Mabitt.
605 5351 642 5412 In
664 5349 724 5412 hoc
740 5349 838 5412 relata
852 5350 911 5413 sub
927 5369 1013 5414 num.
1026 5356 1076 5414 bl.
1092 5351 1165 5414 libri
1179 5369 1213 5414 ιι.

132 5424 179 5586 ἓὶί
195 5425 278 5520 licei.
292 5427 374 5491 Hitt.
386 5429 444 5493 tib.
459 5450 493 5505 x,
510 5449 543 5512 p.
558 5431 630 5492 tto,

147 5507 166 5566 3
194 5506 266 5571 uss.
281 5526 389 5590 supra.

253 5632 390 5702 Pastas.
413 5637 541 5702 cml.

50 5792 175 5960 »bb
