3802 6030
137 242 200 342 aec
625 271 717 332 vnn.
741 262 977 331 urnnnenart
1000 257 1200 328 cuaouart.
1223 262 1347 329 natac.
1767 262 1849 328 tooo

146 408 149 413 '
171 411 212 469 Ite
227 410 282 466 hec
297 410 398 467 eadem
413 406 477 479 lege
492 403 645 461 familiaris
660 402 709 460 ille
725 410 793 460 tuus
817 399 960 475 Augusti·
974 402 1004 470 Α
1018 399 1061 457 sic
1076 400 1147 457 undi
1158 416 1205 472 pue
1220 399 1257 458 ad
1272 399 1348 457 hauc
1368 398 1502 456 iollmam
1524 402 1553 456 et
1575 396 1724 456 inllrmam
1749 397 1852 458 carnis

30 500 36 513 '
137 517 194 557 nus
209 500 265 574 (59)
283 504 383 555 contra
399 497 568 553 haereticum
583 494 735 551 lulianum
752 494 795 549 sic
807 491 959 564 loquitur:
1014 485 1163 548 lasciviam
1177 506 1351 547 concurrere
1367 489 1554 559 didicerunt,
1571 489 1651 545 unde
1667 493 1696 544 et
1707 486 1772 545 atta
1783 490 1853 564 qui·

139 609 153 643 a
173 595 230 644 tex
246 589 301 641 ista
317 585 436 658 peccati,
454 601 517 657 quae
540 585 570 639 in
596 583 735 638 rnembrts
761 586 807 637 est
831 577 961 653 corporis
1015 579 1081 635 dem
1098 596 1149 652 per
1164 595 1301 650 corpores
1318 595 1432 644 sensus,
1448 576 1512 633 alia
1527 593 1594 632 vero
1612 593 1662 648 per
1683 591 1853 635 occursen-

137 679 237 735 mortis
253 677 353 748 hujus,
369 685 398 733 et
412 692 536 733 ramasse
551 680 595 730 est
614 673 802 747 generatione
823 668 962 743 spiritali,
1016 674 1060 724 tes
1075 668 1285 740 cogitationum
1301 669 1445 740 imagines
1461 665 1686 735 irregressibiles
1702 667 1738 723 ad
1756 677 1784 724 le
1807 667 1853 724 le·

135 765 164 822 et
181 773 280 822 manet
294 766 325 821 in
340 781 427 822 earne
442 765 579 833 mortali;
596 765 721 820 remissa
744 761 867 829 scilicet,
893 756 963 833 quia
1017 763 1120 816 cerunt
1141 758 1358 831 irruptionem;
1387 761 1540 813 turbatum
1562 756 1632 812 inde
1656 755 1773 813 carnale
1798 756 1855 814 boe

135 858 305 928 reatusejus
317 856 484 912 solutusest
495 860 757 925 sacramentaque
770 860 965 908 renascuntur
1018 848 1191 922 luteumque
1206 847 1413 912 diversorium,
1429 847 1591 917 quamdam
1603 847 1712 902 verenti
1722 847 1798 902 coeni
1811 847 1854 903 le·

135 944 268 1002 infideles
283 970 290 1014 t
308 952 407 1001 manet
423 951 533 1009 autem,
551 947 619 1016 quia
635 949 795 1014 operantur
806 942 963 1010 desideria,
1019 946 1111 997 torem
1128 940 1157 995 in
1171 955 1227 1004 me,
1245 938 1316 1009 proh
1329 936 1441 1010 pudori
1455 935 1618 993 exhalavit:
1633 953 1686 992 uec
1701 937 1784 1009 potui
1796 953 1854 994 non

136 1037 314 1108 contraque
329 1035 471 1090 dimicant
487 1039 515 1089 et
528 1034 637 1090 fideles.
653 1055 667 1085 a
686 1031 717 1089 Ut
739 1032 829 1104 igitur
854 1030 965 1087 Aristo·
1020 1032 1128 1088 sentire
1144 1029 1327 1103 pestilentem
1340 1045 1441 1085 auram
1453 1027 1589 1097 exagitati
1607 1025 1767 1095 volutabri,
1779 1043 1855 1083 com·

135 1123 222 1182 telem
236 1125 486 1198 sophismatibus,
502 1124 626 1196 argutiis
647 1123 793 1197 Ulyssem,
818 1122 967 1179 Simonem
1023 1137 1141 1177 munem
1152 1119 1225 1176 mibi
1236 1136 1302 1175 cum
1313 1119 1429 1191 spurcis
1440 1116 1534 1190 porcis
1545 1116 1716 1173 inhabitans
1728 1116 1855 1174 mansio·

141 1212 199 1287 (60)
216 1212 337 1270 lallaciis
353 1215 521 1281 antecedas,
538 1214 648 1269 trustra
668 1217 767 1269 tamen
792 1212 969 1285 persuadere
1023 1225 1101 1266 nem.
1117 1208 1259 1265 Preterea
1273 1224 1372 1266 carcer
1386 1207 1443 1264 iste
1456 1223 1491 1263 an
1506 1224 1540 1264 oa
1554 1211 1726 1279 compactus
1736 1210 1783 1263 est
1794 1221 1855 1262 ma·

135 1303 293 1359 conaberis
309 1303 363 1360 boc
379 1308 408 1359 te
420 1302 544 1359 liberam
560 1302 717 1372 lenocinio,
733 1303 818 1373 cujus
838 1317 969 1368 veneres,
1022 1296 1107 1365 teria,
1119 1299 1166 1354 oui
1178 1295 1262 1354 lncile
1276 1297 1417 1354 tnhaersat
1430 1296 1616 1353 admotarum
1630 1295 1752 1352 llamrna
1768 1295 1853 1353 volu·

135 1396 165 1449 et
180 1396 293 1449 naturae
308 1393 407 1449 debito
422 1393 617 1461 sustinentur,
630 1398 658 1448 et
669 1393 852 1448 refrenantur
862 1389 970 1447 auxilio
1024 1394 1147 1462 ptetum.
1164 1388 1235 1455 Quis
1254 1388 1345 1461 igitur
1358 1388 1422 1459 ejus
1439 1387 1651 1443 incarceratum
1663 1385 1789 1443 califieri
1801 1385 1854 1443 du-

134 1483 255 1556 gratire.
272 1482 312 1539 De
327 1483 391 1554 ejus
406 1487 505 1540 tamen
523 1487 604 1539 reatu
619 1480 701 1539 nulla
718 1481 789 1537 mihi
816 1482 969 1536 adversum
1024 1480 1107 1546 bitat,
1122 1479 1151 1535 in
1168 1495 1255 1551 quem
1272 1478 1424 1535 cinereset
1438 1477 1552 1535 invitine
1563 1477 1694 1534 vicinum
1704 1474 1857 1550 jaculetur

12 1576 15 1581 '
62 1604 65 1609 ·
137 1572 397 1645 lequaerimonia3
421 1570 457 1628 da
487 1571 590 1628 morbo
616 1570 724 1628 etenim
750 1570 901 1643 conqueri,
924 1560 971 1625 cui
1024 1563 1856 1641 incendium?Videsigiturquaeconoupiscentia,quasi

134 1661 255 1733 plenum
270 1661 300 1716 in
318 1676 404 1718 sacro
421 1661 500 1718 lonte
519 1662 667 1735 provisum
684 1666 729 1718 est
744 1660 917 1725 remedium,
929 1675 972 1714 se·
1027 1656 1189 1714 masculam
1202 1662 1452 1726 moveatcarnam,
1464 1674 1523 1729 qua
1534 1655 1722 1728 improbitate
1732 1670 1855 1713 consen-

135 1749 257 1807 lulilerm
272 1756 318 1806 est
332 1751 472 1823 derogare
489 1751 650 1807 medicina.
667 1749 708 1805 De
725 1749 906 1822 quotidianis
923 1764 970 1803 au·
1027 1764 1093 1804 suut
1104 1748 1225 1820 spiritus
1236 1747 1303 1804 talis
1313 1747 1369 1804 sibi
1382 1748 1507 1804 maritus
1517 1752 1701 1821 extorqueat,
1713 1763 1777 1819 qaas
1788 1761 1856 1819 pro·

135 1846 194 1898 tem
209 1840 447 1897 intestationibus
462 1841 533 1909 tuis,
546 1841 582 1896 de
600 1839 745 1896 dissoluta
767 1837 908 1912 pudentia
921 1841 973 1893 tua
1026 1837 1126 1910 genies
1141 1837 1177 1893 ab
1193 1841 1315 1909 utroque
1330 1842 1493 1910 generetur.
1511 1838 1609 1906 Vides,
1636 1836 1767 1908 inquam,
1782 1851 1857 1908 quo·

136 1931 161 1988 si
174 1929 272 1987 dolero
287 1946 332 1987 me
348 1946 500 2002 negavero,
517 1929 618 1986 secreti
631 1930 769 2000 gemitus,
780 1936 808 1985 et
826 1925 973 1985 trahentia
1027 1927 1113 1984 modo
1130 1928 1203 1983 letor
1214 1926 1294 1983 alllet
1308 1925 1430 1996 alienus,
1447 1943 1519 1998 quoe
1538 1942 1659 2000 vapores
1680 1942 1716 1983 ex
1737 1925 1856 1982 admoto

137 2017 239 2078 ilatum
255 2020 393 2093 suspiria,
409 2035 536 2092 quorum
560 2020 664 2076 melior
692 2019 778 2076 testis
800 2018 901 2075 nullus
928 2014 974 2073 est
1027 2016 1189 2074 sustineam
1204 2016 1350 2073 incendio.
1367 2017 1454 2073 Vides
1470 2017 1536 2084 boc,
1551 2022 1580 2072 et
1595 2014 1757 2087 indignaris
1772 2016 1797 2072 si
1820 2015 1855 2072 de

66 2136 71 2143 ·
137 2125 226 2181 quam
247 2109 383 2183 populus,
410 2111 581 2167 mendaeem
603 2108 627 2145 ⁸⁹
655 2126 701 2166 me
731 2108 971 2166 conclamabunt·
1027 2107 1145 2164 lrinnrio
1161 2107 1259 2163 carnis
1273 2123 1446 2180 conqueror,
1464 2107 1493 2162 in
1509 2124 1568 2180 quo
1582 2105 1773 2180 pinguedinis
1786 2122 1855 2163 mes

62 2243 65 2247 .
136 2199 246 2264 Queror
260 2199 351 2266 anim,
364 2203 474 2271 tuoque
489 2199 586 2271 gravis
601 2214 703 2264 onere,
720 2215 777 2255 non
801 2198 879 2271 quod
906 2195 971 2254 volo
1026 2198 1107 2271 vigor
1121 2197 1284 2255 exsiccatus
1300 2205 1354 2263 eet,
1368 2202 1396 2254 et
1410 2220 1424 2249 «
1441 2214 1509 2254 ossa
1525 2214 1590 2254 moa
1609 2198 1685 2255 sicut
1709 2196 1854 2255 cremium

22 2342 39 2367 ,Ι
133 2286 578 2375 iaciens,sedquodnolnillud
601 2304 781 2361 agene,cum
798 2286 973 2359 Pauloque·
1026 2285 1855 2359 aruerunthsol.c1,beecbllxl.»0uidmirum,ei

55 2446 57 2451 Ι
135 2378 208 2437 tidie
223 2379 612 2452 deplor0:oett«1nlelix
637 2395 689 2451 ego
711 2379 811 2448 borno,
838 2379 905 2450 quis
928 2392 973 2433 ms
1026 2375 1308 2444 delasciviatua‘2,
1336 2375 1363 2432 in
1390 2394 1449 2449 qua
1475 2394 1541 2433 cum
1570 2377 1725 2434 lutulentis
1750 2378 1856 2434 suibus

138 2469 278 2525 liberabit
287 2469 323 2525 de
333 2485 454 2541 corpure
472 2469 575 2524 mortis
585 2468 676 2539 hujus
688 2467 702 2523 ‘l
712 2490 727 2519 a
739 2467 827 2541 (Rom.
839 2484 889 2534 ιιι,
900 2467 946 2522 at.
959 2464 968 2541 l
1026 2468 1139 2542 ingredi
1155 2485 1265 2535 vereor,
1282 2469 1380 2541 egredi
1394 2467 1459 2525 volo
1470 2469 1484 2524 ‘l
1495 2491 1509 2520 ιι
1520 2467 1592 2526 Volo
1604 2470 1693 2537 enim,
1710 2467 1857 2542 cupioque

175 2557 256 2615 Hanc
272 2559 399 2629 prolecto
415 2574 449 2614 ea
462 2563 545 2614 atate
557 2558 675 2630 penitus
686 2558 828 2630 ignoravi,
840 2557 908 2628 quia
920 2573 970 2629 pa·
1025 2557 1156 2629 dissolvi,
1165 2563 1193 2613 et
1204 2575 1269 2614 esse
1279 2574 1345 2613 cum
1356 2557 1472 2614 cbristo
1485 2558 1622 2632 (Philipp.
1635 2574 1687 2628 xri,
1699 2558 1743 2631 3),
1758 2580 1773 2608 a
1786 2560 1859 2630 quia

140 2647 253 2704 ritaret
267 2645 406 2704 stimulus
423 2647 543 2719 peccati,
559 2652 590 2703 et
606 2664 677 2703 usus
698 2646 815 2702 delituit
836 2645 970 2703 rationis.
1025 2663 1090 2703 oum
1107 2646 1222 2704 Christo
1247 2663 1322 2714 esse,
1347 2647 1439 2703 multo
1465 2647 1580 2704 melius.
1608 2652 1694 2704 Porro
1716 2645 1857 2704 meliores

140 2735 229 2810 Virgo
240 2735 970 2810 sponsadesponeovirgincgloriabar,quiquundo
1024 2739 1139 2795 animas
1154 2738 1184 2793 id
1200 2738 1351 2795 affectasse
1368 2740 1504 2811 reperies,
1517 2756 1622 2812 easque
1632 2740 1709 2796 lm
1719 2740 1858 2795 testimo·

141 2826 230 2882 vellet
244 2826 280 2881 ad
294 2825 359 2881 illas
371 2841 417 2881 me
432 2830 548 2882 vocaret
571 2826 701 2898 nuptias,
715 2826 764 2882 ubi
783 2826 864 2882 sedet
885 2842 972 2898 para·
1026 2826 1857 2900 niummeisassertionibus,etexparimantoperhibuisse,

144 2908 294 2988 nymphus
308 2912 508 2987 apostolorum
526 2914 644 2982 chorus,
661 2915 711 2970 ubi
725 2916 835 2986 psaltes
855 2918 900 2970 cet
914 2914 971 2971 Da·
1025 2923 1053 2974 et
1068 2917 1166 2974 verbo.
1183 2917 1256 2981 Ouid
1269 2918 1346 2973 euim
1363 2917 1450 2973 David
1464 2916 1542 2973 aliud
1559 2918 1684 2990 petebat,
1697 2933 1764 2974 cum
1776 2916 1858 2972 dice·

21 3004 30 3049 ἴ
142 3003 202 3073 vid,
220 3003 269 3061 ubi
284 3020 395 3075 organa
410 3009 550 3060 resonant
565 3007 748 3077 angelorum.
760 3003 933 3071 Parabatur,
944 3008 973 3060 et
1025 3012 1086 3064 rel:
1106 3028 1119 3058 a
1135 3006 1351 3064 Tribuiationes
1366 3007 1463 3063 cordis
1477 3007 1534 3063 mei
1552 3006 1754 3079 multiplicata
1772 3010 1856 3075 sunl,

9 3098 53 3123 '¹
143 3091 971 3168 sperebaturmihiquietusillccustosquepudoristba.
1026 3096 1475 3154 deneceseitatibusmeiserue
1500 3096 1856 3169 me(Psel.xxrv,12),e

143 3183 251 3255 lamus,
267 3183 318 3240 ubi
333 3189 414 3240 casta
429 3183 524 3256 proles
539 3189 583 3240 est
600 3183 630 3253 ⁵⁰,
652 3201 704 3241 nec
721 3184 816 3240 mariti
841 3183 966 3255 gratiam
986 3158 1083 3242 Cnisi
1100 3190 1131 3243 ut
1146 3186 1319 3242 naturaliter
1333 3186 1587 3258 concupiscentem
1603 3187 1744 3245 adversus
1765 3184 1857 3258 spiri·

141 3274 257 3331 iuratur
271 3273 385 3345 ignium
403 3273 572 3340 multitudo,
582 3272 632 3330 ubi
647 3271 746 3329 nullus
758 3273 872 3345 repudii
884 3269 968 3328 libel·
1024 3281 1086 3332 tum
1102 3292 1230 3342 carnem,
1247 3275 1315 3347 qnia
1330 3275 1464 3331 voluntas
1480 3293 1539 3333 non
1555 3280 1677 3348 poterat,
1699 3275 1798 3348 gratia
1813 3289 1859 3331 re·

9 3346 55 3399 '-
141 3361 966 3436 lus,ubitampudicesponsamsibisponsusastriugit,
1024 3362 1267 3429 lrenaretlouid
1282 3366 1411 3436 apertius
1426 3380 1459 3421 eo
1476 3365 1554 3436 quod
1575 3364 1645 3420 dicit
1670 3362 1855 3437 Apostolust

142 3456 176 3509 ut
191 3452 305 3526 ignoret
317 3457 346 3508 et
361 3450 513 3523 amplexus
537 3451 816 3525 concupiscentiam,
841 3456 871 3507 et
899 3467 966 3507 con·
1025 3473 1039 3502 ι(
1056 3455 1127 3507 Caro
1142 3451 1322 3521 concupiscit
1337 3451 1478 3507 adversus
1493 3451 1641 3522 spiritum,
1659 3451 1785 3525 spiritus
1801 3450 1855 3506 ed·

143 3546 239 3599 laetus
256 3539 463 3612 corruptelam.
488 3540 533 3596 Me
562 3539 719 3597 miseraml
739 3542 811 3597 Dum
837 3539 903 3597 talis
930 3539 968 3597 ad
1024 3555 1124 3597 versus
1137 3540 1304 3596 carnemt»
1320 3537 1421 3610 (Galat.
1436 3556 1464 3608 v,
1479 3540 1534 3611 ta.)
1549 3540 1600 3596 Hic
1611 3541 1711 3612 itaque
1724 3544 1794 3596 tuus
1805 3540 1857 3596 ad·

81 3630 84 3634 ’
142 3630 286 3688 solemnia
299 3630 403 3687 talium
419 3630 605 3703 succingerer
623 3632 801 3703 nuptiarum,
818 3631 911 3687 lactus
935 3647 967 3688 es
1023 3646 1139 3686 versum
1154 3628 1854 3702 meconssictus,quotetquantumbeetosaelus

141 3715 215 3777 mihi
230 3725 274 3788 tu,
290 3724 333 3787 tu,
349 3721 483 3791 inquam,
500 3719 572 3774 mibi
589 3720 683 3776 lactus
697 3736 729 3777 es
744 3743 759 3771 «
775 3720 850 3793 lapis
877 3719 968 3777 ellen-
1024 3726 1244 3787 meosevecuet,
1255 3722 1697 3795 autquaegaudialrequentibus
1711 3719 1856 3780 molestiis

35 3852 41 3863 .
140 3807 243 3878 sionis,
260 3813 287 3864 et
302 3812 384 3879 petra
399 3806 529 3864 scandali
546 3808 572 3880 (i
580 3813 654 3865 Patr.
666 3825 698 3874 ιι,
711 3811 728 3864 8
741 3826 748 3876 ;
760 3809 769 3882 )
783 3830 851 3862 »-«
863 3809 967 3866 Factus
1023 3813 1229 3884 interrumpat,
1246 3811 1425 3885 supradictis
1450 3811 1556 3868 addere
1580 3828 1637 3869 nnn
1663 3811 1791 3869 taedebit.
1814 3813 1857 3869 Ae

141 3908 173 3953 es
188 3895 308 3952 coluber
323 3896 352 3951 in
368 3896 424 3964 via,
439 3900 467 3953 et
483 3903 609 3954 cerastes
626 3899 655 3953 in
671 3899 776 3955 semita
796 3893 874 3974 (Gen.
891 3915 966 3972 xcix,
1024 3920 1060 3960 ne
1073 3902 1147 3958 male
1159 3901 1314 3958 deliciosus
1324 3918 1442 3974 prosam
1455 3902 1591 3959 lastidias
1601 3901 1774 3974 longiorem,
1787 3918 1857 3971 pro·

38 4032 43 4037 .
142 3984 965 4062 li).»Exquoenimconsopitumevigilavitarbitrium,
1024 3993 1115 4049 missa
1135 4008 1200 4048 mea
1222 3993 1342 4047 metrico
1372 3990 1534 4062 persolvam
1562 3990 1746 4064 compendio.
1774 3988 1857 4048 rttud

101 4206 104 4213 .
140 4168 210 4237 ptus
225 4163 332 4221 obtulit
346 4163 381 4236 ⁴¹,
401 4167 444 4223 sic
467 4165 606 4234 involvit;
632 4172 674 4224 ets
698 4172 725 4224 te
749 4170 837 4225 nimis
864 4167 964 4241 bospi-
1022 4172 1135 4246 potiora
1149 4170 1265 4243 eligere,
1285 4168 1402 4225 vellenc
1419 4167 1505 4237 nolle,
1521 4175 1664 4226 emarcet
1679 4170 1787 4238 odisse,
1807 4175 1852 4227 at·

140 4255 239 4324 talem,
256 4255 345 4311 nimis
367 4255 530 4312 officiosum
555 4257 736 4329 praestitisti3
765 4262 843 4314 tolus
865 4274 966 4315 earum
1021 4278 1079 4335 que
1103 4259 1226 4333 propriis
1251 4258 1403 4314 affectibus
1419 4256 1443 4292 ⁴⁴
1458 4259 1492 4314 ad
1518 4276 1553 4315 ea
1579 4276 1642 4332 que
1667 4258 1744 4315 bone
1768 4267 1855 4332 sunt,

139 4345 359 4419 congratulatus
369 4363 399 4403 cs
412 4347 550 4403 adventui
564 4348 688 4416 ;dilluse
700 4349 892 4420 morigeratus
903 4349 965 4422 pri·
1021 4367 1072 4408 seu
1090 4348 1178 4415 mula,
1194 4363 1320 4417 movere,
1337 4364 1370 4403 ac
1385 4349 1574 4405 circumferre
1589 4350 1704 4405 lidelem
1730 4364 1852 4407 servum

139 4450 194 4491 sca
209 4434 253 4491 illi
269 4437 416 4503 amicitia,
432 4452 521 4509 quam
538 4452 604 4493 cum
621 4437 693 4508 ipsis
708 4443 737 4494 et
751 4439 806 4493 sub
816 4438 870 4494 sscu
883 4438 964 4512 pepi·
1021 4456 1121 4498 meum
1132 4456 1139 4508 ;
1149 4438 1173 4495 si
1184 4436 1353 4511 vigilantius
1364 4439 1511 4507 attendas,
1524 4438 1747 4512 ingratitudinis
1755 4443 1784 4495 et
1794 4438 1854 4495 im·

138 4542 234 4598 geras,
251 4532 278 4583 et
295 4526 410 4584 decreto
424 4529 592 4585 firmaveras
609 4530 793 4586 inconcusso.
806 4528 901 4601 Hujus
917 4521 1006 4588 ira-D
1023 4529 1169 4604 patientiae
1185 4525 1282 4598 arguit
1297 4531 1336 4594 le,
1352 4527 1400 4583 cui
1415 4531 1509 4583 toturn
1526 4527 1599 4584 illud
1625 4545 1681 4585 non
1705 4527 1791 4585 aliter
1814 4528 1852 4585 ad

139 4616 243 4671 derata
263 4620 321 4671 tue
338 4633 494 4686 memores,
512 4619 589 4674 sicut
603 4619 639 4674 ad
654 4621 800 4676 sentinam
817 4619 963 4692 stillicida,
1020 4620 1146 4677 salutem
1161 4621 1299 4685 operatur
1323 4621 1375 4672 aut
1400 4616 1570 4687 famulatur,
1594 4634 1683 4690 quam
1706 4618 1750 4674 rel
1774 4633 1852 4692 egre

174 4740 228 4812 (59)
243 4742 289 4797 Sic
305 4741 489 4801 Hildebertus
505 4744 560 4801 sibi
576 4745 749 4803 familiarem
766 4748 856 4804 luisse
867 4753 965 4821 gratu·
1019 4745 1108 4820 gestit
1122 4741 1298 4798 doctrinam.

63 4884 68 4889 -
136 4809 218 4867 latur
232 4811 265 4868 D.
284 4817 482 4885 augustinum
496 4833 503 4884 ;
520 4819 597 4887 quod
617 4820 759 4889 precipue
775 4822 900 4893 probant
912 4825 964 4878 tre·
1055 4816 1111 4891 (60)
1123 4816 1164 4872 tu
1178 4814 1232 4868 boc
1243 4812 1412 4883 suspicatur
1422 4812 1582 4886 Homeyeus
1594 4813 1655 4870 lieri
1668 4815 1853 4872 mentionem

138 4883 338 4953 quentiasimoe
354 4887 419 4956 eJus
435 4887 587 4944 citationes
602 4889 633 4944 in
647 4891 783 4947 Tractetu
801 4893 963 4961 theologico
1018 4891 1149 4947 Simonis
1164 4883 1362 4952 sophismae
1373 4887 1668 4958 quotlrissiophstnest
1686 4911 1697 4937 ¹
1712 4885 1747 4944 Ul
1758 4887 1854 4946 timo·

139 4955 214 5011 inira
229 4956 424 5028 subjiciendo,
441 4957 548 5029 quibus
562 4965 653 5017 totam
669 4965 726 5020 lere
751 4979 835 5021 suam
861 4966 963 5023 fulcire
1018 4977 1084 5019 nem
1101 4959 1258 5025 evaserint,
1275 4954 1336 5028 lupi
1352 4959 1507 5013 conlrstim
1524 4959 1690 5015 evadunt.»

174 5226 197 5262 ⁸⁰
212 5226 337 5290 Quorum
354 5228 455 5284 melior
470 5228 551 5286 testis
566 5230 667 5290 nullus
679 5240 722 5293 est
736 5252 819 5309 qaam
832 5239 961 5310 popalus.
1016 5236 1146 5302 Quorum
1162 5229 1262 5285 melias
1274 5227 1359 5284 testis
1373 5233 1419 5286 est
1431 5228 1530 5287 nullus
1544 5232 1712 5289 manderem.

175 5296 200 5333 ⁸⁰
214 5297 268 5354 Ubi
287 5305 367 5356 casta
384 5300 544 5371 pretereat.
1016 5307 1071 5366 Ubi
1087 5310 1168 5362 casta
1182 5300 1277 5374 pelles
1290 5304 1345 5356 est.

176 5369 197 5405 ‘¹
214 5373 405 5442 Contemptus
417 5373 527 5432 obtulit.
1016 5382 1209 5447 contemptus
1229 5372 1408 5432 oblitteravit.

175 5440 200 5477 ⁸²
212 5441 243 5498 st
257 5446 293 5499 de
308 5447 423 5501 lucciolo
437 5451 496 5502 tua.
1017 5453 1049 5509 si
1064 5450 1214 5506 delacero
1229 5451 1289 5499 tua.

175 5512 198 5552 δ’
210 5513 290 5579 Quod
305 5516 373 5572 dicis
388 5533 478 5573 meam
493 5535 557 5576 esse
574 5523 685 5579 ratione
709 5538 783 5595 quas.
1017 5524 1099 5589 Quod
1113 5520 1183 5576 ‘1¹'ssst
1197 5532 1262 5574 ⁰⁸⁸⁶
1282 5515 1394 5571 ”um
1408 5530 1483 5589 qu·-

173 5584 303 5665 “Atque
316 5589 437 5662 propriis
450 5589 612 5650 attactibus.
1017 5597 1113 5670 Atque
1127 5608 1178 5663 pro
1192 5589 1237 5648 to
1251 5586 1415 5646 allectibus.
