3802 6030
63 305 145 369 1051
449 302 634 366 mestuus
655 302 706 363 DE
727 304 768 367 tv
791 300 1034 370 iracundius
1058 304 1164 373 VIM
1186 309 1396 376 HONESTAE.
1700 319 1780 384 1008

375 458 411 497 os
426 457 596 499 asnorum.
913 442 1010 510 Assed
1027 448 1091 501 rata
1103 445 1160 501 sint
1176 451 1206 504 et
1221 453 1299 503 ceria
1314 453 1370 505 tus
1385 448 1536 506 molimina
1553 451 1672 520 mentis,

70 534 125 603 oui
140 534 226 606 cupis
241 550 309 607 ergo
324 538 392 591 tuos
414 541 493 606 regat
509 539 541 588 ut
555 531 710 606 prudentia
725 547 834 599 meres,
989 534 1077 605 lnqua
1091 533 1200 607 aliquid
1213 537 1308 593 solida
1321 555 1352 594 ss
1367 538 1510 610 gravitate
1526 549 1671 610 premant.

109 624 219 697 Visque
234 624 318 695 sequi
334 641 392 696 quo
403 628 431 678 le
448 622 565 679 duxerit
579 625 759 687 blacernas,
954 626 1008 678 Seu
1026 631 1077 679 tua
1092 641 1175 680 mens
1190 631 1311 697 querat,
1328 626 1479 694 deliberet,
1495 630 1665 701 aspiciatve,

69 715 149 772 Tunc
161 714 271 787 poteria
286 715 374 768 vitam
386 729 562 784 componere
580 729 631 784 per
643 713 797 782 rationem,
990 718 1014 768 Α
1029 714 1087 768 veri
1105 731 1254 785 nunquam
1269 717 1386 772 tramite
1402 716 1501 772 flectat
1515 718 1581 773 iter.

105 804 134 858 si
150 820 254 876 penses
271 801 385 857 meritis
401 800 519 872 singula
534 816 658 872 quaque
674 800 746 854 suia.
953 800 1029 867 Quin
1047 819 1098 857 neo
1115 819 1211 859 serino
1227 810 1296 860 tuus
1307 804 1383 860 lluxu
1399 805 1522 862 distillet
1537 807 1630 874 inani,

70 893 131 951 Ncc
147 899 174 947 te
190 891 348 947 multorum
367 891 488 947 seducat
502 891 612 963 opinio.
630 888 682 945 ard
698 905 743 945 ree
988 890 1040 946 Seri
1052 891 1089 946 ait
1103 893 1180 964 qued
1198 893 1282 960 dieis,
1302 893 1372 951 utile
1388 896 1503 967 pondua
1517 895 1639 953 habens.

108 982 145 1040 Ut
161 989 263 1038 natura
280 998 334 1038 aua
349 981 483 1036 continet
498 980 640 1050 appretia.
953 979 1088 1046 Suadeai,
1104 991 1153 1036 aut
1169 987 1296 1051 moneat,
1313 985 1434 1050 soletur,
1451 983 1644 1056 praecipiatve,

69 1072 257 1129 Suntataaim
270 1071 405 1143 quredam
419 1086 483 1143 quaa
495 1066 808 1131 credunturbona,nec
819 1071 899 1138 sunl,
989 1068 1034 1122 Nil
1051 1085 1175 1125 vacuum
1189 1071 1237 1139 ait,
1254 1070 1295 1126 nil
1309 1069 1434 1128 utilitate
1448 1089 1562 1130 carens.

107 1162 183 1218 Sunt
197 1177 263 1232 qura
278 1160 449 1225 creduntur¹
466 1163 582 1215 constal
598 1163 627 1213 et
642 1172 708 1212 esse
723 1156 809 1211 bonu.
951 1158 1102 1215 Laudandi
1120 1176 1238 1231 parcus,
1253 1162 1390 1233 culpandi
1410 1164 1523 1234 parcior
1538 1166 1619 1232 esto;

69 1249 134 1308 N⁰1¹
151 1248 265 1306 ‘nimii
280 1265 362 1321 01202·
373 1265 448 1320 quas
465 1249 630 1304 8008οΓ118
647 1245 782 1310 habebit·
988 1247 1138 1316 Peccator,
1154 1249 1179 1305 si
1197 1265 1253 1306 non
1269 1250 1348 1307 adsit
1363 1251 1501 1323 utrinque
1517 1254 1633 1311 medua.

105 1344 165 1397 Neo
181 1338 279 1410 magni
297 1339 408 1411 pendas
424 1337 569 1409 quidquid
585 1335 665 1391 abire
679 1339 785 1406 potest.
952 1335 1049 1392 Laude
1071 1343 1120 1392 tua
1135 1354 1313 1411 quemquern
1339 1340 1476 1396 meritum
1493 1357 1552 1399 nun
1571 1343 1664 1413 gratia
1677 1343 1778 1416 donet,

69 1429 135 1486 Neu
151 1433 202 1483 tua
216 1427 259 1482 aio
276 1443 386 1495 serves,
402 1431 544 1497 tanquam
561 1430 661 1480 custos
676 1421 773 1489 alieni,
987 1428 1151 1482 Laudatus
1167 1434 1273 1498 careat,
1290 1445 1346 1485 non
1362 1431 1460 1499 horno,
1473 1432 1524 1487 sed
1540 1432 1655 1489 vitium.

105 1517 161 1574 Sed
178 1520 317 1585 tanquam
334 1516 489 1582 Dominus,
506 1522 588 1570 utera
599 1512 653 1568 rite
668 1513 737 1566 tuis.
951 1512 1066 1584 Caesis,
1082 1533 1140 1572 oon
1156 1516 1264 1573 studiis
1279 1523 1381 1574 testem
1398 1523 1427 1574 te
1442 1520 1578 1576 convenit
1592 1537 1667 1579 sese.

69 1607 100 1665 sl
116 1606 235 1679 ⁸⁸Pl⁰¹¹⁸
251 1605 351 1673 suelli,
368 1611 395 1661 [⁰
410 1620 526 1675 semper
541 1602 665 1659 hibeblfl
681 1600 830 1667 600106ῐῦ,
986 1603 1049 1660 Nou
1065 1607 1134 1679 quis
1148 1607 1246 1671 homo,
1259 1610 1308 1664 aad
1326 1625 1388 1679 quo
1404 1626 1493 1665 eausa
1504 1609 1705 1685 sitinspiciaa.

104 1696 141 1752 ut
155 1711 221 1752 eum
234 1711 280 1751 res
296 1694 418 1760 variant,
435 1699 465 1749 tu
482 1698 582 1749 tamen
601 1691 663 1761 ipse
680 1704 775 1746 mane.
950 1693 992 1749 Ad
1011 1694 1242 1765 promittendum
1259 1697 1318 1753 noli
1335 1698 1460 1755 teatinus
1474 1698 1586 1766 haberi,

70 1785 168 1858 thue
187 1790 286 1841 manet
301 1785 399 1840 varius
414 1799 524 1848 rerum,
541 1780 583 1837 rel
599 1776 739 1852 temporis
754 1777 837 1844 erdo,
912 1807 938 1873 B
990 1783 1195 1856 Promisaoque
1210 1786 1292 1842 decet
1303 1785 1414 1858 largius
1430 1792 1460 1844 ut
1475 1787 1514 1844 sit
1528 1805 1613 1862 opius,

107 1877 154 1931 Sia
166 1879 196 1931 tu
214 1891 271 1931 non
289 1877 396 1940 mutes,
413 1871 465 1929 scd
481 1871 576 1943 magis
591 1868 734 1942 aptifices.
952 1869 1055 1927 Rarior
1069 1872 1098 1928 in
1114 1873 1221 1939 verbis,
1237 1873 1267 1930 in
1285 1875 1369 1932 lactis
1384 1876 1509 1949 amplior
1522 1883 1596 1947 estu,

69 1963 177 2021 Clausa
193 1979 299 2018 manus
312 1978 454 2035 pugnarn,
469 1960 598 2034 palrnarn
613 1955 773 2027 compescit
785 1958 894 2028 aperte.
987 1959 1023 2015 ut
1038 1960 1094 2016 nisi
1111 1960 1233 2018 consilio
1253 1965 1389 2034 preduce
1404 1964 1487 2021 nulla
1500 1981 1596 2039 geras.

106 2053 140 2109 El
155 2053 270 2108 ditem
287 2067 403 2124 gerens,
418 2056 463 2107 0⁸2
479 2055 576 2106 limen
593 2048 658 2119 ipsa
673 2060 789 2108 manus.
950 2047 1006 2103 Per
1020 2049 1076 2105 tria
1089 2054 1222 2121 tempora
1237 2067 1268 2107 se
1283 2052 1436 2126 dispensat
1451 2071 1534 2111 mans
1550 2056 1703 2128 sapientis,

69 2142 119 2198 Sic
134 2141 252 2214 sapiens
264 2158 328 2198 aeas
344 2140 467 2197 diversis
484 2140 571 2195 rebus
587 2138 717 2209 adaptat,
986 2137 1179 2208 Praeteritum,
1197 2156 1335 2212 presens.
1353 2144 1557 2215 posteriusque
1572 2160 1710 2216 sequens.

105 2236 164 2289 Nec
179 2237 279 2287 tamen
294 2232 363 2287 hino
379 2247 474 2287 mores
490 2230 594 2285 alterat
609 2226 672 2298 ipse
686 2238 768 2280 suos.
950 2227 1133 2283 Preteritum
1150 2229 1273 2300 recolas,
1288 2247 1353 2304 quoe
1368 2236 1438 2288 sunt
1450 2244 1574 2289 ventura
1586 2234 1693 2304 videto,

70 2319 140 2376 Esto
155 2320 273 2377 subtilia
289 2320 430 2375 discretor
446 2317 647 2386 consiliorum,
985 2315 1053 2380 Oua
1069 2318 1224 2390 presentia
1239 2324 1310 2376 aunt
1326 2337 1391 2376 cum
1408 2321 1521 2379 ratione
1536 2339 1613 2396 gare.

106 2407 164 2464 Neo
180 2411 237 2465 cito
253 2409 326 2464 ialsa
337 2407 391 2464 levi
406 2406 578 2463 credulitate
594 2403 711 2477 probes.
950 2404 1049 2461 Perdit
1061 2406 1138 2463 enlm
1153 2409 1243 2464 vitam
1261 2410 1313 2482 qui
1330 2409 1451 2484 negligit
1466 2412 1622 2481 anteriore,

72 2498 114 2555 lle
129 2496 228 2555 dubiis
244 2504 352 2554 temere
363 2498 419 2553 cito
435 2496 563 2552 diillnire
574 2491 701 2560 cavebis,
986 2494 1106 2551 Venturi
1123 2496 1285 2570 negligens,
1300 2504 1402 2572 captus
1418 2503 1538 2573 uterque
1553 2501 1624 2557 ruit.

104 2586 145 2644 Ne
160 2589 306 2644 sententia
321 2596 347 2643 te
363 2585 542 2660 precipitata
555 2587 645 2639 notet.
951 2584 1094 2654 Proponet
1108 2604 1177 2642 varo
1193 2587 1310 2644 sibimet
1326 2590 1444 2647 solertia
1461 2591 1601 2662 prudens,

66 2680 115 2740 Nil
127 2681 347 2747 affirmandum,
362 2678 430 2752 quia
449 2694 571 2751 quaeque
586 2671 739 2731 simillima
752 2669 841 2739 veria,
985 2673 1059 2730 Hine
1074 2675 1150 2731 buna
1164 2677 1279 2731 venturi
1296 2677 1448 2749 temporis,
1465 2679 1534 2734 inde
1551 2678 1638 2737 mala.

104 2771 170 2828 Non
185 2776 214 2826 et
230 2770 449 2826 continuavere
464 2768 585 2837 probata
600 2763 725 2835 liquent.
951 2760 986 2818 Ut
1002 2763 1081 2821 mala
1096 2771 1229 2838 respectu
1247 2766 1318 2822 liant
1333 2765 1442 2823 leuiora
1457 2767 1614 2839 bonorum,

68 2861 151 2917 Sicut
165 2860 203 2915 ab
219 2859 339 2914 adverso
354 2873 417 2928 qus
432 2855 526 2928 primo
542 2854 615 2910 lalaa
630 2848 750 2924 putasti,
986 2852 1020 2907 nr
1036 2851 1112 2908 bona
1127 2854 1265 2926 respectis
1280 2853 1341 2911 sint
1356 2857 1506 2912 moderata
1522 2857 1618 2925 malis,

106 2954 186 3025 Saepe
202 2952 235 3007 tlt
250 2955 282 3007 ut
296 2956 363 3022 post
377 2950 437 3005 baec
452 2966 520 3005 vera
534 2946 625 3002 luisse
640 2944 756 3017 probes·
949 2941 1011 2998 Non
1028 2942 1185 3000 indisereta
1200 2960 1317 3017 semper
1330 2945 1455 3003 verseris
1465 2947 1495 3003 in
1512 2952 1590 3015 actu,

69 3044 152 3117 Seps
167 3041 286 3115 quidem
301 3042 361 3096 veri
378 3040 503 3112 speciem
521 3037 578 3095 sibi
591 3035 666 3092 lalaa
679 3033 828 3105 coaptant,
984 3031 1040 3087 Sed
1052 3032 1183 3104 requiem
1199 3034 1291 3089 menti
1307 3034 1358 3090 des
1373 3035 1534 3108 aliquando
1550 3045 1615 3093 tue.

106 3132 247 3204 Sapeque
258 3130 314 3187 sub
330 3128 396 3186 lalsi
411 3128 541 3201 tegmine
556 3141 622 3182 vera
637 3124 739 3180 latent.
950 3119 1014 3176 Non
1028 3126 1127 3177 tamen
1144 3120 1195 3177 illa
1208 3123 1265 3177 situ
1283 3123 1398 3193 requies
1413 3129 1560 3195 torpescat
1573 3125 1666 3196 inani,

67 3223 153 3280 Levis
163 3221 332 3278 adulantem
349 3221 430 3276 irone
445 3234 549 3291 aspera
563 3215 635 3272 celat
651 3211 800 3280 amicum
905 3183 928 3248 C
986 3208 1041 3266 Sed
1053 3214 1104 3265 lua
1119 3210 1177 3266 sint
1191 3210 1297 3266 studiis
1312 3212 1372 3268 otia
1387 3212 1474 3284 plena
1489 3214 1599 3285 probis.

104 3312 150 3367 Sic
165 3327 261 3367 rerum
279 3310 379 3366 lorrnis
394 3308 526 3364 fallimur
541 3305 697 3374 ambiguis.
948 3296 1021 3353 Nam
1037 3298 1155 3371 sapiens
1172 3314 1321 3371 nunquam
1339 3317 1456 3357 manare
1470 3318 1522 3374 per
1536 3302 1593 3359 otis
1609 3303 1701 3362 novit.

70 3402 125 3458 Sed
143 3399 192 3471 qui
206 3400 334 3473 prudens
349 3403 394 3453 est
408 3397 485 3453 inter
499 3401 543 3451 lot
557 3392 659 3450 nubila
670 3406 780 3456 rerum,
985 3385 1086 3455 Laxat,
1098 3402 1156 3443 non
1172 3386 1258 3443 solrit
1273 3388 1361 3444 corde
1375 3389 1469 3459 rigore
1484 3406 1546 3448 soe.

107 3492 215 3547 Cautus
229 3488 371 3545 inellenao
387 3485 459 3542 calle
475 3484 585 3541 tenebit
599 3483 663 3539 iter.
948 3474 1044 3532 'larda
1055 3476 1136 3544 citat,
1151 3478 1232 3533 sedat
1246 3477 1377 3544 turbata,
1393 3478 1482 3550 ligata
1498 3480 1630 3550 resolvit;

70 3579 103 3636 Si
118 3578 208 3635 lucris
223 3578 363 3650 prudens,
378 3575 526 3633 vanientes
543 3572 675 3645 prospice
689 3585 787 3640 casua,
984 3565 1272 3638 arduaeomptanat,
1289 3583 1394 3638 aspera
1408 3567 1516 3626 blande
1534 3569 1612 3626 iacit.

105 3674 275 3742 Proponcns
291 3667 384 3725 oculis
399 3682 522 3739 queque
533 3667 632 3721 lutura
646 3662 714 3718 tuis.
949 3653 1034 3710 Novit
1047 3655 1126 3712 enirn
1142 3655 1224 3727 quid,
1240 3672 1358 3728 quaque
1372 3657 1418 3712 via
1432 3661 1546 3714 tentare
1560 3659 1599 3715 ait
1613 3666 1716 3734 aprum

68 3758 117 3817 Nil
133 3760 184 3815 tibi
200 3758 238 3815 sit
254 3758 398 3825 subitum,
415 3757 466 3812 sed
492 3772 555 3828 qua
572 3753 741 3824 contingere
760 3751 894 3823 possunt.
986 3743 1021 3799 Et
1036 3760 1101 3815 quae
1116 3743 1154 3800 sit
1168 3744 1271 3816 caspiis
1287 3761 1405 3801 summa
1420 3746 1517 3803 lutura
1532 3747 1604 3804 suia.

109 3850 215 3906 Omnia
230 3847 290 3905 sint
305 3848 401 3904 animo
418 3845 617 3917 praemeditata
630 3847 690 3897 tuo.
950 3831 1056 3888 Omnia
1068 3833 1226 3889 stultorum
1243 3833 1395 3890 molimina
1409 3836 1598 3894 consiliorum

69 3939 204 3996 Prudens
220 3956 278 3996 non
295 3938 384 3994 dicit:
401 3937 464 3992 Non
481 3936 540 3991 hae
555 3938 678 3990 ventura
692 3930 832 4004 putabam
986 3927 1082 3979 Mente
1096 3924 1175 3980 videt
1190 3922 1289 3992 celeri,
1306 3924 1432 3981 destruit
1447 3931 1510 3983 arte
1523 3925 1591 3984 levi.

106 4030 161 4084 Sed
182 4028 264 4084 velut
278 4032 463 4099 exspectans,
476 4029 561 4093 atqua
578 4028 697 4095 paratus
711 4020 804 4076 adeat.
950 4014 1065 4071 1000.
1076 4019 1130 4072 Per
1145 4020 1256 4088 partem
1270 4021 1366 4072 totum
1381 4015 1512 4089 capitas
1537 4018 1670 4091 propiore
1681 4034 1776 4076 remo·

68 4117 257 4176 Prestolatur
271 4117 360 4183 enim,
378 4132 436 4172 non
452 4120 485 4170 ut
500 4118 637 4184 suspecta
652 4113 777 4176 veretur,
985 4104 1092 4160 Abdita
1108 4105 1144 4160 de
1159 4104 1279 4176 patulis,
1293 4106 1415 4177 grandia
1431 4105 1466 4161 de
1482 4106 1625 4162 minimis.
1673 4106 1774 4180 [tum,]

107 4215 148 4267 Ne
163 4215 305 4281 tanquam
322 4207 446 4274 dubitet,
463 4207 512 4261 sed
528 4203 614 4276 quasi
628 4205 709 4258 certa
722 4203 813 4255 cavet.
949 4191 1011 4249 Nun
1028 4199 1056 4250 te
1072 4199 1237 4266 permoveat
1252 4196 1372 4267 grandis
1386 4210 1510 4267 persona
1526 4193 1685 4267 loquentis,

71 4300 144 4358 lude
160 4301 191 4355 nt
208 4306 239 4355 ut
252 4303 398 4371 nequeant
413 4295 560 4352 venientia
574 4292 679 4349 laedere
694 4294 833 4356 meatem,
989 4284 1048 4342 Neo
1063 4290 1123 4342 tam
1140 4287 1216 4354 quis,
1229 4301 1318 4357 quam
1335 4285 1406 4357 quid
1423 4283 1570 4355 predicet,
1585 4285 1648 4356 ipse
1662 4284 1738 4342 vide.

106 4392 175 4458 ona
187 4398 309 4446 ventura
324 4389 405 4460 priua
420 4402 489 4442 oure
505 4400 605 4440 cavere
621 4382 685 4437 luit.
950 4383 1011 4435 Non
1025 4375 1142 4448 quantis
1159 4372 1285 4444 placeas,
1301 4373 1352 4428 sed
1367 4371 1475 4444 quibus
1491 4371 1724 4443 suspiciendum.

68 4481 253 4550 lneoepturus
267 4495 342 4550 opus
358 4492 506 4533 summam
522 4476 655 4546 spectare
671 4471 820 4527 memento
986 4466 1146 4522 Paucorum
1163 4462 1262 4533 potius
1277 4460 1370 4533 gratia
1386 4476 1463 4532 saepe
1478 4460 1571 4517 decet.

105 4569 223 4643 Incipe;
240 4570 290 4625 sed
307 4568 372 4625 lata
391 4565 579 4641 percipienda
595 4578 683 4618 rnanu
699 4559 750 4633 (l).
907 4554 1047 4621 DOuaere
1063 4551 1141 4625 quod
1158 4549 1301 4616 invenias,
1318 4548 1396 4621 quod
1412 4548 1509 4620 possis
1524 4548 1620 4607 dlcere
1635 4550 1727 4621 disce,

70 4656 181 4714 Ultima
195 4659 372 4715 concordent
386 4655 501 4730 primis,
518 4669 585 4710 nam
602 4652 660 4706 lina
676 4650 796 4706 sinistro
984 4644 1094 4715 Appete
1109 4638 1187 4712 quod
1204 4639 1304 4694 deceat
1317 4637 1476 4709 appetiisse
1491 4639 1595 4696 bonos.

106 4748 181 4804 Sunt
196 4749 342 4820 quedam,
358 4763 422 4820 qua
438 4762 490 4802 nec
506 4748 601 4817 crepta
616 4740 708 4797 luisse
722 4740 816 4796 decet.
949 4734 981 4790 In
997 4736 1058 4787 tam
1073 4727 1192 4786 sublimi
1209 4744 1360 4800 nunquam
1378 4727 1544 4787 leculmine
1559 4747 1662 4802 pones,

70 4835 145 4895 Falli
160 4854 218 4893 oon
236 4837 341 4909 polerit
357 4836 484 4907 sapiens,
502 4850 555 4889 neo
571 4831 670 4887 lallare
685 4831 803 4901 querat.
985 4825 1018 4880 In
1033 4837 1089 4895 quo
1104 4819 1208 4876 sunda
1222 4824 1343 4888 tremas,
1365 4824 1396 4876 et
1410 4823 1592 4894 regradando
1608 4822 1708 4880 cadas.

106 4926 161 4983 liin
179 4927 256 4983 mals
270 4931 418 4990 versutus,
436 4924 505 4980 iude
515 4927 635 4977 vocatus
650 4918 750 4975 hebes.
948 4914 1048 4970 Ardua
1062 4912 1133 4967 suut
1151 4924 1269 4982 semper
1284 4917 1422 4982 suspecta
1433 4911 1539 4968 timore
1552 4909 1643 4968 ruins
1658 4929 1666 4979 ς

67 5016 119 5074 Sic
136 5016 285 5087 ajudiciis
301 5015 442 5088 sapientia
458 5011 557 5085 opinio
575 5009 673 5075 risten,
985 5000 1092 5059 Tutius
1107 4998 1137 5055 in
1154 4997 1241 5071 plano
1254 4998 1328 5055 ealle
1344 5003 1460 5055 tenetur
1474 5000 1539 5056 iter.

107 5107 247 5177 Quodque
260 5110 343 5177 putat
360 5104 446 5160 debat
461 5102 532 5169 legia
548 5099 657 5155 babere
672 5097 776 5153 vicem.
948 5095 1019 5148 curn
1036 5089 1089 5145 tibi
1106 5087 1284 5160 prosperitas
1299 5088 1432 5145 arriserit
1446 5088 1579 5163 undique
1593 5105 1703 5158 rerum,

66 5197 233 5267 Dedignare
247 5201 311 5251 tuos
327 5195 413 5266 quasi
429 5193 561 5262 quaedam
579 5187 693 5245 somnia
708 5200 815 5242 aeneus
984 5181 1067 5237 Tunc
1078 5176 1191 5234 cautela
1205 5177 1257 5232 tibi
1275 5179 1369 5247 maJor
1384 5177 1519 5234 habenda
1535 5178 1623 5235 senii.

108 5288 230 5355 tudere,
244 5303 297 5342 occ
314 5285 421 5340 mentis
437 5288 496 5338 sint
513 5299 581 5334 vana
600 5295 689 5349 pensa
703 5282 770 5333 tue.
950 5276 1030 5327 Tunc
1043 5269 1121 5325 velut
1137 5267 1254 5323 insidiis
1270 5267 1427 5324 hostilibus
1441 5268 1571 5341 undique
1586 5272 1670 5342 septo

68 5375 200 5440 Quorum
217 5374 354 5430 ludibriis
370 5373 394 5428 si
412 5369 566 5428 delectaris
582 5367 700 5437 ineptis,
988 5361 1035 5419 Uti
1051 5357 1181 5416 consiliis
1193 5358 1230 5414 sii
1245 5358 1297 5414 tibi
1312 5375 1381 5414 cura
1400 5359 1493 5415 bonis.

105 5460 211 5518 Omnia
227 5460 398 5533 disponens,
416 5458 504 5514 taedia
520 5455 583 5512 sola
599 5457 682 5510 teres.
954 5451 991 5510 ilt
1006 5455 1104 5510 motus
1116 5446 1207 5505 animi
1222 5448 1324 5504 stricta
1336 5449 1495 5505 modereris
1509 5446 1635 5516 habena,

105 5642 145 5718 (ll
162 5642 257 5714 Forte,
274 5644 351 5701 tenta
363 5640 538 5717 perficienda
552 5654 649 5698 mona.
