3802 6030
63 228 122 288 titt
325 226 545 292 senueritis
565 229 617 292 DE
639 226 811 292 stuciis,
835 263 873 275 -
894 228 934 292 itt
956 230 1266 295 Punietct'ttortb
1287 232 1323 294 B.
1346 228 1499 292 MARIAE.
1712 232 1774 297 618

60 363 206 422 Olierebsl
221 373 317 423 sutem
332 381 448 436 agnum,
463 367 486 423 sl
503 371 623 438 poterat,
639 366 726 424 simul
743 375 769 424 et
793 371 888 423 turtu-
903 372 933 436 Α
947 368 1036 440 Moysi
1050 386 1058 426 :
1070 391 1084 420 s
1098 370 1167 428 Coeli
1190 369 1354 440 caligabunt
1368 383 1433 425 rore
1457 367 1653 441 (Deutxxxui,
1666 366 1732 440 nr),-
1747 388 1764 418 ε

60 470 133 525 ιειε,
149 463 176 511 ει
191 456 367 512 columbam.
383 457 435 522 Qui
450 474 516 514 sero
533 474 589 514 uon
610 457 770 516 subiciebat
784 474 891 527 agnum
943 457 1009 531 quia
1022 460 1051 517 in
1066 476 1130 518 rore
1145 459 1232 528 calor,
1254 458 1281 514 iu
1298 465 1343 517 est
1365 458 1394 514 in
1418 457 1549 514 doctrina
1571 458 1772 529 prophetarum

59 544 174 609 offerre,
189 546 261 602 duos
276 554 399 603 turtures
414 554 462 602 aut
477 549 548 603 aluos
573 548 667 618 pullos
692 548 890 605 columbarum
943 547 1033 619 caligo
1048 558 1099 617 ost,
1116 559 1141 607 et
1156 565 1223 607 cum
1246 552 1281 605 ilc
1302 546 1424 618 caligine
1447 546 1532 619 buius
1547 549 1629 614 roris,
1640 546 1668 603 id
1682 555 1723 602 εει
1739 547 1774 603 de

58 634 206 692 ollercbat.
223 636 351 691 Christus
362 653 428 705 ergo
443 638 489 708 εει
501 653 558 695 εει
572 638 649 693 ιεειι
664 637 756 707 legem
771 637 889 704 solvere,
941 636 1015 708 Scir,
1031 655 1064 695 ex
1082 639 1245 711 prophetico
1266 637 1399 694 vaticinio
1423 644 1501 692 ortus
1517 647 1559 693 est
1575 635 1658 692 uobis
1672 635 1771 692 Domi-

58 725 110 779 sed
126 724 257 796 implere,
274 725 346 781 sicut
357 736 458 781 octavo
478 726 524 782 die
546 725 636 783 voluit
656 725 836 793 circumcidi,
853 727 891 783 ita
943 729 1079 798 ausonia
1090 727 1296 799 perhibuerunt
1309 725 1452 798 prophete
1463 725 1658 781 testimonium
1670 723 1770 781 Domi·

60 816 91 869 et
105 813 324 882 quadragesimo
340 814 386 870 die
401 815 431 870 iu
447 814 587 886 templum
602 829 667 870 cum
685 813 786 869 hostiis
801 814 891 871 uoluit
942 830 990 883 no,
1007 815 1035 871 tu
1051 815 1269 885 praenuntiando
1281 813 1473 885 quouctristi
1484 811 1769 884 implevitadrentus‚

58 900 168 968 olierri,
185 918 241 958 non
254 917 304 972 pro
319 918 381 968 sue,
398 901 440 959 rel
463 902 564 958 matris
580 903 759 971 necessitate,
775 903 823 959 sed
840 918 889 973 pro
942 905 1207 976 prenuntiaveruut
1231 904 1313 961 uobis
1336 902 1490 970 Christum,
1518 924 1532 952 a
1557 901 1604 974 εει
1618 902 1709 958 ιεειεε
1726 903 1771 958 εει

59 996 160 1047 nostra
179 988 309 1058 utilitate,
331 992 397 1063 quia
420 1007 473 1048 uec
498 998 597 1060 mater,
624 1007 677 1047 nec
699 991 774 1048 lilius
791 991 890 1048 hostiis
939 993 1024 1050 nobis
1047 993 1187 1065 sapientia
1209 1010 1226 1049 a
1249 994 1317 1060 Deo,
1331 998 1358 1049 et
1376 992 1497 1063 justitia,
1521 996 1550 1046 ct
1565 988 1768 1062 sanctificatio,

58 1080 179 1152 purgari
194 1079 349 1150 indigebat.
365 1079 445 1135 Sicut
456 1096 524 1151 ergo
537 1081 571 1135 ad
584 1079 889 1150 baptismumtoannis
939 1088 969 1140 et
981 1082 1139 1154 redemptio
1155 1081 1231 1151 licor
1251 1124 1258 1138 .
1276 1099 1295 1149 r,
1322 1082 1378 1152 30).
1395 1102 1409 1130 ε
1432 1080 1681 1136 Denuntiaveruut
1699 1093 1770 1151 quo·

57 1170 149 1234 venit,
166 1185 225 1226 uon
239 1175 271 1224 ut
286 1168 353 1225 intle
368 1171 495 1236 reterret,
512 1169 562 1226 sad
585 1174 616 1224 ut
631 1171 714 1226 nobis
728 1169 887 1240 conterret3
941 1188 997 1245 que
1021 1170 1108 1242 huius
1129 1171 1319 1229 solemnitatis
1342 1178 1565 1235 sacramentum,
1589 1166 1699 1224 scilicet
1720 1182 1767 1224 re·

57 1272 119 1314 non
133 1266 166 1314 nt
180 1256 235 1313 sibi
249 1257 411 1328 proliceret,
431 1257 480 1314 sed
508 1267 538 1314 ut
552 1258 633 1314 nobis
655 1259 835 1316 consuleret:
850 1260 889 1315 its
941 1264 1192 1336 presentationem
1209 1260 1323 1318 Domini
1339 1258 1497 1330 intemplo,
1514 1274 1571 1314 non
1587 1264 1722 1328 tanquam
1737 1255 1770 1312 iu

58 1363 126 1404 cum
144 1347 245 1404 bostiis
260 1352 446 1420 presentatus
459 1349 489 1404 in
505 1348 749 1418 templum,vitam
764 1356 889 1407 nostram
941 1353 1102 1422 enigmate,
1120 1351 1168 1407 sed
1184 1350 1308 1407 evidenti
1329 1356 1414 1419 atque
1432 1362 1562 1415 expressa
1578 1347 1768 1418 attestatione,

58 1435 237 1493 informavit.
262 1435 443 1493 Humilitatis
468 1437 546 1492 enim
571 1437 655 1492 simul
671 1445 698 1493 et
713 1435 890 1510 paupertatis
939 1439 1013 1496 sicut
1030 1438 1195 1508 Malachiae,
1208 1455 1257 1510 per
1271 1455 1355 1510 εεειε
1372 1436 1447 1493 ὓεεε
1464 1436 1546 1492 Pater
1557 1435 1592 1491 dc
1608 1434 1719 1493 lumine
1735 1452 1770 1496 ιε

57 1524 183 1580 ιοιιεειε
199 1524 281 1581 εειιε
301 1540 474 1596 proponens,
491 1542 548 1581 non
572 1527 703 1592 ιιινιιειιι,
717 1527 765 1583 εει
782 1541 889 1597 paupe·
940 1530 1066 1598 lucerua,
1082 1529 1110 1584 ιι
1127 1536 1169 1586 εει
1183 1528 1217 1584 de
1232 1527 1318 1584 verbo
1332 1528 1393 1598 ejus
1408 1541 1548 1598 precone,
1564 1524 1592 1581 ιι
1603 1532 1645 1581 εει
1658 1525 1769 1585 Christo

57 1628 123 1670 rom
142 1613 263 1670 bostiam
278 1630 328 1684 pro
342 1630 374 1670 se
395 1614 490 1671 olicrri
506 1615 609 1683 votuit,
625 1614 735 1672 scilieet
759 1631 810 1688 par
825 1624 888 1671 tur·
939 1618 1101 1687 stimans,
1117 1618 1174 1676 ait:
1192 1641 1206 1668 «
1223 1617 1295 1675 iicca
1310 1633 1362 1690 ego
1374 1616 1455 1672 mitto
1467 1613 1602 1688 angelum
1617 1628 1722 1683 meum,
1739 1623 1766 1674 ct

58 1702 426 1772 turum,auttluospullos
448 1703 661 1770 columbarum,
686 1704 715 1758 in
729 1703 819 1774 ligura
835 1706 1114 1791 aro-Bpreparubit
1125 1707 1197 1764 riam
1213 1714 1280 1764 ante
1294 1706 1395 1764 taciem
1422 1721 1525 1772 ειειιιιι,
1554 1711 1581 1761 ει
1604 1704 1699 1761 statim
1723 1720 1769 1763 ve-
1844 1748 1849 1753 -

58 1792 122 1849 stri.
142 1791 233 1848 Filius
253 1791 332 1848 enim
355 1792 459 1848 summi
485 1792 578 1864 Regis,
593 1792 692 1863 ξιιιεε,
717 1792 792 1850 Deus
815 1792 890 1865 apud
946 1795 1004 1852 niet
1018 1797 1052 1852 ad
1072 1795 1211 1868 templum
1236 1801 1367 1853 sanctum
1390 1810 1474 1853 suum
1498 1792 1665 1851 Dominator
1682 1808 1767 1866 quern

59 1881 155 1938 Deum
168 1881 293 1952 Patrem,
308 1897 456 1953 perquem
472 1881 569 1938 omnia
585 1881 659 1938 lacta
675 1889 753 1947 sunt,
770 1883 805 1938 ιιε
819 1897 890 1953 pao·
943 1903 994 1944 vos
1009 1886 1145 1959 queritis,
1163 1895 1191 1945 et
1213 1886 1336 1960 Angelus
1357 1884 1516 1944 testamenti
1539 1899 1624 1958 quem
1639 1899 1689 1942 vos
1703 1882 1766 1942 vul·

63 1970 181 2043 peribus
195 1970 361 2043 parentibus
376 1971 494 2044 inclusi,
511 1978 537 2028 ει
553 1970 724 2028 humilitatis
738 1972 891 2030 documen·
944 1975 979 2031 tis
993 1975 1120 2046 (ιιειιιει.
1137 1993 1177 2042 ιιι,
1189 1975 1226 2048 ι).
1250 1998 1264 2027 »
1290 1975 1389 2033 Facies
1411 1975 1498 2032 Patris
1526 1973 1612 2031 Filios
1624 1980 1676 2041 est,
1700 1974 1769 2047 quia

61 2067 136 2129 ¹⁰1⁰,
151 2069 179 2119 01
192 2060 290 2118 seculi
314 2064 510 2132 contemptum
528 2076 577 2132 per
599 2060 696 2117 omnia
712 2060 818 2116 docuit.
834 2063 890 2118 Pro
942 2066 1037 2137 imago
1052 2065 1141 2122 l’atris
1154 2065 1246 2122 Filius
1258 2071 1312 2136 est,
1328 2065 1420 2137 prima
1436 2062 1592 2121 similitudo
1607 2069 1659 2132 εει,
1675 2071 1702 2120 ει
1712 2063 1769 2134 prl-

59 2168 95 2209 eo
119 2169 186 2224 ergo
207 2153 336 2210 consulte
359 2160 477 2225 utreque
500 2153 560 2208 aris
581 2152 676 2209 oblatu
700 2160 754 2218 est,
779 2153 889 2210 scilicet
944 2153 1167 2227 maeqoalitas;
1183 2154 1259 2210 unde
1273 2154 1334 2225 ipse
1348 2152 1407 2209 alt:
1424 2175 1437 2202 α
1453 2152 1506 2216 Qui
1522 2151 1597 2209 ridet
1622 2168 1677 2221 ιεε,
1693 2151 1769 2208 ιιιει

58 2241 888 2312 tnrturetcolomba,utconversatiooisnostrespeciem,
942 2246 971 2299 et
993 2242 1104 2300 Patrem
1130 2259 1225 2300 meum
1256 2242 1344 2316 (loon.
1366 2240 1476 2314 rme).
1496 2238 1768 2311 »Antebancergo

58 2333 236 2404 moniumque
259 2331 430 2388 insinuaret.
457 2330 560 2387 Tortor
587 2333 674 2399 enim,
701 2348 762 2403 que
780 2331 889 2402 perdito
943 2330 1100 2398 iaciem,id
1117 2339 1241 2388 estante
1268 2331 1460 2387 ostensionem
1486 2329 1560 2395 Filii,
1584 2328 1660 2384 misit
1677 2327 1769 2384 Domi·

60 2421 168 2485 solati,
183 2420 268 2477 alium
284 2438 342 2477 non
364 2421 472 2491 quaerit,
489 2420 647 2477 castitatem
671 2420 822 2491 signifieat.
839 2423 889 2476 t'o·
943 2437 998 2477 nus
1012 2420 1145 2491 angelum
1159 2435 1317 2491 preparare
1332 2420 1404 2475 riam
1417 2418 1510 2488 lactei,
1526 2419 1553 2473 ιι
1570 2421 1613 2474 εει
1626 2419 1767 2474 ioannem
1850 2432 1854 2437 ·
1875 2491 1881 2501 ,

60 2507 162 2564 lumba
177 2509 314 2581 signiticat
331 2510 554 2580 simplicitatem,
571 2510 719 2580 quiaeasta
730 2517 756 2565 et
767 2507 888 2580 simplex
943 2511 1109 2583 baptistam,
1120 2512 1168 2581 εει
1180 2510 1284 2566 dicitur
1307 2509 1438 2580 angelus,
1465 2523 1524 2563 uon
1548 2512 1655 2561 nature
1677 2506 1766 2562 socie·

59 2598 150 2656 debet
161 2616 222 2656 essa
232 2600 376 2672 justorum
393 2599 579 2669 conversatio,
601 2604 632 2655 ut
646 2597 889 2670 gratumfsacriit·
941 2603 1008 2665 tate,
1035 2607 1064 2655 ut
1087 2601 1201 2672 quitiam
1230 2603 1461 2662 autumaverunt,
1491 2598 1540 2652 εει
1564 2594 1653 2650 oiilcii
1678 2594 1765 2665 perti·

59 2690 138 2746 cium
154 2688 277 2746 olleraot
293 2691 357 2746 beo.
376 2690 426 2743 ille
440 2687 518 2745 enirn
543 2689 705 2745 columbam
722 2689 824 2759 offert,
840 2686 888 2759 εει
942 2689 1094 2759 cipstione.
1118 2688 1244 2758 Angelus
1267 2686 1345 2743 enim
1380 2685 1476 2742 Groece
1509 2683 1613 2741 dicitur
1639 2684 1766 2739 nuntias.

57 2778 256 2835 innocentiam
281 2778 403 2835 custodit
428 2793 517 2849 usque
537 2777 567 2833 in
594 2777 692 2844 inem,
710 2783 805 2833 utnec
820 2777 886 2843 sibi,
942 2778 1017 2834 benc
1031 2792 1099 2850 ergo
1113 2778 1237 2834 loannes
1251 2775 1370 2847 augelus
1385 2775 1500 2844 dicitur,
1524 2775 1573 2846 εει
1599 2773 1766 2830 conscium
1865 2774 1882 2823 .'

60 2883 115 2926 nec
129 2867 197 2924 aliis
209 2873 323 2925 noceat.
344 2867 498 2924 Tortorem
522 2865 605 2923 oliort
616 2866 665 2938 qui
680 2882 776 2924 curam
792 2866 889 2923 carnis
942 2866 1085 2923 Christum
1100 2865 1310 2937 prenuntiarit
1327 2863 1446 2921 dicens:
1463 2883 1477 2914 s
1495 2863 1591 2920 Veniet
1606 2861 1708 2919 tortior
1722 2862 1767 2919 ms

55 2954 87 3014 io
103 2957 252 3015 desideriis
267 2973 326 3014 non
352 2957 438 3025 iacit;
463 2961 491 3012 et
512 2955 576 3026 εείε
592 2964 709 3027 utraque
723 2958 782 3012 aris
795 2954 888 3026 gumi·
942 2961 1007 3025 post
1022 2971 1077 3023 me,
1094 2956 1177 3025 cujus
1197 2970 1255 3010 nou
1279 2968 1343 3009 sum
1367 2952 1471 3024 dignus
1494 2950 1642 3022 corrigiam
1658 2949 1767 3008 calcea·

55 3050 117 3103 tum
129 3046 214 3104 babet
231 3052 395 3119 procantu,
413 3046 512 3103 merito
534 3045 691 3116 lacrymosa
706 3045 888 3115 compunctio
945 3041 1033 3098 menti
1049 3043 1158 3100 solvere
1185 3045 1287 3110 (Marc.
1304 3058 1323 3109 t,
1338 3040 1378 3112 7),
1398 3061 1412 3091 ε
1433 3039 1582 3096 sedetiam
1598 3049 1768 3110 presentem
1859 3092 1862 3097 ,

55 3136 244 3209 signiticstur.
258 3141 328 3192 Sunt
344 3141 373 3192 et
387 3137 443 3191 duo
458 3152 562 3204 genere
577 3134 817 3206 compunctionis,
834 3150 885 3204 pro
903 3093 1074 3201 castaneti,
1090 3131 1205 3189 diceus:
1228 3152 1239 3181 ι
1258 3129 1328 3186 ιιεεε
1346 3129 1441 3200 Agnus
1465 3127 1527 3195 Dei,
1552 3142 1619 3184 ecoe
1633 3127 1681 3199 εει
1695 3126 1770 3198 tollit

55 3220 167 3295 irriguo
181 3223 292 3279 scilicet
311 3222 449 3292 superiori
464 3229 490 3276 et
516 3221 654 3286 interiori,
677 3220 745 3276 dum
762 3218 804 3275 rel
828 3236 885 3275 rna·
938 3226 1056 3293 peccata
1070 3220 1172 3276 mundi
1185 3220 1273 3290 (loon.
1290 3234 1310 3284 t,
1327 3218 1384 3286 29).
1401 3217 1627 3273 »etiterum«
1657 3215 1768 3273 Mettius

56 3309 152 3369 lorum
167 3312 328 3368 recolentes
343 3311 492 3381 supplicia,
517 3311 666 3378 timemus;
693 3309 735 3366 rel
746 3308 885 3366 desiderio
937 3314 1062 3364 restrum
1079 3305 1166 3375 stetit,
1177 3321 1260 3377 quam
1277 3320 1326 3361 vos
1351 3303 1468 3361 nescitis
1486 3301 1566 3373 (ibid.
1582 3302 1639 3375 26).
1656 3323 1671 3354 s
1689 3302 1768 3361 Unda
1841 3358 1844 3363 .

56 3401 218 3458 celestium
231 3401 384 3467 feruentes,
400 3399 435 3455 de
449 3399 587 3455 dilatione
599 3397 750 3469 gemimus.
763 3398 885 3469 Ideoque
939 3396 1025 3452 etiam
1041 3399 1248 3467 consequenter
1276 3393 1400 3451 dicitur:
1418 3411 1429 3441 ι
1447 3393 1479 3448 bt
1504 3392 1598 3448 statim
1619 3392 1714 3449 ueniet
1728 3390 1765 3447 ud

56 3492 114 3547 duo
138 3488 212 3561 pulli
237 3490 331 3547 offerri
349 3488 494 3560 jubentur,
522 3503 597 3544 unus
621 3490 651 3546 in
677 3489 885 3555 holocaustum,
939 3484 1078 3558 templum
1095 3483 1355 3542 suumliominstor
1370 3498 1454 3554 quem
1483 3497 1532 3538 ros
1553 3479 1681 3552 queritis
1697 3480 1768 3553 (lla-

57 3583 283 3651 quanooemorc
308 3578 466 3635 celestium
491 3577 722 3645 inflammamur;
749 3575 820 3632 alter
835 3591 886 3647 pro
939 3578 991 3632 too.
1017 3591 1057 3639 ιιι,
1084 3575 1148 3647 1).»
1180 3573 1290 3630 ιιοιιεο
1324 3571 1402 3628 enim
1434 3577 1561 3643 temporo
1585 3569 1769 3640 precucurrit

58 3675 187 3738 peccato,
204 3683 269 3724 com
284 3667 320 3723 de
336 3667 419 3723 malis
443 3668 612 3738 perpetratis
639 3666 789 3737 gemimus.
807 3664 886 3721 ilaud
939 3680 1061 3736 sponsus
1077 3661 1309 3734 paranymphum
1324 3658 1623 3732 paululumprecessit
1635 3658 1766 3730 rosier-

56 3773 124 3828 etgo
143 3757 207 3816 sine
222 3772 316 3823 causa,
332 3758 395 3812 siue
413 3757 521 3812 ratione
542 3754 662 3812 celebris
685 3754 824 3828 mysterii,
838 3771 888 3812 uo·
942 3753 1019 3819 bum,
1046 3754 1075 3809 ιι
1097 3760 1139 3809 εει
1162 3754 1289 3809 loannes
1318 3750 1477 3807 Christum.
1499 3749 1624 3806 loannes
1638 3749 1716 3804 enim
1727 3754 1770 3805 est

59 3848 110 3905 luit
129 3846 270 3904 Dominus
295 3846 390 3903 reniro
412 3845 445 3900 de
464 3844 541 3909 Sina,
555 3847 583 3900 ιιι
598 3853 638 3902 εει
654 3844 689 3899 dc
700 3845 771 3916 lege,
787 3844 887 3915 deque
941 3858 994 3900 ros
1009 3842 1091 3900 Verbi
1106 3840 1257 3899 clamantis
1271 3841 1302 3896 in
1317 3842 1448 3896 deserto:
1467 3862 1477 3888 ι
1500 3842 1604 3895 Parate
1627 3838 1703 3895 viam
1719 3837 1772 3895 Do-

63 3935 261 4004 multipliciter
283 3950 348 3991 eum
372 3933 484 3990 venisse
513 3949 596 4003 supra
626 3933 801 4003 assignatum
824 3940 886 4002 est;
942 3931 1025 3999 mini,
1041 3939 1131 3989 rectas
1146 3930 1231 3989 tacite
1245 3929 1361 3986 semitas
1386 3928 1448 4000 ejus
1474 3927 1566 3998 (llere.
1584 3924 1773 3999 t,3).»Qul

60 4026 125 4098 quia
136 4040 203 4081 enm
213 4032 366 4081 venturum
390 4023 436 4078 lex
458 4023 586 4093 praedixit
602 4022 699 4089 uerbo,
724 4021 889 4094 prefigura-
942 4023 1036 4079 statim
1052 4020 1130 4078 venit
1143 4021 1177 4077 ad
1197 4019 1335 4091 templum
1351 4018 1517 4074 Domiuatcr
1530 4033 1616 4088 quem
1632 4032 1681 4073 ros
1696 4014 1773 4073 desi·

57 4117 307 4181 eitsscrameuto,
332 4113 433 4184 suique
464 4110 668 4176 imbecillitate,
698 4111 830 4167 homines
852 4108 889 4166 ad
943 4108 1491 4180 deratis‚satticotct1rtstussalvator,
1517 4105 1622 4179 quiest
1642 4104 1773 4161 omnium

58 4221 124 4263 eum
142 4205 232 4271 misit,
258 4204 306 4275 εει
327 4202 427 4273 legalia
444 4203 473 4257 in
490 4218 519 4257 se
544 4201 715 4273 suspiciens,
733 4200 889 4272 legemitn·
943 4201 1018 4260 m
1035 4201 1168 4268 Creator;
1193 4197 1242 4271 qul
1267 4199 1339 4253 siout
1356 4196 1493 4253 hodierna
1514 4193 1560 4250 die
1586 4201 1773 4264 presentatus

60 4295 159 4366 pterit,
174 4294 319 4362 vitamque
345 4299 470 4347 nostram
491 4292 590 4362 liguris
611 4292 740 4359 mysticis
755 4288 888 4346 instituit.
944 4299 986 4351 est
1001 4291 1031 4347 in
1047 4287 1153 4360 templo
1168 4292 1278 4353 sancto,
1293 4284 1450 4342 secundum
1469 4283 1570 4354 legem,
1593 4282 1632 4338 ita
1646 4281 1772 4352 quotidie

60 4382 100 4441 De
115 4382 303 4453 Serranoque
317 4385 450 4436 ortusest
464 4379 556 4444 nobis,
582 4379 608 4433 id
623 4387 664 4434 est
680 4379 715 4435 tle
730 4379 889 4449 prophetia,
945 4381 979 4438 ειι
992 4379 1129 4451 ιεειριειε
1144 4375 1302 4448 spirituale,
1318 4375 1353 4430 dc
1367 4372 1466 4445 quoait
1481 4370 1650 4442 Apostolus:
1665 4391 1680 4421 e
1692 4369 1775 4426 Tem.

59 4489 122 4545 que
136 4479 214 4528 recte
238 4487 287 4543 per
302 4470 380 4528 ΜΔ
404 4470 466 4526 Seir
488 4468 669 4538 intelligitur,
694 4467 741 4538 qui
766 4467 890 4535 hispidas
905 4459 928 4526 b
944 4469 1021 4542 plum
1037 4467 1115 4523 εειιε
1131 4464 1181 4521 Dei
1198 4471 1329 4521 sanctum
1351 4467 1403 4528 est,
1427 4459 1503 4532 quod
1526 4460 1594 4516 estis
1608 4475 1656 4516 ros
1671 4459 1694 4527 (l
1709 4457 1772 4514 t'or.

62 4564 104 4622 rel
117 4564 226 4637 pilosas
242 4563 459 4632 iuterpretatur,
476 4559 542 4629 quia
557 4557 699 4628 prophete
722 4557 894 4629 deliuquen-
948 4575 990 4628 ιιι,
1017 4558 1072 4628 lbi,
1098 4551 1317 4625 »spiritualiter
1340 4550 1426 4618 veuit,
1442 4548 1536 4605 dando
1572 4547 1702 4620 gratiam,
1730 4546 1774 4603 rel

60 4657 117 4710 tem
136 4652 273 4722 populum
289 4664 390 4717 aspera
414 4647 610 4719 increpatione
633 4646 851 4717 redarguebant,
867 4656 894 4705 et
948 4646 1088 4718 augendo,
1104 4643 1152 4714 qui
1174 4639 1306 4698 lidelibus
1324 4637 1386 4696 suis
1399 4638 1457 4694 ait:
1485 4638 1586 4694 uticae
1614 4653 1666 4709 ego
1680 4635 1774 4693 vobis·

64 4759 127 4814 que
141 4748 261 4798 uentura
281 4747 373 4808 erant,
390 4738 470 4808 quasi
485 4736 514 4792 in
526 4736 677 4804 enigmate
692 4736 893 4807 praedicebant.
949 4751 1014 4793 cum
1029 4749 1091 4790 sum
1109 4746 1196 4803 usquo
1211 4731 1244 4785 ad
1261 4727 1542 4786 consummationem
1557 4727 1654 4782 seculi
1669 4724 1775 4795 (llottlt.

62 4830 250 4888 Sacramenta
265 4830 343 4885 euim
360 4826 465 4883 Christi
482 4832 509 4882 et
530 4822 663 4881 Ecclesiae
685 4824 737 4881 sub
753 4825 895 4881 velamine
949 4840 1057 4890 εειιε,
1073 4822 1125 4894 to).
1143 4843 1157 4870 »
1174 4824 1206 4875 Et
1219 4817 1288 4874 alibi
1303 4834 1310 4874 :
1326 4840 1341 4868 a
1369 4816 1419 4875 Ubi
1436 4816 1492 4872 duo
1517 4813 1561 4870 tel
1584 4822 1641 4871 tres
1656 4829 1775 4883 cougre-

65 4919 291 4983 tlenuntiabaot,
310 4918 466 4974 secuntlum
484 4914 555 4971 illud
573 4929 581 4971 ι
599 4934 612 4965 ε
629 4914 791 4971 Tenebrosa
807 4916 894 4988 [sopp.
950 4914 1007 4986 gati
1019 4910 1165 4969 inerintiu
1181 4906 1298 4966 nomine
1321 4922 1396 4972 tneo,
1424 4905 1465 4961 ibi
1490 4920 1553 4960 sum
1574 4919 1625 4976 ego
1637 4903 1666 4959 in
1684 4903 1776 4960 metito

64 5009 150 5082 aqua]
166 5010 197 5064 in
212 5007 341 5064 nubibus
356 5007 429 5062 seris
444 5003 533 5076 (Psat.
551 5020 618 5072 xvir,
645 5005 699 5076 12),
716 5026 730 5054 o
746 5005 773 5060 id
790 5014 829 5061 est
844 5006 897 5062 ob·
951 5019 1048 5061 eorum
1063 5000 1168 5074 (llullb.
1189 5013 1271 5063 xt'ttr,
1294 4997 1352 5068 20).
1363 5016 1377 5045 a
1403 4995 1599 5066 Expurgcmus
1622 5009 1689 5064 ergo
1704 4999 1776 5049 tern-

65 5116 150 5157 scura
171 5097 344 5154 (mellillam
372 5095 526 5166 Pitttbetis.
554 5095 587 5148 Et
611 5095 731 5150 iterum:
749 5095 897 5166 «Operuit
951 5092 1031 5165 plum
1048 5091 1152 5147 mentis
1178 5097 1292 5154 nostre,
1309 5086 1357 5141 ubi
1382 5084 1544 5139 venientem
1564 5083 1776 5139 bontinatorern

64 5194 179 5246 montes
196 5185 298 5242 umbra
322 5187 383 5254 eju>
397 5184 482 5254 (Pani.
508 5182 674 5253 urieli),
701 5204 716 5231 »
731 5183 756 5238 iu
774 5191 814 5240 est
831 5201 896 5257 pro·
951 5191 1080 5240 nostrum
1107 5179 1288 5250 recipiamus.
1319 5174 1513 5245 Preparcmus
1547 5173 1621 5228 riam
1646 5171 1776 5241 ttoirtino,

65 5278 176 5350 plastas,
199 5277 330 5332 doctores
352 5275 464 5329 Veteris·
488 5274 662 5328 Testamenti
679 5274 757 5341 prius
769 5273 831 5331 luce
844 5275 897 5331 do·
950 5272 1126 5344 penitendo,
1142 5267 1294 5334 credendo,
1311 5280 1395 5336 prava
1405 5261 1581 5332 abjiciendo,
1597 5271 1623 5318 ct
1638 5261 1777 5319 iaciamus

65 5369 165 5425 cirine
187 5366 375 5429 illuminatos,
390 5363 458 5419 texit
484 5363 576 5433 caligo
598 5369 625 5416 ει
648 5359 817 5430 obscuritas,
832 5364 898 5434 quia
952 5370 1043 5419 rectas
1070 5359 1186 5416 semitas
1211 5365 1281 5426 eius,
1305 5354 1449 5425 operando
1476 5352 1581 5408 bonum
1607 5351 1642 5406 sd
1666 5366 1777 5417 omncs,

65 5456 190 5514 nubibus
201 5454 462 5526 figurarum,atque
476 5451 897 5523 integumentorumrerborum
952 5456 982 5510 ει
997 5450 1051 5507 boc
1066 5465 1117 5521 pro
1130 5450 1255 5510 eternis,
1270 5453 1298 5501 et
1317 5458 1377 5500 nou
1402 5457 1454 5513 pro
1478 5439 1609 5509 terrenis,
1625 5448 1655 5496 ut
1676 5452 1778 5494 manns

64 5553 147 5605 erant
176 5543 304 5601 insoluta
335 5541 472 5598 vaticinia
502 5556 611 5608 eorum,
642 5541 799 5598 secuudum
825 5541 896 5599 illud
952 5543 982 5599 tn
999 5536 1294 5606 sanctaexttoismus,
1310 5538 1337 5590 st
1353 5529 1459 5587 uonad
1485 5538 1778 5593 terrenscurremus3

226 5669 360 5730 Parnon.
381 5662 515 5726 osxxt.
1616 5650 1657 5711 20
