3802 6030
639 224 731 289 vult.
755 217 993 285 uttuusssut
1015 214 1218 283 uenustas.
1241 212 1364 277 EPISG.
1800 214 1863 278 titt

154 233 210 295 titt

151 375 180 428 et
194 372 309 441 peccata
323 363 420 438 populi
436 362 602 421 comedunt.
628 359 695 418 lllos
714 360 974 431 sacrilegesrapto·
990 358 1017 424 Α
1031 370 1118 427 quam
1135 353 1276 422 patienter
1300 365 1400 422 passus
1424 348 1469 408 sit.
1495 348 1598 407 Audite
1628 346 1806 406 Psalmistam
1831 352 1864 408 in

152 476 208 527 res,
219 462 287 515 istos
303 458 385 528 lupos
411 462 536 525 pastores
558 450 663 508 debent
684 449 808 522 abjicere
829 447 865 504 eli
882 448 977 504 Eccle-
1029 460 1153 514 persona
1169 443 1276 499 Cbristi
1299 443 1460 499 dicentem:
1480 442 1598 497 ionici
1623 441 1678 496 mei
1694 448 1721 497 et
1737 440 1862 513 proximi

149 547 452 620 sio‚quiainteroecs
482 541 541 611 lupi
556 555 687 597 essenon
708 538 822 595 debent.
835 538 864 592 Si
882 536 977 593 vomi·
1028 535 1085 591 mei
1101 533 1251 590 adversum
1268 549 1314 590 me
1330 534 1644 604 appropinquaverunt,
1667 536 1696 587 et
1709 540 1861 602 steterunt,

149 628 766 699 nusiuluiurodamuaturusestillosqui
785 624 978 683 suanontri·
1028 630 1056 680 et
1080 624 1129 696 qui
1152 624 1288 694 juxtame
1317 632 1398 679 erant
1425 623 1460 678 de
1491 622 1574 693 longe
1600 627 1741 678 steterunt
1767 622 1861 690 (Paul.

151 725 397 796 buunt,quiilergo
412 722 539 778 lecturus
553 723 596 775 est
611 717 669 774 illis
683 714 978 790 quinipiuntalienai
1027 728 1134 778 xxxin,
1147 712 1202 780 l2).
1221 734 1234 762 a
1250 710 1273 768 0
1288 710 1409 767 Domine
1434 710 1500 767 Jesu
1513 710 1637 775 Christe,
1662 710 1729 781 quid
1748 711 1798 765 tibi
1817 712 1861 767 ta·

149 815 223 881 Quid
237 813 517 877 ampliusdicerem?
532 808 678 866 Dialiotica
696 809 976 872 iustrumeniasunt,
1026 805 1106 862 cient
1120 802 1474 875 inimici,qunndoquiitem
1490 800 1539 857 tibi
1555 800 1863 857 adversanturauiicii

149 902 397 977 quibusdiabclua
427 897 689 957 Ecclesiamassilit
716 897 751 968 [f.
767 894 877 966 attigit]
892 895 977 950 inuo-
1028 893 1151 949 lielede
1174 893 1295 949 inimico
1325 892 1470 947 conlittere
1496 894 1602 960 potest,
1626 890 1674 946 cui
1702 893 1860 946 clemicus

149 1003 247 1052 centes
261 992 406 1063 opprimit.
425 990 497 1045 Sunt
521 987 601 1059 quisi
617 985 660 1043 lec
684 1002 814 1058 querens
829 999 911 1055 quem
923 983 975 1039 ds·
1026 996 1185 1042 contrarius
1199 990 1251 1039 est.
1282 981 1322 1038 Tu
1340 992 1434 1038 iernen
1462 980 1584 1036 Domine
1605 979 1685 1045 Jesu,
1708 995 1767 1035 nou
1782 985 1861 1038 certe

148 1089 240 1147 voret.
266 1082 358 1153 surgit
382 1095 466 1136 mane
481 1078 601 1145 cupiens
614 1082 743 1132 siturare
757 1075 862 1130 laniem
879 1088 973 1140 suum,
1025 1070 1182 1143 impotens,
1198 1074 1247 1128 sed
1278 1087 1393 1142 prorsus
1406 1071 1604 1141 omnipotens.
1632 1069 1674 1125 'l'u
1696 1071 1746 1141 qui
1764 1086 1781 1126 a
1796 1068 1861 1125 tali·

149 1189 204 1229 nec
216 1171 302 1228 babet
316 1170 388 1241 quod
410 1170 551 1234 comedat,
569 1166 623 1222 nisi
653 1166 753 1236 rapiet.
769 1163 839 1228 Quid
856 1164 892 1219 de
907 1161 972 1219 libi·
1032 1161 1084 1219 bus
1101 1162 1216 1232 pateris,
1233 1161 1302 1233 quid
1320 1160 1426 1217 talibus
1440 1159 1536 1217 iacis?
1550 1161 1618 1231 quid
1644 1158 1750 1216 talibus
1764 1157 1862 1216 dicis?

149 1249 975 1320 dineiltlaomniacuntaminat,omniacommiscet.llle
1025 1252 1101 1321 Scio,
1126 1251 1259 1320 beririne,
1289 1252 1348 1308 scio
1375 1250 1444 1323 quid
1471 1251 1544 1307 inibi
1570 1252 1751 1320 respondeas.
1782 1247 1862 1306 Nibil

150 1349 240 1406 David
254 1356 281 1405 et
290 1348 450 1403 adulterum
466 1350 494 1400 et
511 1343 683 1401 homicidam
700 1343 776 1408 lecit,
790 1342 973 1398 Salomonem
1038 1345 1158 1399 ouiniuc
1172 1341 1255 1407 lucio,
1272 1339 1345 1397 nibil
1372 1339 1493 1397 omnino
1519 1339 1593 1397 dico.
1611 1339 1759 1397 Gratanter
1773 1339 1861 1396 susti·

148 1438 283 1507 corrupit,
298 1435 464 1493 Samsoneui
476 1434 629 1490 interfecit.
644 1431 709 1488 iliae
727 1431 895 1502 coinquinat
907 1444 974 1487 cor·
1026 1449 1080 1490 neo
1096 1436 1269 1505 passionem,
1284 1439 1311 1489 et
1337 1432 1450 1488 nullam
1477 1446 1595 1501 prorsus
1617 1447 1670 1488 nec
1691 1430 1788 1500 verbo,
1806 1445 1861 1487 nec

147 1535 238 1599 puset
251 1525 388 1582 animam.
414 1523 473 1580 Alia
488 1523 594 1579 scelera
617 1529 684 1579 sunt
709 1520 833 1585 horride,
855 1521 905 1577 aed
920 1520 973 1576 ista
1024 1513 1110 1590 sacto,
1127 1524 1255 1595 rependo
1272 1519 1421 1579 ultionem.
1441 1539 1452 1571 ι
1470 1520 1525 1592 ligo
1541 1519 1620 1577 euim
1643 1524 1780 1592 tanquam
1797 1535 1860 1576 sur-

147 1616 296 1674 sstietida.
313 1613 377 1670 llaec
392 1615 476 1670 vertit
488 1611 658 1670 bomiuesin
676 1609 827 1680 reprobum
842 1624 972 1670 serisum.
1022 1608 1076 1667 dos
1095 1626 1152 1667 nou
1182 1608 1347 1675 audiebam,
1373 1618 1400 1665 ct
1417 1609 1491 1665 sicui
1514 1617 1612 1664 mutus
1641 1624 1701 1665 non
1725 1608 1861 1680 aperiens

147 1703 215 1762 uec
228 1704 315 1760 libide
327 1701 463 1758 ailulteriu
479 1707 605 1771 generat,
622 1707 649 1756 et
665 1699 792 1757 incestus
809 1698 891 1769 parit.
908 1696 971 1755 Nou
988 1716 1059 1811 Bos
1073 1717 1157 1757 suum
1173 1699 1258 1770 (Psai.
1278 1714 1385 1766 xxxiii,
1401 1698 1456 1768 ll).
1475 1721 1486 1748 s
1515 1698 1572 1770 Ego
1588 1713 1651 1754 sum
1673 1696 1724 1754 illa
1737 1698 1799 1755 oris
1809 1713 1860 1768 pa-

145 1786 973 1861 careuihominossibinparentibus,nonecummt'stis.
1028 1792 1142 1849 tienset
1166 1790 1305 1855 niiiis,de
1328 1806 1383 1861 qua
1413 1790 1551 1861 seriptum
1580 1797 1679 1845 est:«
1705 1789 1854 1857 Tanquam

147 1890 488 1944 uonacnmmatre,ncn
511 1878 867 1949 ailliespiritirali,quol,
891 1872 975 1932 uiatt
1027 1882 1087 1940 oris
1101 1883 1135 1937 ad
1151 1880 1324 1937 occisionem
1355 1881 1527 1944 ductusest,
1557 1879 1673 1936 etaicut
1700 1893 1858 1949 agnosco·

147 1972 311 2044 Gregorius,
328 1985 467 2042 magnum
484 1974 530 2026 est
540 1976 696 2037 peccatum.
1028 1987 1088 2028 ram
1105 1971 1241 2027 tondente
1256 1986 1286 2026 se
1301 1986 1358 2026 non
1377 1971 1487 2041 aperuit
1502 1986 1533 2025 us
1548 1985 1631 2024 suum
1646 1967 1830 2041 (iscamari).
1841 1988 1856 2018 a

517 2057 602 2113 xiil.
1028 2059 1050 2117 Ο
1078 2061 1241 2130 exemplum
1280 2059 1421 2129 patientiae
1453 2058 1594 2115 imitabile
1621 2067 1648 2115 et
1673 2058 1857 2126 admirabile,

247 2166 273 2207 ιιι
288 2166 417 2207 erssrois
432 2164 531 2205 ncuirr
545 2163 636 2205 sanan
651 2163 795 2204 racunnus
808 2148 878 2220 (99).
1027 2150 1144 2222 dignum
1161 2164 1275 2211 prorsus
1292 2150 1477 2205 admiratione
1505 2155 1532 2205 et
1561 2149 1725 2213 dilectione,
1740 2148 1860 2219 dignum

182 2262 198 2292 ιι
212 2240 354 2297 Foderunt
370 2255 472 2296 manus
488 2255 565 2295 meas
579 2243 608 2293 et
637 2240 722 2308 pedes
736 2255 826 2306 triens,
844 2238 975 2296 dinume·

146 2351 161 2381 e
177 2327 417 2386 raseruntcmnla
432 2344 495 2383 ossa
507 2343 570 2383 mea
585 2326 670 2397 (Prot.
686 2344 745 2395 rvr,
762 2327 816 2399 li).
844 2349 857 2377 a

181 2420 348 2489 Suptimaua
375 2432 510 2490 presens,
526 2416 626 2473 iratres
651 2417 861 2486 cbarissimi,ex
877 2433 906 2474 re
922 2432 972 2473 no·

146 2524 213 2566 utcu
230 2507 352 2575 babens,
367 2522 484 2562 vocatur
500 2505 695 2570 laboriosam!
709 2513 738 2562 ut
754 2507 838 2577 vulgo
850 2507 973 2577 loquun-

143 2603 229 2662 tur,c
246 2612 327 2662 persua
338 2596 423 2651 serbo
439 2595 557 2659 rustico.
579 2610 699 2666 poeiittta.
716 2596 794 2658 Quod
814 2596 837 2652 si
848 2597 974 2667 queritis

144 2700 259 2742 cessem
276 2684 361 2752 hujus
385 2682 589 2753 impositionis,
616 2688 790 2740 mementote
817 2684 974 2743 Dominirae

145 2774 301 2831 Passionis.
313 2771 345 2828 ln
363 2773 414 2829 bac
430 2773 571 2844 siquidem
586 2775 745 2842 septimana
757 2775 907 2847 passiones
920 2774 973 2833 Do·

144 2864 217 2921 mini
233 2865 397 2930 recitantur,
419 2870 445 2920 ct
469 2878 571 2934 poenae,
587 2882 659 2936 quas
686 2881 744 2921 non
770 2882 820 2938 pre
836 2866 908 2932 suis,
924 2868 973 2924 scd

143 2955 266 3011 eliorum
286 2954 408 3023 pcccatis
424 2954 659 3025 pertulit,populo
671 2955 972 3022 denuntiantur.Quod

144 3043 168 3100 si
185 3041 356 3100 eultisscirc
384 3058 467 3114 quam
498 3059 610 3113 pcenam
645 3060 743 3115 passus
771 3057 815 3102 est
834 3047 974 3126 christus,

1028 2237 1207 2296 imitationel
1229 2241 1302 2294 ui
1323 2243 1382 2295 tloc
1396 2240 1560 2305 exemplum
1574 2240 1732 2305 attendant,
1749 2246 1776 2294 et
1791 2252 1856 2293 eru·

1027 2329 1140 2387 bescant
1158 2329 1378 2397 impatientes,et
1393 2329 1577 2400 impotentes,
1592 2329 1641 2400 qui
1658 2337 1684 2384 et
1701 2343 1751 2399 per
1768 2343 1861 2398 imps-

1027 2421 1154 2476 risuliani
1171 2421 1228 2488 pati
1244 2417 1364 2486 noluut;
1380 2426 1407 2474 ct
1424 2429 1518 2475 tamen
1534 2433 1598 2474 cuin
1616 2418 1780 2488 patiuntur,
1793 2433 1859 2486 pro·

1027 2516 1090 2582 ptor
1105 2509 1302 2580 impotentium
1319 2509 1510 2564 revindicare
1536 2525 1593 2564 nun
1612 2511 1744 2579 possunt.
1761 2506 1861 2563 bliseri

1027 2613 1142 2670 prorsus
1152 2597 1198 2653 isti
1212 2597 1259 2668 qui
1289 2605 1316 2651 ct
1331 2598 1475 2666 patienter
1500 2600 1573 2669 quod
1591 2597 1692 2653 nolunt
1710 2599 1744 2651 ed
1762 2597 1857 2652 sindi-

1027 2694 1113 2754 ciam,
1140 2701 1271 2743 exercere
1297 2702 1354 2742 non
1372 2692 1491 2756 possunt
1520 2703 1605 2758 quern
1633 2686 1732 2744 volunt
1754 2684 1787 2757 [f.
1805 2684 1857 2755 qui

1028 2779 1101 2847 quod
1124 2774 1308 2843 impatienter
1335 2775 1442 2839 rotoni,
1460 2789 1594 2832 eercerc
1611 2791 1667 2831 non
1685 2783 1801 2845 possunt
1819 2774 1856 2829 ad

1029 2863 1182 2920 vindictam
1193 2878 1277 2934 qoam
1294 2863 1416 2936 volanti.
1432 2863 1453 2917 E
1482 2863 1624 2920 contrario
1648 2864 1775 2920 cbristus
1791 2862 1857 2919 bea·

1029 2957 1084 3020 tus,
1100 2952 1148 3024 qui
1169 2968 1279 3024 poenem
1293 2951 1415 3008 libenter
1427 2953 1573 3023 sustinuit,
1585 2962 1610 3009 et
1627 2953 1856 3025 persecutoribus

1028 3043 1089 3098 suis
1106 3043 1241 3098 iilticriem
1263 3043 1368 3098 interra
1384 3040 1479 3097 noluit
1495 3057 1579 3113 quarn
1598 3043 1699 3113 potuit.

144 3134 281 3191 attendite
296 3133 392 3207 ipsum
408 3132 437 3190 iii
463 3147 548 3190 cruce
579 3138 761 3205 pauitantem,
787 3140 817 3192 et
839 3120 1019 3193 aiicadiieC
1069 3131 1155 3188 Poeua
1171 3133 1360 3202 ltuquequam
1385 3131 1525 3188 ttonilnus
1541 3132 1668 3201 pertulit,
1695 3132 1762 3189 buic
1776 3132 1861 3203 septi·

145 3237 210 3279 eum
222 3223 257 3278 de
269 3223 331 3292 ipsa
346 3238 433 3279 cruce
457 3222 658 3292 hujuscemodi
688 3223 765 3280 uo
782 3227 974 3295 querimonias
1028 3235 1132 3286 moine,
1148 3222 1223 3275 sicut
1237 3221 1344 3276 dietum
1363 3228 1416 3289 est,
1444 3235 1566 3290 poeriose
1588 3237 1693 3277 nomen
1708 3221 1858 3291 imposuit.

147 3311 368 3380 proterentem«
386 3309 529 3366 Foderunt
545 3324 648 3366 ritanus
662 3312 973 3381 mersetpedcsmeos,
1027 3311 1146 3376 Quodsi
1168 3310 1204 3366 sit
1229 3310 1446 3381 quiotttqenicr
1476 3310 1611 3380 inquirat,
1640 3311 1768 3367 inveniet
1788 3311 1860 3367 aliis

144 3395 398 3456 dinumeraverunt
424 3400 521 3457 omnia
538 3416 603 3456 ossa
629 3415 691 3456 meu
705 3401 792 3465 (Prot.
811 3418 869 3467 ur,
887 3404 941 3475 tt).
957 3425 972 3453 a
1028 3415 1138 3470 poenas,
1155 3416 1205 3471 pro
1218 3398 1322 3469 quibus
1348 3398 1401 3455 boc
1415 3398 1586 3456 vocabulum
1601 3398 1668 3457 baio
1691 3402 1859 3470 septimane

146 3485 209 3542 lstea
225 3492 321 3544 tanuen
346 3489 532 3559 querimoniae
547 3505 605 3545 non
634 3498 701 3544 sunt
713 3491 911 3559 impetieiiiiae,
923 3494 972 3548 scd
1027 3505 1085 3546 non
1099 3489 1378 3560 iujusteconuenist.
1396 3491 1469 3546 Sunt
1484 3491 1561 3546 euim
1577 3493 1633 3546 duo
1648 3506 1753 3558 periere
1764 3491 1858 3546 bomi-

145 3576 467 3646 potiusinisericontie.
500 3577 971 3654 Nouenimilcleliatprosc,qui
1026 3594 1096 3637 num
1125 3579 1388 3649 quiboctempcre
1411 3580 1531 3650 grauiter
1551 3577 1719 3650 affliguntur
1742 3588 1770 3635 et
1793 3595 1856 3648 pos·

138 3666 314 3736 patiebatur.
331 3667 401 3734 Quis
414 3684 479 3724 iero
499 3668 662 3738 passionem
678 3674 708 3724 et
731 3685 842 3740 poeuiim
860 3671 973 3728 Domini
1027 3686 1092 3726 narn
1110 3670 1266 3725 niaximum
1277 3670 1486 3739 patiuntur,qui
1502 3669 1701 3726 idcircoralde
1713 3668 1855 3740 laborant,

140 3754 972 3831 dignecousldcraredigneenuntiaresuisreiatiipsemet
1026 3760 1091 3830 quia
1107 3775 1180 3814 onus
1192 3760 1347 3813 mextenum
1373 3767 1495 3829 portaut,
1512 3768 1538 3815 et
1565 3761 1633 3814 illud
1651 3759 1765 3830 quidem
1780 3775 1857 3815 onus

141 3847 214 3913 quod
232 3843 350 3913 pertulit
364 3844 452 3911 dicat,
469 3845 528 3916 ipsc
543 3847 578 3902 de
590 3862 674 3919 pieria
686 3848 760 3921 [sua]
776 3851 971 3908 testimenium
1025 3847 1178 3920 aliquando
1194 3847 1338 3918 deponere
1354 3847 1465 3914 volunt,
1493 3865 1545 3905 uec
1571 3857 1665 3905 iumen
1684 3860 1815 3918 possunt.
1831 3852 1855 3905 0

140 3932 297 4002 perbiberet.
313 3933 376 4001 lpse
393 3934 442 4005 qui
461 3952 560 4004 pessus
586 3940 639 3994 est.
656 3960 670 3988 e
697 3937 837 3995 Foderunt
853 3941 971 4012 [inqui]
1024 3951 1109 4008 quam
1125 3938 1339 3999 exsecranda,ct
1351 3952 1496 4006 uunquam
1512 3936 1586 3993 collo
1609 3939 1855 4007 imponendasar·

142 4034 244 4076 manus
260 4036 336 4076 meas
350 4031 377 4078 ot
395 4025 480 4092 peiles
493 4041 581 4087 ineos,
604 4027 858 4084 dinumeraverunt
873 4031 971 4086 oiniiia
1025 4025 1100 4094 ciue,
1117 4041 1200 4096 quum
1213 4025 1259 4095 qui
1277 4025 1331 4080 sibi
1346 4028 1478 4095 imponit,
1495 4036 1606 4095 pertire
1621 4033 1772 4095 corrinnei
1788 4042 1852 4083 eam

139 4124 208 4165 ossa
223 4127 283 4165 nisa
299 4112 386 4183 (Paul.
400 4129 496 4180 uxriri,
512 4114 584 4182 12).»
601 4115 630 4170 iii
655 4117 778 4173 iterum:
796 4140 810 4168 e
827 4117 972 4176 Dederont
1024 4129 1089 4170 eum
1106 4119 1249 4180 deponere
1261 4114 1489 4186 comminuitque
1501 4120 1651 4172 occasione
1664 4117 1853 4188 impediente,

140 4198 170 4253 ln
188 4212 283 4254 eseam
297 4216 387 4256 ineam
414 4202 461 4265 iol,
488 4203 558 4259 etin
580 4203 627 4259 siti
656 4220 716 4260 inca
744 4214 971 4275 potaveruntme
1025 4202 1222 4260 nonsiuiturl
1252 4203 1345 4259 Onera
1376 4203 1437 4270 ista,
1470 4207 1629 4261 charissimi
1655 4208 1852 4273 iratres,sunt

138 4296 219 4344 aceto
248 4288 342 4360 (auid,
371 4291 427 4361 22).
445 4294 635 4360 introcunte,
665 4310 770 4365 quaeso,
796 4312 858 4366 quus
888 4313 970 4367 piena
1025 4299 1151 4365 pessula.
1175 4292 1235 4348 Sub
1252 4294 1303 4348 isto
1325 4309 1411 4350 onere
1436 4293 1585 4352 laborabat
1609 4296 1655 4367 qui
1682 4298 1710 4352 iii
1732 4296 1850 4352 Psalmo

140 4375 235 4446 fuerit,
255 4395 359 4435 manus
374 4390 400 4436 ct
417 4381 502 4451 pedes
518 4383 605 4438 clavis
629 4383 748 4454 contigi,
764 4392 792 4440 et
807 4386 848 4440 sio
863 4385 893 4441 in
910 4389 970 4457 ipsa
1023 4385 1133 4440 dicebat
1151 4399 1158 4441 :
1174 4405 1189 4433 κ
1206 4382 1346 4447 Quoniam
1377 4383 1542 4454 iniquitates
1565 4402 1633 4442 mee
1659 4402 1849 4457 supergressae

140 4480 225 4523 cruce
239 4468 364 4537 extendi,
391 4479 420 4525 ut
444 4471 543 4527 omnia
571 4488 634 4528 ossa
655 4480 783 4540 extense,
814 4475 969 4545 praenimia
984 4491 1008 4555 [q
1022 4486 1087 4532 sunt
1103 4482 1188 4547 eaput
1202 4490 1296 4530 meum
1312 4483 1339 4531 ct
1363 4477 1435 4531 sicut
1461 4492 1534 4533 enus
1549 4494 1634 4550 grave
1648 4486 1768 4551 gravate
1783 4494 1853 4544 suni

141 4554 434 4626 exiciisionepossint
460 4558 968 4633 dinumerari.Nolite,lratres,oeu·
1022 4582 1106 4638 super
1122 4582 1167 4622 mc
1188 4564 1276 4633 (Pani.
1312 4567 1503 4633 aurem5i.»
1532 4569 1676 4624 Attendite
1699 4568 1852 4638 igiturduo

140 4642 185 4699 los
201 4655 308 4701 vostros
321 4663 338 4700 a
353 4661 437 4704 cruce
466 4648 569 4704 Christi
586 4650 744 4707 divertere:
773 4653 862 4710 nolite
886 4670 968 4713 aures

140 4740 250 4787 vestras
264 4749 280 4786 a
295 4733 391 4789 uerbis
421 4734 484 4805 ejus
499 4738 666 4793 deflectere:
690 4754 756 4795 ecce
771 4741 805 4796 de
822 4755 905 4799 cruce
920 4741 967 4800 lo·

140 4820 248 4894 quitur,
263 4830 289 4876 ei
306 4821 386 4877 vobis
407 4822 541 4895 loquitur.
561 4826 611 4882 l’ro
640 4828 742 4898 quibus
769 4831 883 4899 patitur,
899 4831 968 4902 ipsis

139 4904 276 4975 loquitur.
293 4906 417 4964 Obsecro
433 4926 480 4965 ros
494 4926 573 4980 erpo,
601 4912 725 4970 exhibite
738 4912 871 4972 allectum
886 4933 966 4974 com-

139 4995 291 5065 passionis,
308 5002 337 5051 et
354 4996 485 5054 siliceum
502 5000 534 5071 [i.
551 5000 695 5074 ellectum]
714 5001 892 5062 imitationis.
910 5007 967 5064 lioc

139 5083 245 5140 etenim
261 5086 329 5148 sitit.
348 5086 401 5143 boc
412 5089 509 5144 esurit.
526 5092 638 5148 Auferte
653 5111 669 5149 ii
684 5094 763 5150 uirbis
778 5095 814 5151 iel
830 5095 965 5168 iniquita·

140 5172 186 5240 tis,
202 5179 231 5230 et
258 5184 370 5233 acetum
403 5180 532 5249 pessiinee
555 5182 743 5247 cogitationis.
770 5185 809 5241 Sit
839 5187 966 5257 operatio

138 5263 223 5336 justa,
240 5265 276 5321 sit
290 5268 425 5334 capitatio
457 5274 573 5327 munda.
588 5272 659 5330 Eece
685 5276 805 5332 audistis
825 5293 859 5333 es
875 5282 964 5347 parte,

138 5358 186 5410 sul
203 5362 312 5412 tuntum
331 5359 461 5427 iuiiiimir,
478 5376 563 5431 quim
590 5380 703 5433 pieriam
718 5365 845 5421 Christus
865 5383 965 5437 passus

1021 4673 1125 4728 genera
1151 4655 1310 4719 bominum,
1329 4656 1381 4712 ista
1405 4671 1494 4712 onera
1516 4658 1658 4728 deponere
1680 4656 1849 4727 volentium,

1022 4762 1080 4803 non
1095 4753 1190 4801 tanien
1203 4743 1372 4800 valentium.
1397 4745 1469 4813 Quid
1500 4755 1540 4801 est
1556 4756 1649 4803 autem
1670 4763 1743 4803 onus
1759 4748 1851 4817 depu-

1021 4834 1158 4902 neremisi
1175 4843 1321 4905 peccatum
1334 4835 1476 4892 dimittere
1484 4833 1551 4892 ised
1565 4837 1612 4906 qui
1626 4836 1686 4894 uult
1699 4845 1846 4906 peccatum

1021 4925 1174 4989 dimittere,
1191 4937 1308 4977 necesse
1328 4921 1413 4979 babet
1438 4924 1509 4979 illud
1526 4926 1666 4981 sacerdoti
1680 4924 1848 4983 confitendo

1020 5010 1234 5080 reiciara,sicut
1248 5010 1386 5079 scriptum
1403 5016 1447 5067 est
1463 5027 1471 5070 :
1490 5013 1622 5070 «Revela
1638 5018 1758 5070 Domino
1769 5016 1847 5071 riam

1020 5104 1111 5170 tuarri,
1129 5109 1155 5155 et
1171 5115 1251 5170 spi-ra
1267 5102 1295 5154 iu
1308 5116 1341 5156 ec
1356 5101 1441 5172 (Prot.
1458 5118 1554 5171 xxxvi,
1569 5105 1608 5169 5).
1627 5127 1641 5154 a
1665 5105 1719 5161 Sed
1737 5107 1848 5160 multo·

1020 5189 1083 5254 ties,
1099 5205 1164 5246 eom
1181 5194 1310 5260 peccator
1338 5192 1565 5265 magnitudinem
1591 5200 1621 5250 et
1632 5196 1847 5251 multitudinem

1019 5280 1062 5336 sui
1077 5290 1170 5337 reatus
1185 5279 1316 5346 attendit,
1333 5282 1473 5339 erubescit
1490 5285 1617 5340 coutiteri
1634 5287 1706 5356 quod
1724 5284 1802 5348 iecit,
1820 5293 1847 5342 et

1019 5370 1147 5442 quamtis
1162 5387 1212 5440 pro
1223 5370 1349 5442 peccatis
1359 5374 1418 5428 suis
1431 5372 1551 5443 greriter
1563 5373 1669 5441 doleat,
1680 5375 1846 5444 ipsetamen

137 5444 186 5502 sil.
203 5448 305 5504 Videte
328 5450 541 5520 postinodumu
570 5454 712 5527 qualibus,
739 5463 766 5513 et
788 5456 920 5529 qualiter,
937 5465 965 5514 et
1017 5459 1093 5516 intra
1107 5459 1202 5517 sinum
1218 5462 1404 5519 conscientie
1422 5461 1592 5535 insipienter
1612 5471 1778 5537 contegens,
1794 5464 1845 5522 cui

174 5589 231 5664 (99)
245 5594 267 5648 E
281 5607 335 5651 ms.
352 5594 516 5654 colbertino
531 5611 560 5653 ιι.
577 5598 660 5655 loli.
