3802 6030
70 202 150 262 1489

106 335 233 391 Remove
247 333 334 406 igilur
348 333 519 406 hujusmodi
530 341 770 409 temperamenta.

106 406 172 463 lade
191 405 375 478 lupertiano:
389 407 476 491 Pejus
485 410 532 465 est
546 424 635 480 quam
648 407 814 479 moechiam,
826 423 895 465 con·
988 413 1068 478 Quod

70 478 227 535 tinentiam
243 478 349 535 habers
365 479 564 536 criminosam.

107 647 160 704 Diu
175 653 275 704 cuatus
289 665 353 705 esse
369 665 427 705 non
443 654 533 722 potes.

106 718 232 776 Noxium
248 727 356 791 peccato
370 720 525 777 suscitabit
540 721 719 779 incendium.

105 791 167 847 Sub
184 791 277 847 ruina.
293 789 330 847 Ut
345 793 415 863 quid
432 792 487 847 sibi
504 793 640 849 adhibuit
655 793 820 861 mulierem,
844 793 896 867 qui

70 861 178 918 ducere
192 864 366 934 contempsit
381 880 500 920 uxorem
513 864 527 923 'i
540 864 593 930 Qai
609 881 727 921 carnem
740 881 798 922 aaa
809 881 894 921 man-

68 933 207 1001 ducat,ut
235 934 282 989 uid
295 933 896 1020 habitationemsuamcarnieapparatibus

71 1004 199 1078 impleat
213 950 248 1060 {t
263 1007 312 1078 qui
328 1005 427 1063 vinum
445 1024 503 1064 non
519 1007 604 1077 bibit,
616 1008 686 1081 quid
703 1009 761 1065 vini
773 1007 898 1066 oblecta·

69 1076 148 1135 lione
164 1076 350 1150 perfruitur?

104 1358 896 1433 lnpublicoargumentatusesthominibuspromittere

68 1432 246 1501 caetitatem,
261 1436 290 1487 et
304 1435 334 1487 in
349 1432 444 1516 oculto
459 1433 626 1516 einana-ore
649 1449 707 1515 non
731 1447 815 1517 esse:
832 1432 895 1519 Duo

66 1503 895 1649 tltlitlltlltt‘llttilii'altiliillm·

99 1857 222 1912 Plurimi
238 1866 264 1915 te
279 1862 514 1935 redarguendum
530 1869 643 1931 putant.

100 1927 131 1982 ln
149 1945 179 1985 ee
196 1933 323 1989 novitate
338 1941 498 1992 convertet.
514 1936 676 1994 Videamus
691 1946 762 2004 ergo
778 1948 814 1990 ue
837 1932 893 1992 ista

64 2014 116 2072 per
131 2014 195 2071 qua
211 2005 434 2064 admirationem
450 2025 553 2081 parare
568 2010 713 2075 volumus,
729 2010 785 2063 eto.

60 2698 161 2755 lm
180 2696 352 2754 interritam
369 2698 579 2771 sordidamque
590 2697 735 2758 habitum.

94 2772 306 2841 Hieronymus:
322 2769 421 2827 Pullae
436 2775 541 2827 uestes.

97 2913 249 2980 Quomodo
264 2912 354 2983 igitur
368 2911 420 2967 tibi
437 2912 550 2982 abjecto
567 2913 680 2982 habitu,
696 2922 828 2989 opertam
852 2920 888 2976 ad

63 3000 181 3042 carnem
196 2983 300 3049 cilicio,
318 2984 417 3039 attrito
434 2989 612 3057 pertusoque
628 2986 734 3058 byrrho
748 2988 816 3060 (biiii

810 204 1025 266 EPISTOLAE.

1695 218 1777 280 ileo

910 340 938 407 Α
988 338 1124 407 Remove,
1140 339 1268 424 obsecro,
1285 357 1302 397 e
1317 346 1345 397 te
1361 341 1532 412 hujusmodi
1547 349 1739 428 tentamenta.

951 485 991 538 00
1005 417 1778 565 ,agllilililllllilllliltllllltlltllt
1848 517 1852 525 -

950 570 1039 624 quarn
1057 554 1189 624 ruoechia,
1205 557 1425 623 continentiam,
1441 561 1497 614 etc.

986 625 1041 681 Diu
1057 629 1157 683 castae
1172 629 1271 685 aniruo
1285 644 1350 684 esse
1366 646 1422 685 non
1435 636 1526 701 polee.

987 696 1110 754 Nonium
1125 703 1261 769 procerte
1276 699 1432 757 suscitabit
1447 702 1625 761 incendium.

986 768 1046 824 Sub
1061 767 1157 825 ruina.
1172 769 1299 842 Sedquid
1313 770 1486 896 pizritemur
1498 789 1535 828 ec
1547 775 1701 846 supradicti
1709 793 1774 834 auc·

951 838 1018 894 toria
1031 838 1219 911 disputatione
1231 842 1327 968 augona
1361 846 1386 898 ic
1409 846 1575 901 coralinunre
1597 848 1776 917 particulam,

950 924 981 965 en
995 926 1048 982 qua
1061 912 1103 966 vet
1118 912 1176 967 eolo
1191 916 1262 968 totus
1296 930 1358 981 uror
1372 916 1505 986 culpandi
1514 918 1687 974 contubernii
1697 922 1776 975 rinae

950 980 1104 1038 scirrdotur.
1124 982 1161 1039 Ut
1176 984 1257 1055 quid,
1275 988 1326 1052 ait,
1338 985 1393 1041 sibi
1404 987 1538 1043 adhibuit
1548 989 1713 1057 mulierem,
1725 992 1775 1063 qui

950 1053 1057 1109 ducere
1069 1055 1244 1127 contempnit
1259 1071 1379 1111 uxorem
1395 1056 1409 1113 't
1423 1057 1577 1130 Omniaqui
1590 1076 1645 1115 reon
1655 1067 1776 1117 mandu-

949 1127 1184 1194 coreritcornem,
1201 1127 1316 1198 utquid
1333 1127 1544 1185 habitationem
1566 1146 1649 1186 eoam
1674 1135 1775 1190 carnis

950 1197 1139 1279 apparatibus
1153 1197 1255 1271 implet
1265 1198 1279 1254 t
1290 1199 1324 1255 ut
1333 1199 1384 1270 qui
1396 1216 1453 1256 non
1466 1200 1572 1258 biberit
1582 1202 1692 1268 uinum,
1705 1204 1774 1276 quid

948 1268 1008 1323 vani
1027 1267 1220 1326 oblectamine
1235 1270 1420 1341 pertruitar‘t

986 1340 1017 1395 ln
1030 1340 1147 1412 publico
1163 1344 1386 1413 argumentatae
1398 1357 1460 1397 cum
1474 1342 1643 1400 hominibus
1655 1345 1775 1417 promit·

949 1414 1010 1467 lere
1025 1412 1221 1480 sanctitatem,
1231 1417 1260 1468 et
1271 1413 1299 1467 in
1316 1413 1428 1469 occuito
1441 1414 1504 1470 eine
1516 1431 1605 1471 uxore
1620 1432 1678 1472 non
1689 1430 1774 1475 esse:

949 1481 1037 1538 Duos
1075 1488 1206 1551 umente,
1218 1484 1383 1541 sanctitatis
1394 1489 1421 1541 st
1436 1484 1579 1554 libidinis,
1592 1485 1660 1542 hino
1671 1494 1697 1544 sl
1706 1489 1775 1545 inde

950 1555 1045 1611 lairen
1070 1572 1087 1609 a
1110 1559 1201 1621 eunt3
1231 1563 1256 1611 et
1278 1564 1376 1612 caelem
1404 1556 1433 1612 in
1458 1557 1530 1613 lianc
1556 1558 1668 1614 modurn
1693 1560 1776 1630 ptum

949 1625 1097 1693 subnectit,
1111 1643 1171 1699 quae
1183 1628 1329 1696 manifeste
1339 1628 1522 1686 intentionem
1532 1630 1682 1686 inhoneste
1692 1631 1775 1703 buius

909 1696 1110 1776 Beodctitutir
1124 1700 1262 1771 operiunt.
1284 1701 1350 1754 lieo
1373 1715 1440 1771 ergo
1462 1716 1549 1772 super
1575 1702 1670 1774 primo
1696 1702 1777 1776 oapi·
1851 1736 1854 1741 ·

948 1768 1104 1896 tnffihrimi
1120 1845 1147 1896 te
1162 1843 1369 1897 necimmerito
1394 1842 1629 1914 redarguendum
1650 1849 1773 1973 Xutaul.

981 1912 1013 1967 ln
1029 1914 1200 1969 sonoritate
1216 1914 1281 1970 ritae
1294 1919 1450 1969 convertet.
1471 1915 1613 1987 Siquidem
1639 1918 1650 1973 i
1694 1916 1775 1989 nqe're

943 1984 1073 2039 &bemus
1099 1984 1325 2055 quodmomodum
1345 1984 1412 2040 dicit
1434 1985 1542 2042 Seneca
1557 1986 1632 2056 (ticet
1656 1990 1731 2044 euim
1755 2006 1774 2045 o

942 2028 1112 2126 pbilosophis
1134 2055 1281 2126 gentilium
1308 2057 1425 2112 morcter
1454 2061 1614 2126 sententiar,
1639 2068 1771 2131 luraquorn

942 2143 1007 2182 oceo
1031 2142 1120 2183 aurea
1143 2132 1168 2182 et
1191 2137 1331 2198 argenteo,
1357 2128 1390 2183 ab
1412 2130 1543 2201 AEppptia
1567 2133 1712 2202 mutuari).
1739 2131 1771 2187 ld

941 2213 1107 2269 eracapere
1129 2197 1267 2265 debemur,
1292 2203 1322 2255 ut
1344 2197 1487 2285 metiorqm
1513 2200 1600 2257 uitam
1621 2216 1771 2285 aequamur·

941 2268 1245 2422 timiditati,
1264 2273 1772 2413 tldtlt'tlubittit?

941 2413 996 2468 tloc
1008 2429 1131 2483 primum
1149 2411 1323 2485 pbilosophis
1343 2415 1490 2484 promittit,
1513 2429 1624 2471 aeneum
1646 2431 1769 2474 mmmu·

941 2498 1015 2554 nern,
1031 2484 1235 2540 humanitatem
1247 2488 1274 2540 et
1287 2486 1530 2557 congregationem
1542 2503 1574 2554 ;n
1590 2503 1644 2559 quo
1662 2490 1771 2560 proter·

940 2557 1018 2611 aione
1040 2555 1244 2612 dissimilitudo
1258 2570 1314 2611 non
1327 2557 1475 2628 reparabit.
1489 2556 1648 2615 Videamus
1664 2575 1699 2616 ns
1713 2560 1772 2617 ista

942 2642 995 2754 gar
1009 2641 1073 2697 qna
1089 2625 1313 2684 admirationem
1329 2644 1433 2700 parare
1446 2627 1592 2698 volumus,
1608 2637 1664 2688 eto.

968 2699 1046 2755 m
1061 2697 1240 2755 interritam
1254 2699 1431 2772 solidumque
1444 2699 1592 2758 habitum.

979 2770 1175 2897 litteronymus
1204 2771 1240 2827 ad
1280 2770 1485 2843 Nepotianum,
1507 2773 1549 2829 eio
1578 2773 1638 2830 ait:
1667 2770 1773 2831 Paleas

942 2857 991 2898 ves
1005 2856 1048 2897 es.

978 2911 1034 2980 Quo
1049 2912 1138 2985 igitur
1154 2912 1203 2969 libi
1219 2912 1332 2982 abiecto
1352 2912 1453 2969 habitu
1480 2915 1615 2986 reputari,
1639 2919 1771 2988 opertam

942 2983 978 3039 ad
994 2999 1111 3040 earnem
1128 2982 1301 3039 ciliciorum
1317 2984 1415 3040 attrito
1432 2990 1610 3057 pertusoque
1625 2987 1715 3043 birro.

103 3056 172 3113 Redi
187 3072 256 3127 ergo
272 3055 308 3111 ad
323 3071 442 3111 sensum
457 3071 657 3124 communem,
679 3073 732 3114 neo
755 3060 836 3116 solus
860 3058 891 3117 in
906 3062 933 3129 (2
982 3055 1050 3110 Redi
1065 3055 1164 3126 igitur,
1176 3070 1265 3126 quoero
1276 3063 1312 3115 le.
1326 3056 1361 3111 ad
1374 3072 1493 3112 sensum
1506 3073 1705 3123 communem,
1718 3074 1770 3114 neo

64 3127 889 3200 sanotitslosromploesseconlendas‚cumsapienaetc.
945 3124 1009 3181 eine
1023 3128 1155 3197 exemplo
1171 3126 1201 3180 in
1226 3126 1380 3182 sanctitate
1408 3127 1489 3183 eolus
1512 3144 1577 3184 esse
1598 3129 1769 3197 contendas,

98 3272 190 3328 Habet
205 3268 419 3328 sublevantem.
435 3270 515 3335 Quod
533 3271 558 3327 ei
570 3271 744 3328 imitandum
757 3273 820 3344 tibi,
832 3278 888 3332 eto.

98 3698 206 3749 Docere
222 3692 310 3758 soles,
326 3710 383 3749 nou
405 3697 519 3749 mutum
537 3695 735 3767 praeentiam,
747 3699 779 3751 ut
796 3697 889 3766 decet,

64 3764 351 3838 viliareprehendis,
366 3764 417 3820 esd
443 3764 531 3820 stiam
555 3766 729 3837 dignitatum
755 3768 890 3840 crimina,

64 3838 141 3909 quod
158 3854 216 3893 non
237 3835 329 3906 decet,
346 3852 513 3903 enumeras,
529 3839 636 3910 carpis,
657 3838 779 3895 lacerae.

102 4050 160 4106 Hos
176 4064 302 4122 pannos.
321 4048 462 4105 Videmus
482 4053 600 4122 egentes
613 4051 816 4125 presbyteros,
832 4058 888 4112 eto.

96 4271 131 4321 Se
147 4271 318 4338 queruntur
329 4264 442 4337 judicio
457 4266 677 4325 condemnatos.

96 4337 292 4395 Prolilendam
308 4337 487 4409 improbatos
502 4338 671 4411 compellas.

944 3211 1011 3253 oum
1025 3197 1153 3270 sapiens,
1168 3204 1222 3254 otc.

980 3267 1074 3325 Habet
1087 3266 1298 3325 sublevantem.
1314 3267 1448 3340 Propheta
1457 3284 1562 3341 quoque
1572 3285 1627 3325 uon
1637 3271 1771 3327 novitates

944 3340 1151 3411 excogitandos,
1167 3339 1215 3395 red
1227 3339 1385 3396 aduenienti
1398 3355 1515 3412 quorum
1528 3341 1668 3412 sequendo
1683 3343 1770 3398 uerti·

942 3412 991 3481 piu
1001 3427 1050 3467 noo
1064 3411 1201 3476 bortatur,
1216 3410 1309 3466 dicens
1319 3428 1329 3466 .·
1341 3410 1415 3467 stau
1427 3427 1510 3484 super
1534 3412 1603 3478 uiue,
1623 3420 1649 3468 et
1671 3412 1770 3483 uidete,

942 3487 969 3539 et
981 3480 1148 3554 interrogate
1163 3483 1196 3538 de
1214 3483 1320 3538 remitis
1333 3482 1468 3564 animate,
1484 3498 1547 3554 quae
1567 3485 1602 3539 sit
1623 3483 1670 3539 uia
1689 3483 1769 3552 bono,

942 3563 968 3610 et
982 3556 1120 3611 ambulate
1135 3556 1165 3610 in
1179 3570 1223 3620 eo,
1232 3558 1258 3610 et
1272 3554 1418 3610 inuenietis
1431 3554 1612 3626 reineccium
1624 3554 1769 3611 estimatus

942 3627 1050 3685 uertite.
1061 3626 1141 3692 Quod
1158 3626 1182 3682 si
1197 3625 1385 3694 imitandum,
1401 3629 1457 3681 ato.

980 3699 1085 3754 Docere
1099 3696 1186 3764 soles,
1204 3714 1261 3753 non
1282 3699 1396 3753 tanturn
1411 3697 1611 3768 praeentiam,
1626 3700 1659 3753 ut
1677 3697 1769 3769 decet,
1881 3754 1885 3761 ,

941 3767 1011 3825 vitia
1025 3769 1225 3841 reprehendis,
1242 3769 1292 3825 sod
1308 3769 1475 3825 absentium
1495 3785 1611 3843 quoque
1630 3767 1768 3826 ecclesia·

941 3841 1093 3907 eticorum,
1110 3857 1167 3897 non
1181 3841 1276 3898 solum
1292 3841 1439 3911 ordinum,
1454 3842 1505 3898 sed
1527 3844 1616 3898 otiam
1641 3840 1769 3914 dignita·

940 3915 1004 4038 fam
1017 3912 1152 3982 crimina,
1169 3914 1247 3984 qaod
1268 3928 1325 3969 non
1351 3913 1443 3983 decet,
1468 3929 1635 3980 enumeraa,
1658 3912 1767 3986 carpis,

952 4000 1063 4041 aceras.

975 4059 1035 4112 Eos
1050 4070 1172 4129 pannos.
1188 4053 1266 4124 Quod
1279 4056 1304 4112 si
1316 4061 1426 4126 captore
1440 4056 1594 4126 orepavor-ie,
1609 4054 1661 4110 boc
1674 4060 1768 4109 tamea

939 4131 1112 4185 maceratum
1125 4142 1184 4183 erae
1197 4143 1303 4198 negare
1317 4141 1372 4182 non
1384 4135 1466 4198 poter.
1483 4125 1624 4181 Videmus
1645 4129 1765 4195 egerim

938 4200 1142 4273 presbyteros.

974 4271 1010 4328 Se
1048 4274 1199 4327 ueruntur

1227 4269 1377 4354 ‘raeiudicio
1392 4268 1612 4325 condemnatos.

973 4288 1171 4399 Probtendam
1185 4287 1274 4411 etipsa
1287 4338 1479 4423 improbatos.

95 4409 252 4482 Gregorius
267 4426 383 4482 quoque
399 4426 473 4494 papa
486 4409 521 4467 de
532 4427 589 4467 non
601 4412 753 4468 temereed
765 4429 886 4470 conver·
901 4428 925 4493 Ι)
977 4415 1075 4469 Beatus
1085 4428 1202 4485 quoque
1215 4413 1373 4484 Gregorius
1388 4427 1463 4483 papa
1478 4408 1514 4465 de
1528 4424 1586 4465 non
1603 4413 1713 4466 temere
1728 4409 1765 4465 ad

60 4482 173 4539 sionem
190 4482 365 4554 recipiendis
380 4482 469 4538 dreit:
485 4482 559 4538 Cum
574 4499 662 4556 grave
676 4485 723 4540 eit.

94 4627 329 4684 Damnationem.
343 4624 455 4699 Quippe
473 4642 531 4698 quo
557 4626 638 4683 nulla
661 4633 774 4684 coercet
795 4628 884 4685 disci·

61 4700 153 4772 plina,
169 4698 219 4754 ecd
236 4714 289 4754 suo
306 4714 438 4823 quosque
453 4696 598 4768 permittis
609 4699 740 4767 arbitrio,
756 4699 888 4757 sivesola

63 4787 152 4842 super
167 4786 217 4826 eos
231 4770 274 4825 tui
291 4769 390 4825 unnim
405 4786 420 4824 a
435 4768 617 4825 invocatione
637 4774 804 4841 contentae,
827 4772 887 4829 sive

64 4843 145 4899 novis
161 4841 279 4897 inhians
294 4840 394 4908 lucrio,
411 4856 447 4896 ne
461 4842 538 4895 clrca
553 4841 715 4912 acquisitae
726 4858 839 4899 moram
850 4844 889 4900 ta·

61 4915 153 4985 ciens,
170 4913 279 4969 damna
293 4918 458 4986 temporum
475 4912 606 4985 patiaris.

97 5126 297 5181 Discurrentee
312 5122 471 5179 barbarum
487 5120 651 5194 prolixitate
670 5123 822 5193 notabiles,
838 5125 884 5181 ni·

59 5197 194 5269 gerrirnis
205 5196 570 5266 uestibusadopertos,qui
587 5210 637 5266 per
653 5211 749 5267 agros,
765 5201 799 5252 ul
816 5196 886 5252 dioi-

59 5275 118 5334 tur,
132 5266 262 5333 calceati,
279 5267 308 5322 ia
325 5266 447 5322 urbibus
462 5282 530 5322 vero
544 5276 571 5322 et
581 5266 611 5322 in
623 5266 692 5324 vicie
704 5267 791 5323 nudis
802 5268 882 5340 pedi-

62 5339 115 5395 bue
129 5340 315 5410 gradiuntur.

94 5462 369 5535 (delineationem
386 5462 492 5531 birrus,
511 5461 664 5534 cujusdam
680 5466 769 5517 vestis
789 5479 883 5533 genoe

57 5541 113 5603 est,
128 5535 262 5591 blartinio
276 5534 443 5606 interprete,
460 5536 537 5607 quod
553 5535 625 5592 solis
640 5533 765 5590 militam
790 5534 881 5591 serris

53 5623 88 5663 ex
120 5607 159 5663 im
182 5611 329 5663 aratorum
361 5605 568 5663 constitutione
598 5611 661 5662 erat
691 5605 880 5663 interdictum

55 5678 146 5750 (Pura.
162 5624 184 5735 f.
200 5679 343 5747 sddoera,
360 5694 423 5751 cap.
441 5679 495 5751 id).
512 5677 563 5735 lilo
579 5683 676 5735 autem
688 5677 806 5750 byrrho,
820 5678 881 5735 eive

55 5750 135 5806 birro
151 5749 239 5822 (quod
255 5749 286 5806 in
301 5750 378 5807 idem
389 5750 501 5833 recidit)
511 5750 647 5806 indutum
659 5749 750 5807 luisse
759 5749 879 5807 matam

54 5821 242 5895 cyprianum,
259 5837 325 5878 oum
339 5820 377 5877 ad
400 5820 579 5895 suppliciam
603 5821 769 5887 duceretur,
791 5820 880 5879 reteri

939 4485 1158 4542 conversionem
1183 4482 1369 4555 recipiendis,
1390 4484 1536 4539 Fortunato
1560 4481 1680 4537 scribens
1704 4496 1765 4553 epr-

938 4571 982 4612 eco
1001 4571 1027 4621 o.
1042 4558 1117 4613 iuter
1132 4555 1191 4611 atie
1205 4553 1272 4610 dicit
1286 4572 1296 4610 :
1310 4554 1381 4610 Cum
1397 4570 1482 4624 orare
1496 4553 1545 4609 sit.

976 4573 1209 4684 Damnationem.
1226 4626 1337 4698 Quippe
1357 4624 1538 4696 quorumdam
1562 4622 1640 4678 ultra
1664 4638 1765 4680 curam

940 4715 997 4754 non
1014 4699 1101 4771 geris,
1111 4714 1185 4771 quos
1200 4696 1281 4753 nulla
1291 4712 1406 4753 coerces
1417 4695 1525 4767 reputer
1534 4693 1700 4766 disciplina,
1711 4695 1762 4751 sed

939 4786 992 4825 suo
1006 4786 1139 4842 quemque
1155 4767 1299 4841 permittis
1314 4766 1443 4833 arbitrio,
1460 4768 1521 4822 aive
1531 4765 1593 4822 sola
1609 4766 1652 4822 tui
1668 4765 1762 4822 nomi·

939 4841 986 4898 nis
1000 4858 1089 4914 super
1103 4858 1164 4905 soe,
1179 4846 1210 4896 ut
1224 4839 1341 4912 quidam
1359 4848 1469 4909 puteant,
1491 4837 1672 4895 invocatione
1693 4853 1763 4893 con·

937 4916 1048 4980 mutus,
1064 4912 1124 4969 eive
1140 4913 1231 4982 noris,
1246 4916 1277 4968 ut
1289 4917 1322 4967 tu
1335 4911 1476 4977 partribus,
1487 4909 1605 4967 inhians
1616 4908 1714 4976 lucris,
1725 4924 1762 4965 ne

937 4984 1016 5040 circa
1029 4986 1086 5056 iam
1097 4984 1256 5056 acquisitos
1272 4998 1384 5039 moram
1400 4983 1517 5051 taciens,
1535 4983 1762 5055 damnatempo-

937 5071 1003 5110 rum
1020 5055 1152 5129 patiaris.

973 5127 1176 5183 Discurrentes
1191 5125 1336 5196 bigerricis
1351 5125 1471 5181 uestibus
1485 5124 1640 5196 adopertos,
1655 5122 1763 5180 barbe·
1818 5188 1821 5193 ,

937 5215 1001 5254 rum
1019 5198 1186 5271 prolixitate
1201 5196 1354 5266 notabiles,
1370 5197 1419 5268 qui
1429 5212 1482 5269 per
1494 5211 1580 5268 agros
1593 5194 1714 5267 quidem,
1731 5198 1764 5250 ut

935 5269 1048 5336 dicunt,
1061 5269 1192 5337 calceati,
1209 5269 1239 5325 in
1255 5268 1380 5325 urbibus
1393 5285 1461 5325 vero
1476 5273 1505 5325 et
1523 5268 1553 5324 iu
1578 5265 1650 5324 vicie
1674 5266 1764 5323 nudis

936 5341 1060 5411 pedibus
1073 5340 1259 5414 gradiuntur.

934 5465 1086 5534 diaconae,
1102 5463 1152 5536 qui
1168 5464 1233 5535 ejus
1246 5480 1369 5536 agonem
1387 5463 1534 5536 eleganter
1554 5459 1712 5531 descripsit
1734 5460 1765 5516 in

933 5537 1023 5607 ictis,
1039 5535 1198 5604 lacernam,
1215 5552 1274 5607 qua
1288 5539 1409 5592 sauctus
1425 5538 1538 5604 martyr
1551 5532 1673 5588 indutus
1688 5535 1765 5601 erat,

933 5613 1016 5665 vocat
1030 5607 1181 5678 byrrhum.
1198 5606 1258 5664 lloo
1274 5611 1372 5664 autem
1387 5606 1462 5662 satis
1482 5603 1625 5676 quadrare
1648 5601 1764 5660 videtur

932 5696 999 5736 eum
1014 5678 1102 5736 verbo
1116 5682 1262 5753 sequenti,
1277 5677 1421 5736 seminudo
1435 5690 1527 5744 crure,
1539 5680 1573 5730 at
1582 5690 1689 5731 aeneus
1701 5675 1759 5731 eit:

932 5750 978 5808 lta
994 5756 1124 5824 pertuso,
1136 5752 1178 5808 ita
1189 5751 1315 5808 lacerato
1323 5747 1441 5822 byrrho,
1455 5752 1487 5804 ut
1497 5762 1549 5818 per
1560 5745 1707 5805 scissuras
1716 5762 1761 5803 ee·
1841 5794 1844 5799 .
1863 5804 1870 5815 ,

931 5822 1086 5880 minndum
1103 5839 1173 5879 orus
1186 5821 1323 5879 indecore
1336 5823 1435 5893 posset
1461 5815 1643 5889 quibuslibet
1666 5834 1757 5892 appe·

56 5890 166 5951 Paulus
176 5892 348 5966 monachus,
361 5897 390 5950 et
403 5892 627 5968 Pontiueipeius
639 5892 731 5949 saneti
743 5891 880 5967 Cypriani
929 5909 1004 5953 rere.
