3802 6030
74 257 154 320 lesi
715 252 812 315 uma
832 252 865 313 Β.
892 250 1140 314 uauuououl.
1702 254 1783 316 tens

113 388 311 447 Gandemellre
340 388 469 458 cuidam,
499 387 542 445 alo
567 388 727 445 senabatur
754 384 852 460 puella
869 400 903 441 ex
917 385 944 454 Α
956 383 1040 442 simae
1054 385 1117 443 dies
1132 385 1162 445 in
1177 384 1344 443 arctissime
1367 385 1550 459 transigebat
1578 385 1779 445 abstinentia:
1878 426 1881 431 -

80 482 189 555 predio
203 478 417 545 cabariacensi,
429 477 583 550 caliginem
593 493 660 551 qua
670 474 901 547 oeulosejesdtn
956 488 1061 547 nempe
1073 474 1155 532 solus
1170 473 1225 532 bee
1234 474 1489 548 temperavimus
1499 476 1676 533 manebatis
1687 475 1777 534 cellu-

78 572 229 628 obtaxerat
244 568 340 625 crucis
355 567 547 640 impressione
563 567 690 624 detersit.
955 564 992 634 le,
1009 568 1194 624 orationibus
1219 567 1360 624 insistens
1378 573 1408 624 et
1435 566 1582 641 iacrymis,
1603 572 1632 625 et
1648 568 1778 642 quetidie

114 658 207 719 Aliam
223 657 343 716 nemine
362 655 553 726 Gedelenam,
582 655 719 713 unctione
746 653 800 711 elei
823 652 900 712 seori
953 669 1021 711 eum
1037 656 1182 713 oblatione
1197 656 1778 730 sacramentorum,seipsnmbestiamsl·

76 766 142 807 eum
160 750 245 822 signo
261 748 380 805 siuiliea
407 746 504 803 erucis
533 744 622 802 simili
652 743 790 802 recitatis
813 746 899 800 noete
951 751 1067 802 sentem
1081 746 1199 803 tibrlste
1212 746 1392 804 sacrificans.
1413 746 1492 807 liibil
1520 762 1586 804 sare
1600 746 1646 804 bis
1671 747 1778 805 diebus

76 839 212 897 absolvit.
952 837 1058 906 prater
1067 851 1171 907 panem
1187 843 1346 908 gustanset
1360 851 1479 908 aquam,
1490 834 1552 894 bae
1566 852 1683 909 queque
1711 838 1777 911 ipsa

111 928 170 983 Nee
186 926 285 983 minus
300 931 330 982 et
345 924 445 994 aliam,
456 941 521 997 qua
533 923 684 981 dicebatur
694 922 897 989 Goda,eedem
951 921 989 978 ad
1004 940 1172 983 mensuram
1189 927 1270 998 parui
1280 927 1417 999 ponderis
1432 926 1773 998 capiebatrmagisenlm

75 1016 281 1082 medicamine,
297 1015 400 1072 eadem
415 1013 655 1071 incommoditate
671 1010 814 1069 liberavit.
951 1010 1019 1068 fletu
1032 1028 1121 1084 quam
1136 1013 1201 1071 cibe
1216 1015 1404 1073 reiioiebatur
1419 1020 1570 1089 autpolus
1598 1016 1646 1077 eul
1660 1016 1775 1074 scilieet
1884 1020 1888 1027 '

111 1105 172 1162 Sub
187 1105 252 1177 ipso
268 1105 326 1161 iare
342 1107 472 1177 tempere
487 1101 700 1159 adolescentem
721 1118 738 1157 a
764 1102 896 1157 damone
950 1100 1086 1158 adDenm
1098 1104 1207 1161 lentem
1221 1103 1319 1161 rtvnm
1330 1103 1454 1171 sitienti,
1467 1103 1601 1179 lacryma
1616 1120 1676 1163 sua
1691 1113 1774 1162 amnt

73 1195 227 1251 obsessum
254 1193 395 1250 erationis
422 1191 806 1265 instantiapurgavit,eum
826 1206 895 1246 eum
949 1191 1151 1263 panasdleae
1175 1197 1278 1262 noete;
1308 1192 1427 1265 quiquie,
1452 1192 1645 1253 sieutinalio
1665 1194 1773 1269 iegitur
1893 1214 1897 1219 ·

72 1300 123 1356 per
133 1288 224 1339 tetam
240 1281 501 1355 Quadregeeimam
518 1296 621 1338 seeum
636 1279 823 1337 detinuisset.
948 1281 1073 1354 psalmo,
1092 1298 1129 1338 ne
1140 1281 1218 1339 Deus
1230 1283 1489 1356 superorationem
1500 1285 1566 1355 elus
1584 1284 1769 1351 irasceretur,

105 1374 146 1429 lla
165 1370 508 1443 villa,quaeceruiliaeua
518 1368 824 1443 appellatnr‚puellam
836 1369 893 1425 sibi
947 1386 1034 1441 quam
1044 1371 1184 1427 tundebat
1199 1388 1251 1444 pre
1263 1372 1381 1445 popule,
1402 1373 1517 1440 1⁸02,
1529 1372 1643 1429 cibabat
1653 1387 1684 1430 se
1695 1390 1771 1446 pana

69 1461 200 1528 allatam,
214 1478 277 1532 que
287 1462 351 1533 jam
360 1459 580 1533 quindecimum
592 1474 681 1532 agens
692 1457 893 1528 annum,oulle
945 1457 1152 1534 laerymarum,
1168 1465 1198 1518 et
1219 1469 1318 1534 potem
1340 1461 1397 1521 sibl
1425 1462 1515 1519 dabat
1528 1461 1559 1519 lo
1587 1460 1725 1537 lacrymis
1739 1463 1769 1519 in

70 1550 165 1609 adbuc
181 1566 324 1607 manuum
339 1550 484 1621 pedumve
505 1548 683 1621 fungebatur
695 1548 803 1615 oisseie,
829 1545 892 1605 oleo
946 1563 1087 1607 mansura
1101 1550 1186 1623 (Paul.
1203 1567 1297 1620 maer,
1311 1552 1351 1623 e).

68 1645 182 1696 sacrate
198 1644 280 1696 artua
295 1643 465 1711 perunctam
482 1639 617 1712 protinus
633 1639 818 1696 restauravit.
982 1638 1039 1695 Nee
1054 1638 1126 1695 satis
1138 1639 1252 1695 ducena
1269 1639 1475 1696 benetentum
1490 1639 1562 1696 dem
1577 1640 1682 1697 viveret
1697 1656 1768 1713 epe·

103 1731 196 1786 Simili
210 1730 360 1787 debilitate
372 1731 574 1786 damnatuma
589 1728 740 1785 nativitate
754 1745 888 1802 puerum,
903 1758 927 1825 B
944 1727 1013 1794 rori,
1029 1727 1117 1784 etiam
1142 1727 1220 1783 ultra
1245 1727 1345 1790 sitam.
1363 1728 1529 1785 sanctitatis
1554 1744 1612 1786 sue
1627 1730 1765 1787 meritum

65 1836 100 1875 ex
115 1819 183 1875 uilla
194 1837 282 1892 quem
292 1820 455 1877 lersiaeum
465 1819 749 1890 vocant,parmartta
757 1819 889 1891 presulis
944 1815 1081 1888 cogitavit
1092 1817 1257 1875 extendere.
1271 1816 1460 1874 considerata
1475 1817 1639 1892 inqualoei
1651 1825 1680 1875 et
1692 1822 1766 1877 tem·

63 1909 208 1965 Dominus
220 1910 378 1981 reparavit:
395 1923 481 1980 quam
492 1913 628 1980 parantes
638 1907 684 1964 sui
696 1908 795 1964 diviua
808 1924 889 1966 rasa·
941 1907 1256 1980 perieeppertnnitsts,
1267 1907 1296 1962 in
1314 1906 1587 1966 suburbioeiuitatis
1602 1926 1662 1966 eure
1676 1910 1763 1981 coepit
1859 1946 1862 1953 ·

61 1998 171 2055 lotione
188 2000 289 2057 idol
309 1999 462 2065 admoniti,
483 1998 519 2053 ed
537 2014 604 2054 eum
619 1996 800 2065 detulerunt,
814 2005 844 2055 et
858 2010 890 2057 ut
940 1995 1303 2053 edificaremenastarlum
1319 1996 1452 2069 example
1470 1997 1604 2054 uidelicet
1626 1999 1762 2056 beatissi-

60 2087 245 2145 clerioelibus
257 2087 515 2145 dicereturolllciis
522 2088 585 2159 jam
596 2092 731 2157 sanatus,
740 2103 798 2144 nen
810 2087 887 2144 dliii·
941 2088 981 2144 mi
999 2087 1130 2160 magistri
1141 2092 1169 2144 at
1179 2088 1403 2161 praedecessoris
1413 2089 1460 2144 sul
1471 2087 1585 2160 Licinii,
1596 2088 1625 2145 lo
1637 2106 1763 2162 queser-

61 2175 157 2232 eulter
171 2177 374 2233 obtinuerunt.
940 2176 1052 2233 vosllei
1066 2182 1175 2249 quante
1186 2187 1284 2251 posset
1298 2192 1422 2234 numere
1432 2181 1631 2251 congregaret,
1654 2180 1762 2253 qulbus

97 2264 213 2335 Mulier,
225 2265 344 2321 nemina
356 2266 444 2332 Lata,
461 2263 571 2321 arentis
590 2265 713 2321 nexura
727 2264 887 2323 infortunio
941 2271 970 2323 et
984 2267 1147 2323 necessaria
1160 2283 1195 2323 ex
1210 2267 1448 2339 possessionibus
1463 2267 1524 2324 suis
1535 2272 1564 2325 et
1585 2269 1761 2339 redditibus,

57 2355 157 2412 tristis
172 2355 330 2412 erat.Hnnc
345 2371 469 2427 quoqne,
483 2356 616 2413 inuocato
629 2355 677 2411 liei
693 2355 821 2426 nemine,
835 2370 887 2429 per
941 2357 975 2412 ad
992 2355 1199 2414 sufficientiam
1215 2355 1493 2430 salagessunensis
1505 2357 1764 2430 uitambnjeseor·

59 2447 158 2504 creeis
173 2446 310 2504 uirtutem
328 2445 513 2503 restauravit.
939 2446 1019 2517 peris
1034 2448 1134 2502 centra
1148 2449 1259 2502 nature
1274 2444 1366 2516 legem
1383 2450 1555 2518 perpetuare
1566 2462 1624 2504 nen
1637 2452 1761 2520 poterat,

93 2539 175 2593 Caco
190 2537 307 2592 cuidam
323 2535 467 2605 Carrulio,
480 2536 611 2592 oratione
626 2552 715 2607 snper
729 2552 797 2592 eum
807 2536 884 2605 fusa,
938 2534 1154 2591 successionem
1173 2533 1323 2607 religionis
1338 2550 1397 2591 suas
1412 2539 1479 2607 pest
1506 2551 1538 2592 se
1562 2535 1717 2608 victuram,
1729 2536 1761 2595 le

59 2625 205 2698 signoque
221 2628 315 2683 erucis
331 2626 425 2682 oculis
440 2626 504 2696 ejus
518 2625 674 2698 impresse,
689 2627 782 2685 ulsum
798 2626 885 2682 resti-
938 2622 1032 2679 ιιιιιΙΙι
1047 2623 1343 2696 saoulaprerogarat.
1359 2624 1540 2680 AEdillcatsm
1556 2623 1645 2698 igitur
1658 2625 1688 2682 ln
1705 2624 1759 2684 be·

58 2715 124 2770 tuit.
936 2728 1006 2768 nore
1020 2713 1111 2769 sancti
1120 2712 1269 2770 Saturnini
1286 2713 1434 2786 martyris,
1446 2713 1534 2785 primi
1547 2713 1659 2772 seilicet
1672 2714 1759 2773 'l'elo-

91 2801 244 2859 Mulierem
256 2803 540 2871 Marciam,diulinis
552 2804 682 2860 febribus
695 2808 882 2877 maceratam,
935 2801 1488 2875 ⁸⁸11oeurbisepiseopi‚nluutepictii,
1517 2802 1758 2874 teuloeism,nee
1849 2846 1853 2851 -

56 2891 131 2948 sacri
148 2892 204 2949 elei
222 2893 360 2949 unctione
375 2893 500 2959 sanauit,
935 2891 1031 2948 selum
1046 2892 1134 2948 rebus
1150 2896 1178 2949 et
1192 2891 1428 2965 possessionibus
1442 2893 1558 2964 copiose
1571 2893 1685 2961 ditavit,
1705 2895 1758 2953 aad

95 2980 233 3037 Geminas
248 2997 372 3049 sereres,
390 2998 447 3038 neu
462 2981 567 3038 bamili
582 2982 744 3054 ertastoco,
756 2999 881 3054 quarum
934 2981 1147 3037 etiamsummo
1159 2981 1263 3037 decere
1277 2984 1308 3037 el
1321 2980 1466 3049 elegantia
1479 2981 1659 3040 intrinsecus
1669 2988 1756 3040 etex·

58 3069 493 3138 uneNectaria,lbeedeebildis
507 3071 880 3140 alteraveesbatnr,ntrae-
936 3068 1083 3124 trinsecus
1098 3069 1214 3124 studuit
1228 3084 1378 3135 exornem,
1394 3073 1427 3124 nt
1451 3073 1518 3142 apte
1542 3075 1641 3142 posset
1661 3071 1758 3128 dicere

57 3175 115 3231 que
130 3161 256 3216 cecitate
271 3160 438 3228 demontus,
453 3159 596 3215 erationis
609 3175 663 3231 ope
677 3165 706 3216 et
720 3160 775 3216 olel
791 3161 880 3217 medi·
897 3127 920 3195 c
937 3173 1004 3212 cum
1021 3156 1184 3228 Propheta:
1200 3178 1216 3207 a
1232 3156 1365 3224 Domine,
1384 3156 1472 3214 dilexi
1501 3159 1635 3216 decerem
1651 3159 1758 3217 domus

57 3249 172 3304 camina
186 3267 245 3306 uuo
260 3252 409 3306 momente
420 3247 639 3320 ambaspsriter
649 3247 881 3307 luminareddite
933 3251 999 3316 tuse,
1015 3250 1044 3301 et
1057 3244 1154 3301 lecum
1180 3244 1371 3301 habitationis
1400 3244 1497 3318 gloria
1512 3250 1569 3302 tea
1584 3248 1670 3320 (Paul.
1687 3265 1754 3316 axv,

55 3337 233 3395 clarificavit.
931 3336 971 3407 8).
988 3357 1003 3385 »
1017 3334 1168 3407 Siquidem
1184 3334 1337 3391 interiores
1352 3334 1458 3393 demus
1472 3337 1599 3409 parietes
1608 3336 1755 3396 alternan-

90 3426 141 3483 ilis
156 3428 266 3485 nemim
292 3426 480 3498 breviterque
507 3426 682 3498 perstrictis,
711 3443 880 3501 paucaque
930 3426 1012 3481 tibus
1027 3422 1130 3495 spatiis
1146 3423 1256 3480 musivo
1283 3423 1399 3481 vestivit
1418 3431 1447 3481 et
1465 3440 1569 3499 gypso,
1584 3426 1686 3486 leenae
1700 3427 1752 3486 bs·

53 3521 173 3588 restent,
190 3535 243 3574 suo
259 3517 332 3588 lece,
349 3516 436 3590 paule
452 3516 542 3572 latius
568 3531 777 3590 exsequemur,
793 3532 831 3573 ne
853 3528 878 3573 ei
931 3513 1070 3570 bentibus
1085 3513 1258 3585 depectaaet
1273 3512 1369 3571 fleres.
1393 3514 1485 3586 Culus
1501 3514 1618 3572 mirillel
1647 3518 1755 3590 operis,

54 3609 193 3664 narrandi
205 3607 404 3674 uniformitas,
415 3606 492 3679 qued
507 3606 543 3662 de
558 3605 778 3679 prolongatione
792 3621 879 3678 eups—
930 3603 1019 3659 etlam
1035 3607 1103 3676 pest
1113 3605 1156 3659 tot
1166 3601 1278 3670 ruinas,
1288 3618 1381 3675 nsque
1393 3604 1428 3659 ad
1443 3608 1544 3661 nestra
1558 3609 1690 3680 tempera
1703 3622 1754 3664 ee-

53 3694 116 3752 rins
131 3696 320 3764 timebamus,
336 3696 456 3751 taedium
468 3694 579 3767 gignat.
931 3692 1018 3765 eligia
1030 3695 1202 3765 permanent
1215 3689 1245 3747 iu
1257 3705 1301 3760 ea,
1317 3707 1351 3748 ex
1367 3692 1475 3764 quibus
1486 3694 1640 3753 manifesta
1654 3694 1753 3771 colligi

89 3786 145 3842 Sed
161 3786 238 3842 inter
251 3785 312 3842 baec
328 3791 387 3841 tom
405 3784 507 3840 crebra
519 3788 639 3856 tamque
654 3785 810 3857 magnilica
825 3785 879 3841 ml·
930 3781 1025 3855 pessit
1040 3785 1151 3854 quanta
1166 3781 1234 3838 noui
1247 3780 1343 3855 operis
1356 3787 1495 3840 venustas
1505 3784 1754 3859 exstiteritenlue

54 3877 221 3933 raculerum
237 3876 375 3948 insignia,
391 3877 435 3932 uir
448 3880 567 3932 sanctos
582 3879 662 3931 tanta
678 3876 879 3933 sementinae
931 3875 1073 3944 appareat
1085 3874 1215 3927 uetustas
1230 3870 1294 3943 ipsa
1307 3869 1461 3929 mirabills.
1473 3874 1587 3932 lltvere
1605 3875 1751 3935 extrinse-

54 3968 185 4038 cerperls
196 3964 360 4021 bumilitate
375 3961 693 4030 substravit,utnullns
707 3964 743 4019 ad
759 3964 878 4020 sevani·
930 3977 983 4017 cus
998 3961 1088 4017 erdem
1100 3963 1192 4016 totam
1204 3958 1366 4032 porticibus
1376 3960 1492 4017 uallauit
1502 3965 1752 4036 atqoeeelumnis,

54 4056 134 4122 tatis,
153 4053 253 4109 nullus
267 4049 440 4109 extollentia
460 4054 573 4122 pateret
598 4050 758 4123 ingressus.
776 4051 877 4110 Cilicio
929 4051 1092 4122 domosque
1107 4048 1266 4106 construxit
1293 4047 1397 4106 usibus
1412 4049 1535 4108 flatrum
1566 4068 1752 4111 communem

53 4151 145 4200 tectus
157 4139 877 4214 assidue,inedinvigiliiequeconieetus,pauperis
928 4139 1018 4195 uitam
1035 4139 1203 4212 degentium
1221 4137 1753 4214 necessarias,sedetallassnaclpien·

52 4238 80 4290 et
95 4231 221 4289 delentis
238 4230 372 4287 habitum
385 4229 571 4303 preferebat:
588 4228 756 4302 quippaqni
766 4228 877 4287 alienas
929 4225 1438 4300 dieaptoshospitibus,inllrmieque
1447 4229 1612 4286 recreandis
1621 4231 1752 4299 idoneas,

52 4322 81 4377 in
99 4339 129 4379 se
149 4338 200 4394 per
213 4320 448 4392 compassionem
460 4316 563 4391 culpas
592 4318 772 4376 transierens
787 4323 877 4393 atque
929 4323 961 4373 ut
975 4317 1048 4374 nibli
1065 4316 1237 4389 prebaretur
1249 4317 1284 4372 ad
1301 4317 1385 4372 bena
1400 4315 1525 4373 notionis
1553 4318 1753 4376 ministerium

55 4412 201 4478 miserias,
216 4411 347 4482 seipsum
365 4409 488 4465 Domine
504 4424 556 4480 pre
570 4406 689 4465 eraditis
703 4407 758 4465 sibi
773 4410 876 4468 ouibus
929 4406 1068 4463 doluisse.
1084 4404 1228 4462 Omnibus
1243 4405 1333 4478 igliur
1347 4403 1385 4461 ud
1398 4409 1498 4461 votum
1511 4407 1657 4479 perlectis,
1668 4424 1753 4465 eum·

52 4503 237 4574 opponebat3
255 4515 308 4555 nec
323 4498 433 4554 balsana
453 4496 501 4554 bie
526 4501 693 4553 manentem
715 4498 872 4567 ciuitatem,
887 4487 911 4553 ii
927 4495 1101 4553 demlecum
1118 4494 1293 4551 familiarius
1303 4494 1538 4567 empltlncolere,
1549 4498 1752 4569 utpotesecre·

52 4590 123 4646 tetis
138 4591 249 4646 uiribus
265 4588 434 4661 inquirebat
454 4587 594 4643 loturam.
616 4585 694 4642 Nihil
718 4589 827 4644 etenim
843 4606 875 4647 se
928 4586 968 4643 tls
979 4585 1161 4657 orativribus
1176 4584 1428 4655 magisldeueum,
1440 4585 1753 4658 exercendisqueeirea

47 4680 188 4753 judicans
198 4678 387 4752 promovisse,
405 4677 475 4731 dum
490 4680 614 4732 restaret
627 4675 735 4744 alicuid
752 4693 874 4749 preme·
929 4691 1073 4749 pauperes
1084 4672 1290 4730 misericordia
1305 4673 1442 4746 operibus
1457 4674 1601 4747 aptiorem
1616 4690 1624 4731 ι
1642 4692 1707 4733 nam
1722 4682 1752 4735 et

51 4770 192 4836 vandum,
208 4769 291 4824 nevis
312 4782 428 4837 semper
454 4764 590 4821 studebat
615 4766 791 4837 augmentis,
810 4784 874 4839 qua
929 4765 1037 4822 ibidem
1048 4762 1274 4828 uitamiinire‚et
1287 4778 1407 4836 corpere
1418 4780 1542 4835 pausere
1558 4766 1754 4840 pestebitum,

55 4858 174 4929 uiridem
187 4863 264 4913 retro
279 4859 360 4918 sunt,
377 4853 454 4911 sicut
468 4852 540 4909 dicit
558 4851 725 4924 Apostolus,
754 4855 874 4913 obliuis-
930 4854 1008 4910 sient
1022 4858 1051 4910 et
1066 4853 1194 4925 contigit,
1210 4851 1414 4909 destinaverat.
1435 4856 1509 4926 Ergo
1524 4858 1553 4911 et
1563 4855 1603 4912 ibi
1624 4872 1691 4914 aum
1706 4858 1753 4917 dl-

55 4962 136 5014 cens,
152 4950 181 5000 et
195 4945 224 5000 io
239 4943 383 4999 anteriora
412 4941 605 5011 semetipsum
621 4941 779 4998 extendeus
795 4943 875 5016 (Pti-
928 4943 996 5000 uiua
1016 4942 1110 5015 gratia
1128 4941 1289 4999 clariileare
1313 4956 1372 4998 nen
1400 4941 1524 5011 destitit,
1552 4948 1586 5001 nt
1600 4944 1703 5017 sltem,
1724 4952 1754 5005 et

54 5035 125 5105 lippe.
142 5050 185 5100 m,
202 5033 255 5103 13).
273 5032 305 5086 ln
321 5031 384 5087 dies
400 5045 468 5102 erge
484 5027 647 5099 proficiens,
663 5033 692 5085 ot
715 5031 812 5104 seipse
827 5049 874 5090 so·
930 5035 1054 5088 mertem
1083 5031 1176 5088 saneti
1202 5031 1248 5087 sui
1272 5028 1423 5087 miraculis
1448 5032 1615 5091 estenderet
1645 5036 1751 5109 pretio·

54 5123 180 5188 bustier,
195 5120 355 5193 largitatis,
371 5117 556 5185 humilitatis,
574 5116 754 5176 abstinentie
770 5125 800 5178 ot
814 5122 873 5195 pie·
929 5136 1004 5178 sam.

53 5213 123 5267 tatis
136 5227 195 5266 sue
208 5207 461 5272 cousuetudinem,
477 5205 620 5278 reparatis
632 5222 748 5281 semper
759 5210 874 5268 nisibus
965 5209 1095 5282 Denique
1105 5207 1333 5267 'l'beudebaidos
1343 5209 1476 5282 quidam,
1485 5215 1751 5291 prepetausetllln.

52 5300 223 5371 ampliabat,
255 5313 368 5353 memor
392 5296 505 5352 seilicet
532 5297 699 5370 Scriptura,
729 5298 872 5358 dicentis:
928 5301 997 5357 stris
1014 5315 1148 5372 persona,
1165 5299 1202 5355 ad
1215 5315 1283 5356 eum
1299 5298 1423 5373 supplex
1441 5302 1576 5371 accessit,
1593 5304 1751 5363 obsecrans

53 5412 68 5441 a
86 5389 154 5445 Cum
169 5385 415 5444 consummaverit
443 5385 541 5455 hemo,
556 5392 627 5443 tune
652 5387 755 5460 incipit
769 5388 869 5460 (decli.
928 5405 994 5446 eum
1011 5388 1078 5444 netu
1091 5392 1121 5444 et
1135 5388 1256 5461 gemitu,
1273 5392 1305 5444 ut
1319 5388 1385 5445 uiis
1407 5405 1468 5446 sna
1497 5408 1559 5463 qua
1575 5407 1591 5446 a
1607 5391 1750 5452 demonio

49 5495 130 5545 xvru,
149 5479 188 5550 d).
207 5500 217 5526 ι
248 5476 302 5531 Sed
318 5491 385 5531 eum
408 5472 522 5530 nullum
538 5477 656 5547 tempus
671 5475 726 5531 sibi
740 5493 757 5533 a
772 5482 873 5535 saneto
926 5478 1096 5545 vexabatur,
1114 5482 1252 5550 praestare
1267 5476 1437 5550 dignaretur
1448 5480 1705 5537 remediumlism
1720 5488 1750 5539 et

47 5569 149 5626 lubere
164 5566 333 5634 remitteret,
349 5564 475 5621 manime
489 5567 587 5620 tamen
601 5580 690 5622 sacres
700 5566 872 5640 Ouedrage-
927 5566 1025 5637 multi,
1042 5567 1147 5640 inquit,
1163 5567 1323 5640 beeipsum
1339 5567 1448 5625 frustra
1463 5570 1572 5641 experti
1588 5573 1676 5637 eunt;
1692 5569 1748 5627 tibl
