3802 6030
642 242 692 306 DE
713 242 905 308 erasinus
927 244 1001 309 SEX
1022 246 1196 315 lllllRUid.
1222 276 1224 281 ·

80 384 1773 417 Μ

492 508 533 572 tu
555 507 781 584 saudauma
803 484 1133 579 oaautuu'ennva
1155 508 1349 581 uouttuu.

109 674 174 733 lloc
190 687 313 752 poema,
330 669 411 731 sicut
427 677 457 732 et
472 670 564 750 plura
579 670 641 734 alis
656 671 882 755 subsequentia
896 693 967 756 quas
983 677 1059 738 locis
1073 678 1333 740 convenientibus
1345 676 1593 759 designabimus,
1611 696 1649 741 ex
1667 698 1774 743 munu-
1889 680 1892 687 '

67 753 185 830 scripto
204 752 312 812 codice
327 752 570 830 quingentorum
587 753 710 814 circiter
724 772 879 816 annorum
896 759 1046 818 eruimus.
1063 761 1091 818 ls
1106 767 1211 819 autem
1237 762 1335 820 codex
1360 777 1377 820 e
1411 760 1602 820 bibliotheca
1635 764 1774 838 percele-

65 832 130 892 bris
145 832 280 892 abbatius
297 835 402 892 Sancti
418 834 548 893 amandi
573 834 604 893 in
621 835 740 894 Pabula
766 854 820 896 seu
851 839 1044 911 dinanensis,
1063 842 1232 900 translatos
1247 847 1294 900 est
1322 841 1353 900 iu
1380 839 1601 901 bibliothecam
1628 841 1772 920 Regiam,

65 916 118 972 ubi
135 931 217 973 nutrc
244 920 346 972 aastal
370 914 427 972 sub
443 932 529 973 num.
544 913 613 987 atr,
631 932 766 992 eumque
782 918 927 994 praeierat
942 919 1056 978 diserto
1078 938 1191 980 nomen
1208 920 1392 992 Hildeberti,
1409 922 1483 997 quin
1499 922 1636 998 genuina
1651 924 1690 981 ait
1704 921 1773 1001 ejus

63 994 243 1054 lucubratio
271 994 377 1053 nullus
400 994 604 1055 videturesse
619 996 800 1074 ambigendi
817 1000 912 1059 locus.
930 999 988 1059 llla
1002 1009 1107 1060 nutem
1132 1006 1276 1079 poemata
1291 1019 1328 1062 eo
1342 1001 1489 1061 libentius
1522 1002 1608 1079 prelo
1639 1004 1773 1063 commi·

62 1075 172 1144 simus,
189 1092 253 1153 quo
270 1093 372 1134 rerum
390 1075 529 1135 omnium
546 1077 640 1135 etiam
657 1078 877 1154 temporalium
895 1087 926 1139 et
940 1080 1184 1141 inanimatorum
1201 1081 1391 1143 creationem
1414 1081 1455 1141 ad
1470 1100 1578 1143 sensus
1592 1083 1771 1160 spirituales

62 1165 94 1214 et
110 1162 246 1216 morales
271 1173 328 1233 pro
345 1173 430 1215 more
444 1175 502 1216 suo
516 1155 662 1217 subtilius
677 1163 708 1218 et
722 1157 915 1236 ingeniosius
931 1160 1026 1221 trabit
1042 1167 1073 1222 et
1088 1162 1230 1240 adaptat.

179 1451 235 1520 ‘⁴⁷'
285 1475 906 1609 HILDEBERTUS
960 1478 1647 1612 CENOMANENSIS
1856 1600 1861 1607 .

401 1887 819 2012 tsslPElllBUS
868 1887 1029 2012 SEX
1078 1888 1428 2012 btutttlttt.

829 2108 905 2183 (Gen.
921 2111 995 2183 Ι-ΙΙ.)

310 2362 413 2420 md
439 2376 504 2419 otas
520 2376 636 2419 narnus.
901 2367 929 2434 Α
945 2361 992 2418 ttst
1008 2363 1076 2418 data
1091 2361 1136 2418 lex
1151 2361 1338 2436 hominl,qua
1354 2361 1519 2435 spiritualia
1534 2361 1631 2418 carnis

61 2451 256 2526 Omnipotens
271 2453 301 2508 in
319 2454 461 2527 principle
486 2453 649 2524 coelumque
677 2449 833 2525 solumque
976 2451 1058 2507 Sicut
1076 2468 1168 2524 aquas
1182 2454 1217 2508 ab
1234 2453 1330 2523 aquis,
1342 2451 1447 2508 dividit
1462 2470 1477 2507 a
1493 2450 1583 2508 vitiis.

96 2542 176 2598 Fecit
191 2562 198 2611 ;
215 2542 391 2614 principium
407 2544 471 2614 ejus
496 2541 586 2599 Filius
599 2544 671 2598 arat.
1242 2575 1306 2615 Μ,
1329 2575 1459 2616 mnus·

61 2631 144 2688 Fecit
161 2633 189 2687 in
207 2633 259 2687 boc
275 2630 442 2702 etalum‚nui
454 2630 553 2688 coeliea
570 2636 668 2688 mente
685 2632 850 2703 requirunt,

92 2727 129 2778 ttt
151 2729 267 2791 terrum,
281 2723 505 2777 nimiumterrea
522 2723 571 2794 qui
589 2722 724 2794 cupiunt.

55 2811 207 2867 Tellurem
224 2826 345 2866 vatnam
362 2810 510 2883 Scriptura
531 2809 618 2867 refert
646 2814 675 2867 at
690 2809 807 2867 inanem
824 2824 832 2869 ε

98 2899 146 2956 Sto
160 2901 242 2955 vacui
259 2898 334 2955 liunt
345 2905 438 2955 terrea
454 2901 504 2971 qui
520 2900 655 2971 copiunt.

65 2989 133 3054 Qua
146 2989 246 3044 densis
261 2988 390 3045 tenebris
405 2989 544 3060 adoperta
560 2989 683 3044 retertur
696 2989 832 3062 abyssus,

96 3076 210 3134 Peccati
223 3080 352 3133 tenebris
369 3078 468 3133 nubila
484 3077 572 3133 corda
589 3083 680 3135 notat.

63 3166 115 3222 llle
128 3166 275 3222 terebatur
290 3182 378 3236 super
394 3167 489 3222 nodus
505 3166 626 3237 spiritus
642 3167 760 3237 almus3

98 3256 171 3311 Nam
187 3257 285 3311 lirmat
301 3265 425 3323 mente2,
438 3256 624 3328 vivillcntqae
639 3272 738 3327 vagus.

63 3344 176 3416 Hisque
192 3346 346 3400 notabatur
362 3347 458 3400 verbis
476 3345 621 3418 baptisma
638 3344 714 3416 quod
731 3343 794 3415 ipse

98 3435 634 3506 Sacraturuserattemporibuslldei.

60 3524 95 3580 itt
110 3519 183 3580 dixit
200 3523 339 3580 Dominus
355 3541 361 3580 ε
380 3528 441 3579 Fiat
454 3524 652 3596 lux,laetaqas
668 3523 717 3580 lux
733 3530 795 3580 est:

97 3614 170 3669 Num
188 3615 336 3686 baptisma
351 3631 465 3669 sacrum
479 3615 528 3669 lux
546 3613 611 3669 lidci
626 3614 769 3686 sequitur.

56 3707 191 3775 iureque
203 3703 299 3776 prima
314 3705 399 3759 iidem
417 3702 465 3758 lux
481 3703 598 3774 signat:
620 3718 685 3757 nam
704 3703 783 3773 prior
799 3699 849 3758 llla
900 3737 923 3801 B
939 3755 960 3809 v

96 3795 198 3849 Virtus
209 3798 254 3848 est
265 3792 345 3848 omni
369 3793 509 3865 quivcnit
524 3792 558 3847 ad
575 3791 745 3847 Dominum.
939 3793 947 3811 ¹

55 3886 127 3939 Post
142 3882 203 3938 baea
215 3881 314 3937 divisit
329 3883 465 3936 tenebras
475 3879 628 3952 lucemque
644 3878 770 3949 Creator,

96 3978 131 4029 Et
146 3970 273 4028 tenebras
290 3984 346 4026 nox
357 3975 411 4036 est,
428 3969 537 4041 luxque
551 3975 652 4025 vocata
666 3969 740 4024 dies.

57 4065 115 4118 Per
128 4062 264 4118 tenebras
281 4076 397 4131 pravos,
415 4075 466 4130 per
481 4059 574 4113 lucem
588 4057 707 4129 concipe
719 4055 827 4127 justos,

95 4149 220 4207 Praescia
235 4147 333 4204 divisit
347 4165 421 4220 quos
435 4151 548 4203 meritis
563 4145 672 4202 Deitas.
1179 4130 1287 4185 ΗΠ)
1302 4144 1365 4184 ⁰¹⁸⁸
1381 4143 1516 4191 QUARTUS

356 4255 416 4294 ores
436 4253 597 4294 seruantis.
935 4242 1043 4307 Quarta
1058 4241 1123 4297 tuce
1138 4241 1216 4297 Deos
1232 4240 1298 4295 lecit
1314 4238 1373 4294 duo
1388 4237 1500 4293 lumina
1516 4253 1633 4309 magna,

57 4329 132 4386 Hinc
149 4329 382 4393 llrntamsntum,
394 4328 471 4399 qnod
488 4326 550 4382 luce
566 4328 705 4397 sequente
720 4329 847 4395 creatur,
972 4330 1101 4403 Perquae
1116 4332 1272 4403 signantur
1286 4328 1422 4384 Christus
1438 4332 1467 4382 el
1482 4325 1624 4381 Ecclesia.

93 4419 200 4473 Dicunt
211 4416 390 4487 Scriptorum
409 4416 576 4486 signillcore
587 4431 713 4482 sacram,
936 4420 968 4475 lo
982 4420 1165 4475 llrmamento
1178 4419 1333 4488 Scriptura
1349 4414 1400 4485 qai
1420 4416 1579 4469 renitentes

57 4511 124 4573 Qua
137 4517 199 4579 post
216 4505 398 4577 baptismum
416 4505 481 4559 ndei
495 4505 649 4575 splendere
664 4505 789 4560 nitentes
972 4510 1097 4566 Maxima
1110 4509 1240 4565 credenti
1257 4507 1373 4562 lumina
1384 4506 1455 4560 dant
1471 4502 1578 4576 populo
1593 4518 1600 4558 t

94 4596 290 4662 Conllrmuns,
315 4595 409 4649 hostis
442 4594 539 4650 munit
563 4596 600 4649 ab
627 4594 755 4662 insidiis,
936 4600 970 4655 ttt
986 4599 1063 4655 velut
1077 4598 1206 4654 illustrat
1220 4593 1336 4667 proprio
1348 4592 1389 4650 sol
1408 4592 1520 4648 lumine
1536 4594 1649 4659 lunam,

52 4688 126 4744 Hinc
142 4685 240 4741 divisit
255 4700 347 4755 aquas
367 4685 403 4738 ab
420 4687 504 4754 aquis
520 4683 609 4751 Dens,
640 4683 720 4740 inter
741 4688 882 4756 utrasque
973 4688 1048 4743 bueo
1062 4703 1117 4742 sua
1131 4685 1265 4740 Christus
1276 4683 1318 4740 sio
1334 4682 1427 4755 replet
1438 4680 1618 4749 Ecclesiam.

90 4774 150 4831 Hoc
166 4776 383 4828 firmamentum
400 4771 582 4827 constituens
598 4772 738 4828 madium.
936 4777 1077 4847 Lunaque
1088 4780 1247 4829 nocturnas
1258 4778 1291 4827 ut
1302 4771 1457 4844 pellitloce
1473 4770 1618 4837 tenebras,

52 4861 881 4937 llasperaquasbominumgenasangalicumqucuotalur,
970 4864 999 4920 Si
1016 4863 1152 4919 tenebras
1169 4865 1285 4917 nostras
1314 4861 1424 4927 ellupat
1440 4859 1577 4917 Ecclesia.

90 4953 218 5012 bivisum
236 4951 356 5020 rneritis,
373 4951 550 5020 conditione,
566 4949 656 5019 locis;
936 4955 966 5010 lo
983 4953 1167 5008 firmamento
1184 4949 1287 5006 stellas
1298 4949 1428 5023 intellige
1438 4951 1537 5023 justos
1548 4947 1603 5022 [rel
1618 4944 1759 5021 sanatos],

50 5046 82 5102 ln
104 5042 196 5099 medio
214 5056 338 5113 quorum
356 5039 508 5111 Scriptura
519 5047 629 5095 sacrata
645 5037 741 5095 locata
970 5041 1024 5107 Oui
1041 5041 1197 5112 Scripturas
1213 5039 1458 5112 occentansque
1474 5047 1574 5098 nostro
1592 5044 1704 5119 lugeat.

87 5132 177 5189 Nobis
195 5131 357 5202 protertur,
375 5127 588 5200 spiritibusque
604 5128 707 5184 subest
724 5143 731 5183 ε
891 5114 963 5187 Cet
974 5135 1046 5188 bene
1062 5134 1139 5186 tarra
1155 5131 1236 5202 prius
1251 5145 1318 5184 cum
1335 5127 1423 5201 lignis
1439 5129 1560 5200 protulit
1580 5131 1699 5207 herbas,

49 5224 126 5282 Nam
143 5219 188 5275 lex
206 5218 313 5273 divinis
325 5233 380 5272 non
394 5216 593 5289 estdescripta
606 5216 749 5273 ministris
766 5215 881 5291 [s'.e.aa-
970 5224 1074 5277 Postea
1084 5219 1231 5275 fulserunt
1245 5217 1358 5274 lumina
1374 5216 1454 5274 alara
1469 5223 1558 5292 polo;

774 5304 879 5380 [galis]
934 5310 1006 5366 Nam
1022 5315 1092 5364 tunc
1107 5308 1233 5381 quisque
1248 5306 1322 5363 altat
1335 5307 1479 5364 virtutum
1494 5308 1557 5367 luce
1573 5308 1682 5380 tidelis,

88 5401 143 5470 Qui
161 5399 243 5474 plana
261 5397 384 5454 cernunt
398 5394 496 5454 littera
517 5399 595 5468 quod
610 5395 715 5469 tetigit.
966 5396 1096 5466 Quodvis
1111 5395 1292 5451 laudandum
1305 5412 1373 5452 eum
1390 5396 1472 5468 prius
1487 5399 1545 5469 agit
1558 5415 1644 5471 opas,

89 5517 147 5593 (tt)
162 5518 206 5572 lta
221 5513 359 5587 prolatas
373 5513 464 5577 codex
479 5513 542 5570 siue
557 5512 589 5575 tt.

939 2675 1037 2732 'lertio
1052 2674 1101 2734 lux
1122 2677 1232 2744 aderat,
1248 2692 1313 2732 cum
1331 2677 1438 2733 humor
1461 2676 1601 2733 counnxit
1613 2676 1640 2731 in
1657 2688 1763 2742 unum,

977 2780 1019 2834 Fit
1034 2791 1114 2833 mars
1131 2793 1139 2842 3
1155 2790 1219 2848 qua
1235 2773 1321 2830 latuit
1337 2774 1419 2829 arido
1434 2774 1476 2829 sic
1492 2773 1599 2846 patuit.

939 2872 1101 2925 ventosum
1118 2881 1221 2936 pravos
1239 2880 1318 2921 mara
1333 2864 1439 2936 signat,
1449 2869 1477 2918 et
1491 2863 1574 2919 arida
1585 2863 1691 2933 justos,

974 2958 1029 3022 Qut
1045 2955 1135 3011 donec
1152 2952 1411 3024 vivunt.justitiam
1426 2951 1541 3008 sitiunt.

940 3046 1012 3101 llinc
1027 3043 1148 3098 barbam
1163 3042 1491 3111 viridem,lrnctun1qne
1508 3040 1628 3097 terentia
1643 3038 1725 3112 ligna

974 3133 1198 3201 Doctores,quos
1215 3146 1272 3184 oon
1291 3129 1423 3200 [rangere
1446 3129 1519 3183 dura
1534 3132 1656 3199 queunt.

939 3225 1005 3276 ila-o
1021 3236 1088 3277 cum
1105 3217 1269 3273 seminibus
1285 3217 1445 3288 producere
1458 3221 1535 3271 terra
1546 3216 1668 3286 jubetur

976 3311 1044 3376 Quae
1055 3312 1124 3363 suot
1139 3307 1224 3362 verba
1238 3306 1437 3378 balteumque
1449 3305 1581 3376 justitia.

936 3384 1007 3466 'Qus
1022 3401 1072 3472 qul
1089 3401 1185 3454 manle
1200 3402 1341 3464 tenent,et
1360 3397 1500 3452 iratribus
1516 3395 1565 3451 ills
1581 3396 1762 3467 ministrant,

975 3489 1091 3544 Semina
1104 3487 1270 3560 producunt
1286 3486 1338 3541 boo
1353 3501 1446 3557 genus
1458 3486 1508 3542 illa
1519 3501 1618 3541 suum.

938 3578 1027 3635 Arida
1042 3577 1120 3633 diota
1136 3577 1217 3647 prius
1231 3577 1276 3630 est
1296 3580 1397 3647 postea
1408 3579 1484 3629 tarra
1497 3580 1598 3631 vocata
1615 3592 1622 3642 ;

975 3666 1020 3721 Sic
1034 3682 1086 3721 uos
1102 3663 1208 3719 amotis
1236 3667 1313 3719 terra
1340 3679 1479 3719 vocamur
1496 3663 1598 3734 aquis:

964 3772 1009 3810 um
1023 3771 1075 3810 nos
1090 3771 1105 3809 a
1124 3753 1200 3809 vitiis
1223 3768 1275 3824 per
1289 3768 1430 3824 tttpuarum
1452 3750 1530 3807 lluxa
1545 3751 1653 3809 notatis

971 3845 1001 3900 st
1017 3845 1220 3915 sejungamur,
1236 3847 1314 3897 tarra
1331 3843 1411 3897 l'orax
1425 3842 1545 3897 erimus.

935 3934 1102 3990 staunton
1119 3934 1244 3988 tructam
1262 3931 1420 3987 reddemus
1436 3930 1674 4003 multiplicatum,

969 4024 1096 4080 lustitia
1111 4022 1311 4094 splendens,et
1326 4020 1444 4093 pietatis
1459 4037 1545 4092 opus.
