3802 6030
143 175 222 242 tout
630 170 723 237 VEN.
749 167 983 233 ultuauuttlu
1004 167 1200 233 canonia.
1224 169 1341 232 EPlSG.
1769 167 1853 245 imi

143 312 176 372 tlt
191 290 267 370 ntea
281 312 344 368 tiles
358 311 432 366 odiis
446 323 576 372 neruosa,
599 322 667 378 quus
678 305 734 362 lam
760 304 835 362 reiut
856 302 964 362 iaculis
978 306 1006 373 Λ
1022 318 1084 361 rum
1100 302 1186 361 simili
1202 303 1349 376 provoottli
1365 303 1477 361 insania
1497 302 1532 372 ⁸⁸,
1557 300 1693 360 veridicis
1715 301 1854 359 assertio·

144 404 174 460 in
192 405 328 475 hospitoni
346 404 460 469 tnporol
479 400 616 465 anitnnm,
639 396 742 469 quibus
771 396 831 466 ipsa
855 411 967 468 quoquo
1021 394 1106 451 nitius
1119 393 1143 431 ⁸⁹
1158 411 1245 465 poene
1262 410 1438 467 nonunquam
1452 402 1597 452 tacuerunt
1610 391 1625 451 i
1639 390 1775 463 Nunquid
1790 406 1854 449 nott

143 494 242 550 eodo-n
254 490 409 554 conculcat,
426 494 453 544 ol
468 496 602 543 coustant
625 487 768 542 inccndio.
785 485 909 541 Scnlinae
926 486 966 541 te·
1021 484 1122 541 recolis·
1139 484 1214 542 idem
1231 494 1258 542 te
1271 492 1443 554 attestatum,
1460 499 1524 541 oum
1540 483 1651 540 ntieolee
1666 488 1768 539 tuotlts
1788 480 1853 539 uti·

145 590 232 636 torem
247 581 293 635 vir
316 585 363 633 sttl
388 592 533 646 nunqnam
560 576 638 632 natis
661 573 834 647 gubernator
856 577 966 639 stellet.
1021 573 1116 644 piuem
1132 575 1286 645 suppositis
1301 575 1468 630 decantores
1484 570 1661 631 versiculis?

145 670 240 725 tniaus
254 680 295 721 ost
309 668 443 724 nlieclnnt
456 664 492 733 ⁵⁷,
508 682 564 736 qao
579 681 681 720 sumno
708 663 789 733 pient
803 672 845 719 est
866 679 966 732 corpo·
1021 650 1215 737 complacent
1232 665 1312 721 ctrni
1330 666 1403 736 quod
1421 665 1588 731 titillentur,
1604 671 1738 733 ornetque

144 758 183 814 ris
200 759 339 817 nnnouln.
354 758 389 810 nd
409 766 514 811 rectum
532 755 663 824 spiritum
675 754 794 809 minimo
808 752 966 823 pervenire.
1022 754 1080 810 iioo
1093 771 1196 810 nntmer
1207 754 1324 825 substinui
1336 769 1386 821 nn,
1398 762 1491 810 ltttnen
1507 752 1601 810 stent
1616 764 1645 807 ut
1661 748 1810 809 diuturnis

144 863 199 916 uun
217 862 344 913 perusus
361 848 421 913 ipsc
442 857 497 900 lattt
514 846 667 900 cartntltttn
694 846 790 899 curnis
815 845 966 907 muripetn·
1022 843 1119 901 Fracta
1136 845 1227 907 taulis.
1245 846 1329 900 vitam
1347 831 1478 911 tnuittnt',
1494 844 1608 900 nintiect
1622 858 1725 899 annos.

143 937 340 1006 luritnperits,
358 944 526 997 ulnertnnt
553 932 772 988 vivificationem
801 933 968 1004 impugnare
1021 932 1306 1000 iinittnttirosettri,
1331 933 1545 1004 quansetins.
1575 946 1660 1000 attnu
1683 946 1822 1002 supreme

145 1042 280 1097 magnum
299 1034 377 1095 putet
391 1022 570 1093 obseratum,
581 1023 627 1078 cui
640 1026 730 1077 rlrerc
742 1037 876 1081 tnauttnm
890 1030 967 1091 putat
1023 1022 1113 1080 ilinrte
1127 1024 1197 1094 rnpi,
1213 1040 1248 1095 qu
1259 1040 1297 1079 nn
1313 1031 1352 1079 lnt
1367 1023 1550 1093 percuntibus
1563 1038 1627 1078 osso
1639 1034 1797 1091 superstes.

144 1115 327 1184 supplietum.
341 1112 470 1168 Nascitur
484 1114 551 1168 inte
566 1111 657 1183 turpis
670 1118 697 1167 el
708 1109 878 1167 ridiculosus
897 1126 969 1166 tttar·
1021 1113 1073 1168 Sed
1091 1113 1158 1170 itccl
1169 1115 1213 1169 hts
1227 1115 1322 1181 intel,
1340 1131 1396 1170 nort
1412 1126 1451 1170 est
1470 1112 1611 1170 itotniclde
1628 1115 1772 1185 voluutas,

145 1204 344 1274 lisuppctitns,
360 1217 393 1258 ue
412 1218 532 1273 nctptatn
557 1202 718 1270 progenies,
738 1214 800 1270 qua
824 1215 901 1257 more
926 1201 968 1256 vi·
1023 1203 1119 1261 Donec
1134 1205 1255 1262 ‹loclinet
1274 1204 1418 1275 inventnne
1434 1207 1549 1260 nrt-trias
1563 1202 1605 1258 ilii
1619 1202 1644 1239 ⁸⁰

144 1309 220 1365 perte
234 1309 301 1349 suos
318 1293 485 1363 plerumque
509 1291 638 1359 suffocat,
663 1298 690 1345 ct
716 1289 869 1358 exstinguit
885 1290 967 1362 geni·
1022 1292 1153 1360 Spiritus,
1169 1293 1222 1349 hoe
1237 1294 1372 1362 stimulis,
1390 1302 1416 1349 et
1433 1292 1538 1350 ltianla
1551 1294 1601 1349 itte
1616 1290 1746 1362 subnoto,

144 1388 229 1440 tores.
245 1381 408 1440 Nonnulios
433 1389 480 1436 tuu
503 1396 615 1452 quoque
639 1387 768 1450 lcmpore
795 1378 969 1464 habuerunt,
1022 1381 1156 1443 Ginttitur
1171 1398 1313 1453 excessus,
1329 1384 1395 1454 quia
1409 1386 1475 1439 duta
1491 1399 1556 1440 caro
1570 1381 1686 1450 olntnn.
1702 1395 1824 1456 eamque

143 1488 215 1546 qaus
229 1473 273 1529 rei
297 1472 328 1528 in
348 1487 445 1542 aquus,
469 1470 513 1527 vei
533 1470 568 1526 ad
597 1469 729 1541 loqueum
752 1467 864 1525 umisste
888 1469 969 1526 dolor
1022 1469 1143 1539 Spiritus
1158 1470 1284 1540 exaudit.
1300 1489 1441 1530 consensu
1458 1472 1542 1540 culpa
1562 1476 1686 1540 crentur,

145 1563 202 1636 egit
216 1561 357 1636 peouuiae.
374 1560 445 1620 iiam
460 1561 495 1617 do
519 1558 662 1618 veteribus
687 1556 754 1631 quid
770 1559 881 1631 loquor,
896 1573 967 1632 quo·
1024 1558 1113 1633 Inque
1127 1563 1252 1620 creando
1267 1562 1359 1631 uetes,
1373 1577 1440 1620 cero
1455 1564 1485 1619 lit
1501 1561 1552 1630 tir,
1567 1562 1685 1635 tpitilus
1701 1575 1783 1622 uxor.

179 1732 202 1769 ¹²
222 1732 317 1791 Minus
331 1738 372 1789 ost
387 1730 531 1789 tiieolum.
1024 1729 1244 1804 iiinusdt‘sficile
1257 1739 1297 1789 est
1310 1732 1455 1789 nitentum.

177 1803 205 1843 ⁸⁸
217 1811 343 1875 Quorum
357 1803 443 1860 sintili
460 1800 599 1885 prouocati
612 1799 736 1860 tnstnls.
1023 1803 1149 1870 Quorum
1166 1816 1265 1861 mortes
1280 1806 1368 1860 simili
1384 1811 1545 1889 prouocatus
1557 1800 1683 1863 insania.

178 1878 202 1915 ¹⁹
218 1879 328 1934 lttsnniu
344 1874 471 1932 veridicis
486 1874 700 1931 nesrrttuuibus.
1028 1875 1145 1931 iustntta
1159 1874 1278 1932 vindicis
1292 1878 1498 1934 assetttuutitus

83 1950 86 1955 '
172 1947 205 2013 ,ω
222 1949 379 2019 issentque
395 1950 511 2003 uxorius
523 1944 578 2003 tllt.
1029 1945 1186 2020 Favestque
1200 1947 1337 2005 tenoribus
1351 1949 1405 2005 itti.

419 2131 692 2260 VEN.
785 2125 1092 2255 utut)

735 2289 1047 2359 cununtllutlsts
1081 2292 1256 2361 autscurt

213 2416 1777 2694 annuntiationem

145 2747 253 2831 linito
274 2769 379 2841 quom
403 2763 504 2821 antea
528 2749 657 2820 auctior
680 2761 781 2839 otptte
799 2745 1005 2819 emendatior
1036 2770 1078 2816 ee
1096 2748 1305 2819 Bidit'otitecae
1336 2749 1510 2820 seminarii
1535 2746 1692 2824 Patavini
1715 2767 1862 2818 manns·

646 2840 752 2932 cripta
775 2837 889 2908 codiee
908 2835 998 2906 edito
1018 2861 1058 2907 ce
1075 2838 1161 2908 notis
1180 2840 1347 2909 illustrato

869 3024 1043 3074 cmiii-2110
1063 3026 1135 3074 vluti

408 3108 537 3159 iosurno
559 3107 784 3158 teterrinum
805 3106 1010 3155 aleatorum
1030 3108 1060 3154 u.
1088 3107 1181 3155 ΙΑΙΙΕΙ
1206 3108 1406 3158 ῩΕΝΕΤΙΛΜΙΙ
1431 3108 1593 3160 ΡΕΒἙΕΕΤΟ

763 3187 822 3237 nuc
845 3187 1042 3235 vauemultls
1068 3188 1248 3236 utuuuualtat

912 3268 1088 3316 OPUSGULUM

542 3353 561 3398 ti
581 3351 755 3400 aldelinus
776 3349 979 3399 stultorum
1000 3351 1155 3397 sultlrnall
1181 3351 1322 3400 Pfflviiii
1343 3349 1466 3401 ERU'IUU

634 3431 849 3479 tuuanutssntu
870 3431 900 3478 ὓ.
924 3431 954 3478 1).
977 3433 1007 3478 u.
1032 3431 1212 3480 lltttcttllsslls
1239 3435 1278 3479 uls
1298 3435 1360 3482 VIT-

575 3573 896 3671 enectum
946 3529 1030 3671 nu
1073 3576 1420 3674 uuotoaun.

192 3790 280 3863 Quod
297 3789 328 3848 itt
344 3785 449 3847 animo
464 3788 532 3845 erat
561 3800 644 3842 nunc
659 3783 785 3842 demum
799 3782 996 3844 occasionem
1015 3789 1124 3845 nectus
1139 3793 1365 3866 opportunam.
1396 3783 1585 3866 promissum
1615 3781 1747 3844 exsolvo
1762 3787 1794 3842 el
1809 3781 1857 3843 in·

154 3880 276 3949 legrum
295 3870 361 3941 tibi,
394 3867 543 3926 benevole
560 3866 682 3935 Lector,
709 3864 749 3923 ob
773 3864 881 3924 oeoits
895 3871 972 3925 stsln
995 3865 1191 3927 Venetaitiits
1208 3866 1378 3926 llildeiterii
1400 3867 1598 3944 opuseulum,
1626 3865 1712 3944 quod
1730 3859 1858 3924 ,tlornlts

154 3947 354 4026 tttntosnpltto
369 3946 404 4007 de
418 3947 536 4006 itoneslo
550 3956 578 4005 et
595 3948 661 4004 ntttt
684 3944 875 4015 inscribitur,
892 3945 983 4024 enjus
997 3947 1154 4025 specimen
1177 3947 1241 4023 jem
1259 3949 1403 4008 undecim
1429 3946 1545 4006 abhinc
1560 3947 1651 4006 annis
1669 3944 1801 4006 exhibui
1816 3960 1855 4005 ex

154 4033 264 4097 eodem
279 4033 338 4090 isto
363 4027 469 4090 codice
494 4028 558 4087 iero
573 4027 612 4085 ud
628 4025 758 4085 verbum
782 4026 985 4103 exscriptum.
1000 4046 1038 4087 ex
1053 4046 1116 4107 quo
1142 4027 1345 4090 Varronianus
1361 4030 1508 4108 quaedam
1534 4026 1697 4088 sententiae
1724 4023 1856 4087 fueruat

153 4115 328 4191 desumptae
343 4128 381 4172 uc
394 4109 476 4191 lypis
490 4125 509 4169 a
524 4105 773 4186 mejamdudum
790 4108 925 4186 vulgate
939 4105 1014 4187 (tlt).

191 4196 268 4266 Ouae
283 4193 327 4254 ihi
343 4200 406 4254 luat
421 4191 461 4251 de
475 4189 583 4250 conice
597 4190 669 4257 islo.
685 4206 780 4267 quum
797 4190 835 4248 de
850 4186 911 4249 hoe
924 4186 1097 4249 Hildeberli
1111 4187 1264 4266 opusculo
1279 4189 1430 4270 prointus
1446 4188 1579 4264 ineram,
1591 4185 1728 4250 breviter
1741 4184 1796 4249 hio
1810 4203 1856 4249 re·

150 4294 289 4343 sarnum,
307 4280 338 4336 ot
353 4278 468 4333 nostroe
484 4270 579 4347 hujus
593 4267 739 4331 editionis
756 4269 867 4331 merila
883 4285 947 4348 proe
962 4268 1083 4329 caeteris
1098 4268 1275 4348 explicabo.

190 4357 306 4419 Fuerat
321 4353 396 4416 oiim
414 4352 464 4412 itio
479 4354 590 4420 codex,
608 4357 641 4410 ut
659 4352 858 4428 postmodum
874 4350 954 4410 mihi
968 4348 1116 4419 innotuit,
1133 4351 1267 4411 conradi
1283 4349 1377 4411 Celtis
1392 4349 1570 4428 cujusdam,
1587 4349 1646 4411 viri
1666 4347 1811 4419 litterati.
1836 4366 1854 4411 s

152 4455 216 4516 quo
232 4440 263 4495 in
280 4441 465 4515 potestatem
485 4438 611 4492 veneral
626 4431 752 4492 Antonii
769 4430 945 4508 Quereogo
961 4428 994 4489 itt
1008 4430 1098 4508 cujus
1112 4431 1233 4491 aedibus
1244 4431 1310 4507 jam
1328 4432 1449 4492 viderat
1463 4443 1493 4492 et
1508 4431 1710 4494 consuluerat
1732 4428 1855 4493 celeber

33 4528 38 4533 ·
148 4517 351 4577 amanuensis
365 4517 503 4575 ioannes
526 4513 564 4572 de
590 4510 700 4571 ilbodo
714 4510 801 4591 (62);
819 4511 954 4589 denique
977 4528 1050 4570 cunt
1075 4510 1145 4571 uilis
1160 4512 1269 4573 mullis
1292 4514 1383 4574 cessit
1397 4513 1427 4571 in
1453 4512 1677 4573 bibliothecam
1693 4510 1854 4573 seminarii

86 4629 91 4640 ·
147 4597 295 4662 Putivini.
313 4595 366 4654 niti
382 4595 485 4655 aditae
501 4598 679 4652 asservatur
694 4591 763 4651 sub.
782 4610 812 4650 tt.
843 4590 890 4650 Ct.
909 4589 983 4670 i'jus
997 4600 1085 4661 telas,
1104 4600 1136 4651 nl
1152 4591 1194 4651 itt
1209 4610 1337 4671 quoque
1350 4593 1517 4667 ediximus,
1535 4592 1743 4654 adsecutum
1768 4590 1852 4652 deci·

148 4695 233 4738 mum
252 4678 376 4735 tettintn
394 4679 537 4734 retertur.
557 4675 670 4732 Forma
683 4671 871 4732 cltnractetts
887 4673 926 4731 ud
941 4676 1109 4733 rotondum
1129 4675 1301 4733 ilonntnutn
1320 4675 1464 4751 proxime
1486 4674 1618 4741 secedit.
1636 4681 1668 4733 el.
1684 4673 1797 4735 litters
1812 4671 1851 4733 ab

147 4758 238 4819 initio
253 4755 404 4834 capitum,
422 4753 505 4813 tituli
517 4762 548 4813 et
563 4753 652 4826 signa
675 4755 820 4830 appositu
835 4754 873 4812 ad
890 4756 1000 4811 ltornm
1026 4752 1165 4821 capitum
1184 4755 1276 4813 linem
1302 4757 1461 4814 eolnrtlnts
1479 4755 1575 4814 rouro
1589 4759 1621 4814 et
1645 4753 1783 4815 caeruieo
1798 4759 1851 4813 tle·

149 4838 234 4918 [tiela
248 4845 330 4897 sunt.
348 4837 399 4898 Sic
413 4836 523 4895 iisdem
550 4836 667 4912 pluriter
689 4834 848 4894 coloribus
864 4851 919 4913 pro
933 4832 1033 4893 lubitu
1050 4834 1232 4894 scribuntur
1256 4837 1387 4895 numina
1401 4845 1577 4907 anulorum,
1605 4852 1742 4913 quorum
1758 4834 1851 4897 verbs

148 4919 338 4979 referuntur.

188 5000 284 5061 Plura
299 4995 437 5057 continet
453 4993 503 5052 itio
518 4991 616 5053 cotiex
627 5011 665 5052 cx
680 4992 772 5052 variis
788 4992 907 5055 Latinis
920 4991 1125 5074 scriptoribus
1142 4992 1253 5071 parlim
1271 4999 1431 5074 excerpis,
1450 4995 1563 5074 parlim
1580 5013 1617 5055 ex
1630 4993 1756 5074 integro
1771 5011 1849 5075 pene

149 5079 315 5157 descripta,
333 5093 466 5156 qttotnm
484 5073 594 5134 serient
613 5075 655 5134 ibi
672 5075 788 5153 pariter
803 5077 1025 5138 recensuimus.
1044 5085 1119 5135 tnlet
1140 5093 1212 5152 qnae
1228 5075 1316 5136 initio
1331 5077 1436 5137 statim
1458 5077 1628 5154 principem
1646 5076 1751 5139 iocum
1768 5083 1851 5138 tenet

148 5178 229 5237 optts
245 5163 328 5238 qnod
346 5157 550 5217 inscribitur:
576 5156 698 5233 isupoqe
723 5154 764 5216 od
778 5156 916 5216 narnien
938 5154 1165 5235 pltt'tosopln'nm.
1184 5162 1272 5228 Quod
1298 5176 1388 5235 opus,
1412 5176 1594 5236 qtntnqnatn
1613 5157 1674 5221 itio.
1691 5166 1723 5220 et
1740 5157 1851 5231 hujus·

149 5242 234 5301 motii
246 5239 448 5317 ittsctiptione
463 5242 494 5296 ei
508 5236 574 5295 sine
590 5238 683 5295 nunti
698 5239 866 5297 sanctorio
881 5236 1077 5303 exhtlnalur,
1096 5236 1171 5296 iliud
1190 5244 1293 5297 lamen
1310 5257 1376 5298 esse
1392 5239 1476 5317 quod
1493 5247 1534 5299 alt
1549 5239 1619 5298 eliis
1634 5234 1760 5300 ntor-cin
1774 5234 1852 5299 Piti-

147 5318 295 5397 lot-onte,
314 5330 347 5381 ut
362 5338 459 5399 supro
483 5318 659 5395 retulimus,
678 5315 850 5379 taeloneo
871 5326 899 5376 et
913 5318 984 5378 otili
1004 5317 1128 5387 dicitur,
1146 5325 1178 5377 et
1202 5319 1342 5397 ejusdem
1359 5319 1509 5392 auctoris,
1526 5336 1640 5398 netnpe
1666 5318 1854 5382 venetabiiis

181 5443 239 5520 (ut)
258 5449 288 5498 ν.
304 5448 454 5501 senlennns
469 5442 502 5499 tt
520 5443 640 5498 Terentii
653 5440 781 5497 Varronis
795 5441 909 5512 majoris
924 5455 941 5495 o
955 5448 1033 5509 porte
1043 5439 1165 5497 ineditos
1179 5456 1214 5497 ee
1228 5441 1277 5499 eod
1303 5457 1344 5498 ms
1358 5441 1532 5501 ltlltntlecae
1549 5441 1697 5499 tetnt'norii
1723 5434 1854 5501 rationi

143 5517 231 5577 editus¹
247 5527 272 5575 et
288 5521 485 5574 entntnentutt'o
500 5515 666 5581 iliustratus,
685 5522 739 5570 olo.
756 5516 874 5580 Potoni,
894 5512 971 5579 llillt,
986 5511 1060 5580 typis
1075 5515 1230 5579 sotninarii.
1247 5514 1276 5571 in
1293 5512 1333 5581 8⁰,
1351 5519 1397 5569 uin
1412 5536 1427 5570 rt
1445 5530 1508 5584 pop.
1534 5513 1570 5573 82
1584 5514 1631 5579 ii.
1657 5515 1755 5582 paucis
1780 5530 1854 5587 pr·-

148 5592 256 5655 tntssis,
272 5596 416 5664 specimen
434 5590 490 5645 hoo
507 5588 632 5658 reperies
654 5600 688 5642 es
706 5586 800 5657 cupite
823 5589 859 5641 ds
884 5584 1050 5640 tortitudtnn
1070 5592 1099 5640 et
1123 5590 1158 5642 ue
1181 5590 1331 5644 socunltno
1357 5588 1550 5659 desumptum,
1576 5594 1604 5643 ut
1636 5600 1703 5646 outa
1726 5586 1854 5648 editione

145 5664 394 5813 widmann
408 5728 637 5798 rnomcsinom
654 5725 699 5791 De
712 5724 848 5791 tritaet.
876 5724 988 5792 Pulso.
1003 5746 1085 5827 tttts.²
1113 5747 1145 5812 p.
1161 5730 1212 5807 87,
1229 5735 1261 5795 ei
1281 5730 1493 5809 valentinelli,
1509 5726 1599 5798 Delia
1624 5728 1787 5797 iiiliolertt
1799 5727 1856 5797 dei

14 5820 26 5827 ·’
114 5809 288 5874 mnam
294 5810 485 5891 dr'Padotta,
502 5833 537 5899 ρ.
553 5814 606 5887 32,
621 5826 683 5877 aee
696 5829 761 5878 noa
777 5808 929 5877 Varronis
951 5816 1125 5876 seuoenttss
1137 5830 1216 5877 mox
1233 5812 1346 5877 situlos
1358 5813 1474 5894 quibas
1488 5812 1591 5876 tutior
1613 5811 1711 5894 hujus
1725 5811 1848 5877 muel·

131 5887 283 5967 'mello
290 5893 509 5972 promititur,
525 5912 641 5981 epig.
660 5896 766 5964 teta.
