3802 6030
163 234 222 296 sot
664 224 752 285 vait.
778 221 1018 284 ntaaunatttt
1039 221 1244 285 uurtttttan.
1267 176 1390 286 serso.
1795 218 1874 289 'aaa

165 368 272 431 dinato,
289 364 422 420 nisaeus
438 361 470 416 tit
484 360 598 416 anima.
615 361 648 412 st
663 357 709 413 bas
721 355 840 425 attidem
857 360 927 411 attat
937 355 985 426 Ja·
997 355 1025 422 Α
1039 353 1151 425 agenda
1161 371 1217 412 non
1227 355 1519 428 agimtts.iixcusnbit
1531 373 1583 416 nos
1595 356 1738 432 fragilitas
1749 359 1871 418 narnlsl

162 459 254 523 stitia,
281 455 444 527 prudentia,
469 448 669 519 temperantia,
695 447 846 502 tortitudo.
872 445 982 501 Timorl
1037 443 1092 500 Sed
1121 462 1155 501 rx
1179 448 1301 501 adverso
1320 446 1441 504 stabant
1468 448 1605 513 viraines,
1627 466 1693 521 quea
1727 449 1756 505 in
1783 467 1872 509 carne

164 543 388 617 superponenda
403 547 448 595 est
459 539 585 610 justitia,
602 537 680 604 tinia,
697 536 746 608 qui
772 536 856 591 timet
879 541 982 603 Deutn,
1037 535 1134 590 carnia
1150 535 1337 605 fragilitatem
1363 537 1513 593 vicerunt.
1531 538 1631 596 ilerito
1661 539 1738 597 dicet
1761 543 1872 600 nobis:

163 635 250 691 saciet
261 634 345 694 bona,
361 636 390 685 et
407 634 461 685 lieo
477 627 571 684 reddit
586 625 666 699 quod
680 640 764 682 saum
780 630 822 680 cst
837 629 866 682 et
886 623 983 695 proxi·
1037 627 1113 690 vite,
1124 623 1320 694 tnaledicti,in
1331 626 1427 698 ignem
1438 637 1576 684 aeternam
1589 628 1700 701 (notit.
1708 647 1775 699 xxv,
1786 631 1871 701 tt).-

161 739 220 779 tao.
237 743 252 771 «
266 720 385 776 lustitia
400 720 476 775 enirn
487 722 532 773 est
547 724 696 780 constans,
723 720 752 770 et
772 719 911 786 perpetua
934 729 982 769 vo·
1037 711 1088 768 ubi
1104 714 1180 784 ignis
1194 730 1249 770 non
1261 715 1564 794 exstinguetur,etabi
1574 717 1682 775 vermis
1693 735 1750 776 nnn
1763 721 1870 777 morie·

159 809 259 866 luntas
269 811 322 880 jus
337 824 424 863 suurn
442 806 600 878 unicuique
615 805 785 860 tribuens.»
802 802 868 875 Spei
883 818 985 874 super·
1037 808 1098 864 tur;
1109 802 1157 858 nbi
1169 805 1530 877 continuusgcmitus,ubi
1541 805 1869 880 dolorpoenalissenaus

159 900 291 972 ponenda
307 903 352 954 eat
367 895 532 969 prudentia.
549 897 621 967 Spes
637 894 714 949 enirn
732 891 789 949 duo
815 892 902 947 babet
927 890 983 947 sibi
1037 889 1093 946 erit
1108 892 1317 961 sempiternus.
1335 894 1483 950 Ponamus
1497 894 1867 970 ”Sunteoonlosquam

159 986 503 1056 collaternltaplarimum
513 985 659 1051 timenda;
671 987 795 1055 abyssus
806 980 985 1036 acilltostde·
1038 983 1101 1035 tum
1115 980 1225 1037 malum
1235 987 1281 1038 est
1290 981 1417 1039 scelestis
1430 984 1528 1055 patrita
1537 990 1666 1041 extorres
1678 984 1739 1041 fleri
1748 986 1865 1042 coronis

160 1077 348 1153 sperationis,
374 1082 404 1131 et
429 1075 600 1130 ·cerannia
626 1071 862 1143 presumptionis
886 1069 951 1141 (Sd).
969 1089 984 1118 n
1038 1076 1207 1126 sanctornm
1226 1071 1344 1144 privari,
1361 1075 1435 1129 mori
1451 1073 1541 1130 beatas
1567 1076 1644 1138 vitta,
1661 1075 1747 1130 morti
1772 1075 1869 1132 vivers

160 1169 342 1239 Sperandam
359 1172 405 1222 est
420 1167 518 1237 itaque
536 1163 702 1234 prudentor,
719 1178 755 1217 ne
778 1162 844 1232 nais
860 1160 983 1216 nimium
1038 1160 1870 1234 sempiterne,sqaaiiberetnoslcsastristasDontiaus

161 1259 236 1317 m
266 1257 316 1314 Dei
335 1255 483 1328 justitiam
511 1254 678 1318 attendens,
700 1267 767 1306 cam
791 1250 860 1307 Cain
885 1249 983 1306 dieat:
1038 1251 1868 1322 nosterquiestbenedictusinaaecutasaealorum.Amen.

159 1346 554 1421 nltijorestiaiqaitasmea
575 1359 660 1414 quern
682 1346 714 1398 ut
740 1342 852 1397 veniam
874 1356 986 1396 merear
1426 1340 1474 1398 Vl.

159 1439 236 1509 (Gen.
254 1454 292 1504 tv,
310 1437 363 1507 13).
381 1460 392 1489 a
413 1434 459 1490 Vel
478 1434 565 1490 nimis
580 1431 733 1489 attendens
754 1429 803 1486 liei
821 1429 985 1487 misericor·
1142 1446 1172 1486 nt
1187 1447 1317 1488 aovaartt
1333 1448 1445 1500 nonant,
1461 1449 1556 1490 asana
1570 1451 1678 1492 saxros
1693 1436 1762 1510 (87).

157 1528 250 1595 diam,
266 1541 446 1599 praesumens
461 1526 538 1581 diost
553 1539 560 1579 :
573 1545 587 1575 n
605 1520 666 1578 Etsi
679 1520 869 1578 obliviscatur
893 1524 986 1575 mater
1327 1523 1363 1578 tn
1376 1524 1582 1581 interventione,

157 1616 211 1674 lllii
227 1615 284 1684 aui,
300 1621 378 1672 tiens
395 1619 493 1670 tamen
519 1629 577 1669 non
600 1610 788 1668 obliviscetur
812 1607 903 1666 nostri
919 1609 984 1673 tito.
1076 1629 1091 1660 a
1106 1609 1297 1683 Egredimini,
1315 1612 1381 1667 iilia
1397 1612 1478 1683 Sion,
1493 1619 1522 1669 et
1536 1615 1631 1671 videte
1655 1631 1754 1689 regem
1779 1615 1868 1674 Salo·

157 1722 233 1773 xttx,
250 1707 306 1777 15).
321 1727 337 1761 n
353 1705 465 1762 Gaudio
481 1700 760 1774 superponendacst
771 1696 984 1771 temporatim
1040 1719 1055 1749 a
1071 1714 1187 1755 monam
1203 1699 1232 1754 in
1249 1701 1414 1757 diademate
1430 1718 1488 1773 qno
1511 1704 1661 1759 coronavit
1685 1720 1752 1760 cum
1774 1711 1871 1763 mater

158 1794 280 1866 Semper
305 1793 384 1850 enirn
403 1791 610 1851 exsultandum
635 1792 681 1846 sat
704 1788 734 1845 in
758 1788 880 1855 timore,
908 1784 986 1858 quod
1042 1803 1134 1857 «sua,
1151 1787 1180 1843 in
1196 1788 1243 1845 die
1258 1789 1496 1861 desponsationis
1512 1792 1586 1864 ejas,
1613 1792 1681 1849 etin
1697 1793 1744 1850 die
1760 1795 1868 1851 letitia

55 1884 58 1891 '
158 1885 246 1958 plane
260 1883 360 1940 innuit
373 1882 542 1956 Apostolus,
557 1880 609 1953 qai
625 1895 693 1936 eam
708 1877 831 1934 dixisset
846 1893 853 1933 :
868 1899 883 1927 n
908 1875 986 1932 (iau-
1038 1897 1052 1925 v
1067 1877 1164 1933 cordia
1179 1878 1243 1947 ejus
1258 1879 1347 1949 (Cant.
1364 1894 1406 1944 m,
1424 1881 1477 1951 it).
1493 1902 1507 1931 a

57 1974 69 1997 ¹
161 1973 227 2030 dete
239 1973 269 2030 ia
288 1974 410 2029 Domino
426 1987 552 2042 semper,
570 1991 584 2020 v
601 1968 699 2025 statim
722 1965 822 2023 addit:
846 1987 861 2017 a
884 1964 986 2020 ttods-
1074 1966 1261 2032 ‹toaiverba
1288 1974 1403 2026 tantam
1428 1979 1568 2038 sectatur,
1597 1973 1750 2029 Salomone
1776 1978 1866 2045 teste,

160 2061 219 2119 etia
234 2069 329 2119 vestra
339 2072 405 2118 nota
418 2059 607 2117 sitomnibua
620 2054 934 2127 bominibus(Pltilipp.
949 2070 985 2121 tv,
1039 2055 1111 2111 nibil
1134 2056 1271 2129 inveniet,
1295 2067 1395 2117 castos
1426 2068 1523 2117 autent
1551 2062 1711 2133 prudentiss
1736 2062 1868 2120 inveniet

156 2150 195 2222 5).
214 2172 228 2201 n
244 2150 343 2207 Dolori
358 2148 583 2222 superponenda
597 2151 642 2203 est
658 2145 811 2214 fortitudo,
826 2161 862 2200 ue
887 2144 987 2200 absor-
1038 2143 1114 2199 botta
1129 2144 1221 2216 (Pron.
1236 2163 1295 2210 xix,
1311 2150 1347 2219 8).
1362 2171 1375 2197 »
1391 2151 1422 2205 ln
1438 2151 1532 2206 verbis
1557 2151 1632 2220 istie,
1659 2152 1762 2208 iratres
1793 2151 1864 2209 ebn-

157 2237 286 2295 hoatnos
298 2240 474 2311 protundum
485 2236 606 2302 doloris,
616 2253 652 2292 ae
667 2239 773 2307 putens
784 2238 887 2306 urgeat
897 2247 986 2305 super
1037 2232 1158 2303 tissimi,
1170 2236 1410 2310 videmaatqnod)
1419 2239 1467 2311 qai
1480 2244 1592 2296 tantam
1605 2238 1734 2297 carnalia
1746 2245 1866 2314 rogitat,

160 2345 214 2386 nos
229 2347 262 2386 os
273 2346 372 2386 suurn.
385 2334 421 2385 at
433 2330 475 2385 sic
485 2335 609 2384 ornatur
621 2327 720 2382 anima
743 2339 883 2397 perarma
899 2323 985 2393 justi·
1037 2321 1078 2377 nil
1091 2322 1145 2378 nisi
1157 2333 1277 2381 mortem
1288 2326 1439 2398 (inveniet)
1457 2326 1551 2385 Verba
1562 2328 1641 2384 enirn
1654 2329 1717 2386 sola
1732 2329 1867 2403 inquirit,

157 2415 706 2476 tinadeslrisetaainiairis.lnbao
726 2430 795 2485 ergo
819 2413 866 2467 die
889 2410 986 2467 Domi·
1037 2415 1065 2467 st
1079 2411 1143 2467 ideo
1160 2414 1199 2468 nii
1216 2412 1328 2470 invenit
1344 2415 1398 2470 nisi
1425 2417 1554 2474 litterata
1584 2418 1775 2474 occidentem.
1806 2417 1868 2475 Nos

159 2509 233 2564 nicta
247 2507 458 2579 conceptionis,
474 2505 607 2562 Christus
631 2503 717 2558 bomo
740 2503 794 2557 boo
820 2500 985 2557 diademate
1038 2516 1118 2572 ergo,
1136 2505 1249 2571 tratres,
1266 2520 1355 2574 super
1370 2503 1496 2562 litteram
1514 2508 1542 2562 in
1558 2508 1655 2564 verbis
1666 2508 1731 2563 istis
1753 2504 1869 2580 aliquid

160 2605 318 2654 coronatas
332 2603 378 2653 est
392 2596 421 2652 itt
439 2603 521 2651 utero
535 2595 647 2660 illatris,
663 2593 732 2664 qaia
747 2601 775 2648 et
789 2589 933 2646 naturalia
956 2592 985 2645 el
1036 2590 1192 2661 spirituale
1205 2592 1416 2666 intelligamus.
1428 2597 1489 2652 lino
1503 2597 1640 2666 spiritum
1654 2597 1749 2668 ipsum
1763 2597 1814 2669 qui
1826 2597 1869 2653 vi·

159 2687 285 2759 gratuita
297 2687 326 2741 ia
338 2702 371 2742 eo
383 2687 501 2740 inerunt
511 2684 744 2739 ordinatissima.
756 2687 810 2737 Per
820 2680 873 2735 lton
885 2685 983 2736 autem
1035 2680 1143 2748 vitient,
1161 2681 1212 2753 qui
1228 2682 1299 2738 alibi
1315 2684 1387 2739 dicit
1403 2701 1454 2757 per
1468 2685 1656 2743 Salomonem
1668 2705 1678 2743 .·
1690 2710 1704 2739 a
1719 2688 1773 2753 Oui
1784 2686 1868 2743 lorti·

160 2777 237 2848 quod
254 2776 362 2831 dieitur
376 2791 442 2829 earn
460 2780 553 2829 mater
567 2789 619 2828 aaa
631 2768 985 2840 coronasse,intetligitur
1036 2772 1080 2823 ter
1096 2771 1201 2841 premit
1223 2771 1324 2842 ubera,
1350 2773 1488 2845 butyrum
1514 2777 1654 2847 exprimit
1680 2779 1772 2847 (Pron.
1798 2793 1867 2846 xxx,

160 2863 236 2935 quod
253 2864 340 2932 aliua,
356 2874 382 2920 et
396 2863 471 2918 alius
484 2861 664 2918 coronaverit
678 2876 756 2917 eum.
773 2858 923 2931 Siquidem
939 2873 984 2914 co·
1035 2859 1091 2931 33).
1108 2878 1123 2912 a
1140 2859 1234 2916 Ubera
1249 2867 1320 2918 sunt
1344 2864 1401 2919 duo
1425 2867 1621 2930 Testamenta,
1646 2883 1708 2937 quta
1733 2865 1759 2922 si
1786 2866 1866 2938 quis,

158 2961 275 3010 ronevrt
288 2971 356 3010 eum
372 2969 496 3010 noverca
511 2969 565 3009 sun
576 2960 738 3025 synagoga,
755 2967 821 3006 curn
843 2951 870 3004 in
894 2954 983 3021 capnt
1035 2965 1093 3004 non
1111 2949 1260 3019 pueriliter
1279 2951 1406 3008 litteram
1422 2970 1560 3026 sequens.
1577 2955 1771 3028 expresserit,
1782 2955 1866 3011 inva-

158 3043 272 3117 sngelis
283 3045 468 3099 tremendam
480 3059 615 3100 coronam
626 3041 760 3113 spineam
771 3045 800 3095 ot
811 3037 982 3112 ignominio-
1037 3038 1097 3093 niet
1113 3040 1247 3110 butyrum
1264 3040 1381 3113 pingue,
1402 3049 1431 3098 et
1453 3043 1654 3100 delectabilem
1682 3045 1793 3103 cibum.
1819 3045 1863 3100 nd

156 3148 220 3189 saro
237 3135 314 3189 tulit.
331 3132 387 3190 Sed
404 3135 431 3188 in
447 3134 494 3188 dia
511 3129 732 3188 resurrectionis
746 3133 811 3200 ejas
832 3128 982 3184 coronavit
1011 3138 1017 3160 ¹
1036 3128 1205 3195 huiusmodi
1218 3131 1864 3206 butyrumexprimendumsuspeadamuain·

157 3237 225 3279 eum
243 3223 328 3279 Pater
341 3241 415 3279 auus
427 3220 777 3279 coronaimmortatitatis
790 3218 935 3290 etglorie.
953 3217 982 3272 ln
1035 3217 1212 3290 telligentias
1227 3221 1261 3276 ad
1280 3222 1339 3277 btee
1365 3227 1447 3277 verba
1472 3223 1635 3279 Salomonis
1657 3223 1863 3298 intelligenda.

158 3313 206 3370 die
224 3313 421 3369 ventilationis
444 3320 579 3368 extrema
604 3309 755 3366 coronabit
778 3325 844 3364 eunt
871 3306 982 3362 familia
1034 3306 1145 3363 Dicitur
1156 3324 1163 3363 :
1175 3308 1354 3379 Epredtmt'vtt',
1366 3311 1583 3379 fiit'oeSiometc.
1596 3312 1646 3367 list
1658 3313 1753 3370 bonas
1764 3330 1862 3386 egres·

158 3417 222 3459 aaa.
234 3401 337 3457 Veniet
352 3400 429 3457 onim
447 3417 514 3457 cam
531 3398 716 3455 senatoribus
737 3403 830 3460 terre,
848 3396 918 3468 quia
936 3410 983 3450 ve·
1034 3412 1096 3464 eas,
1112 3401 1140 3452 ot
1154 3402 1199 3453 est
1211 3396 1316 3453 malus.
1332 3398 1426 3456 Malus
1438 3400 1639 3474 laitegresaus
1650 3401 1666 3456 J
1672 3403 1746 3471 uda,
1757 3406 1793 3459 de
1804 3420 1865 3476 quo

156 3491 217 3547 niet
232 3490 375 3547 Dominae
389 3496 419 3545 et
432 3506 536 3545 omnes
551 3487 645 3544 sancti
661 3488 725 3557 ejus
740 3502 807 3542 earn
823 3502 867 3542 eo.
881 3484 913 3541 ln
925 3500 982 3540 me·
1034 3484 1160 3542 dicitur:
1178 3509 1192 3537 a
1209 3486 1351 3559 Egressus
1367 3490 1477 3546 tores...
1495 3496 1557 3546 erat
1572 3501 1666 3547 autem
1684 3509 1741 3548 nox
1767 3489 1862 3557 (loutt.

155 3577 203 3635 dio
219 3586 318 3635 satem
335 3584 410 3634 Deus
425 3577 599 3648 dijudicabit
614 3577 644 3631 ia
660 3591 767 3631 corona
796 3576 979 3640 matresua,
1033 3574 1194 3647 anneot.»
1212 3577 1864 3654 ttemaloquoqaeegressadicitur:«ligre-

157 3684 265 3725 corona
281 3667 506 3734 misericordiam
524 3664 707 3720 miseratione
731 3663 809 3720 enim
835 3661 897 3718 sola
921 3678 980 3718 suo
1034 3663 1170 3719 diabatur
1185 3665 1272 3735 toras,
1288 3677 1315 3722 et
1330 3665 1504 3739 loquebatur
1519 3668 1548 3724 in
1565 3669 1694 3740 idipsam
1710 3671 1795 3742 (erat.
1814 3688 1861 3740 xa,

155 3756 315 3813 voluntatis
329 3756 506 3812 humanatus
521 3758 575 3809 est.
592 3754 704 3809 Corona
719 3767 859 3819 novercae,
874 3766 981 3807 corona
1032 3751 1072 3825 7).
1089 3773 1102 3804 a
1119 3753 1212 3809 Malas
1227 3755 1315 3810 etium
1333 3755 1388 3811 init
1402 3773 1538 3829 egressus
1551 3760 1639 3819 nina.
1651 3776 1715 3831 quar
1726 3760 1815 3816 exivit
1827 3765 1862 3818 ut

155 3845 212 3902 luit
223 3846 358 3901 miserita.
374 3847 485 3901 Corona
497 3849 595 3899 autem
607 3842 710 3909 Patria,
722 3842 787 3909 fait,
799 3857 906 3898 corona
916 3838 981 3905 glo·
1032 3842 1144 3898 videret
1158 3844 1297 3900 mulieres
1313 3846 1439 3917 regionis
1455 3846 1552 3912 iilias;
1569 3853 1596 3902 et
1616 3848 1767 3904 adamavit
1792 3865 1857 3907 astu

156 3935 216 3990 rite.
234 3932 341 3990 Ultima
355 3933 411 3990 erit
424 3949 531 3988 corona
548 3931 693 4005 potentia,
705 3930 748 3988 vel
755 3931 887 4001 justitie.
899 3927 981 3984 Unde
1032 3931 1145 3988 Siobem
1162 3932 1241 3989 illius
1256 3934 1353 4003 bimur,
1369 3941 1398 3991 et
1421 3936 1552 4008 eorrupit
1580 3952 1656 3994 eam.
1680 3938 1747 3994 Fuit
1767 3938 1860 4011 igitur

154 4023 311 4096 Apostolus
328 4041 336 4080 ι
354 4045 368 4075 a
385 4023 521 4095 Reposito
536 4027 581 4078 est
599 4022 672 4077 mibi
688 4019 929 4091 coronajuatititc
945 4020 982 4088 (ll
1033 4022 1115 4079 dolor
1131 4024 1233 4092 patris,
1250 4025 1409 4096 ignominia
1425 4026 1531 4098 gentis,
1547 4032 1575 4082 et
1597 4027 1775 4084 contumelia
1798 4031 1858 4086 lra-

153 4115 222 4171 Tt'm.
234 4130 272 4180 tv,
287 4113 326 4178 8).
342 4133 355 4166 a
374 4112 477 4170 Veniet
492 4110 582 4181 enirn,
603 4131 618 4162 n
635 4117 776 4183 tanquam
792 4115 896 4181 potens
915 4125 979 4164 era·
1031 4115 1109 4167 trum
1126 4111 1203 4183 (Gen.
1219 4129 1314 4178 xxxiv,
1331 4114 1366 4186 1).
1383 4114 1448 4170 liae
1463 4123 1506 4171 est
1523 4117 1622 4171 anima
1642 4117 1711 4174 vitio
1733 4118 1858 4175 curiosi·

153 4203 273 4278 palatus
288 4203 380 4261 avino
391 4203 479 4275 (Ptol.
493 4218 596 4268 xxxttt,
607 4202 663 4272 65).
676 4223 690 4252 a
703 4201 733 4258 ln
746 4216 853 4256 corona
864 4202 978 4256 matris.
1033 4205 1099 4256 tetta
1114 4204 1259 4271 corrupta.
1277 4202 1439 4273 Egreditur,
1449 4211 1477 4260 et
1488 4205 1566 4260 videt
1577 4206 1714 4263 mulieres
1728 4208 1858 4280 regionis

153 4294 317 4360 mutabilis,
334 4295 363 4350 in
381 4310 488 4349 corona
512 4308 651 4358 novercas,
675 4288 923 4360 contemptibilis3
948 4288 978 4344 in
1032 4288 1130 4355 amor,
1146 4289 1256 4346 scilicet
1271 4291 1477 4349 delectationes
1494 4310 1595 4363 pravos
1622 4311 1694 4365 qttns
1722 4295 1860 4354 diabolus

153 4399 261 4440 corona
277 4383 382 4448 Patris,
400 4381 583 4439 admirabilis
595 4401 603 4449 ς
615 4381 643 4435 in
656 4397 761 4436 corona
775 4378 904 4443 tartttttae,
916 4378 980 4435 bor·
1032 4379 1175 4449 suggerit,
1191 4384 1219 4434 et
1235 4378 1335 4436 relicto
1361 4381 1434 4437 duce
1460 4383 1621 4454 pubertatis
1646 4400 1717 4450 sao,
1740 4385 1858 4441 diabolo

152 4472 258 4528 sibilis.
275 4471 400 4528 Videant
415 4489 483 4544 ergo
498 4488 564 4527 eunt
583 4472 649 4527 tri-aa
664 4469 732 4527 Sion
747 4470 776 4525 in
792 4485 900 4525 eorona
922 4468 975 4523 tui·
992 4463 1193 4538 Deopulatur,
1209 4470 1336 4525 existens
1352 4469 1381 4525 in
1398 4476 1475 4526 terra
1499 4471 1752 4542 peregrinationis,
1778 4480 1858 4531 terra

152 4562 330 4626 sericordiae,
346 4567 375 4617 et
388 4566 635 4633 compungantur,
652 4559 697 4615 vel
717 4558 879 4614 imitentur.
897 4556 979 4612 Vide·
1030 4557 1143 4613 seilicet
1157 4559 1261 4628 aliena,
1279 4559 1327 4614 ubi
1342 4576 1397 4615 nott
1412 4566 1501 4632 potest
1516 4567 1787 4619 cantareotnttcum
1801 4568 1856 4618 tio·

152 4649 229 4704 bunt
243 4665 311 4721 ergo
326 4666 393 4704 eunt
411 4650 491 4721 irnpii
507 4651 535 4703 in
552 4664 658 4705 corona
682 4646 826 4720 potentin,
852 4655 879 4703 et
902 4645 975 4715 peri·
1031 4646 1111 4702 mini.
1129 4646 1226 4703 Bonus
1238 4663 1374 4719 egressus
1385 4650 1570 4720 quaerendus,
1582 4651 1728 4725 ostiaque
1740 4652 1854 4725 Moyses

153 4738 238 4793 bunt.
254 4738 402 4795 Videbunt
416 4756 482 4795 eum
496 4742 568 4809 justi
585 4739 614 4794 in
631 4754 739 4795 corona
750 4737 857 4810 gloria.
869 4742 898 4793 st
908 4752 977 4808 gau·
1029 4734 1165 4792 vulteum
1179 4735 1230 4791 Dei
1244 4738 1349 4810 populo
1360 4738 1458 4809 egredi
1471 4740 1507 4792 dn
1517 4739 1650 4812 AEaypto,
1663 4742 1710 4797 abi
1724 4742 1852 4813 populas

145 4826 274 4882 dabunt.
289 4829 451 4900 Agiteergo
467 4845 502 4883 ae
523 4843 677 4899 pere-amus
700 4830 729 4882 et
752 4843 805 4882 nos
827 4841 894 4881 carn
924 4841 974 4897 pe·
1029 4826 1078 4881 Dei
1096 4825 1122 4879 in
1139 4824 1201 4880 luto
1220 4830 1249 4880 et
1264 4824 1352 4881 latere
1369 4844 1385 4880 a
1401 4826 1550 4884 Pharaone
1565 4829 1724 4902 atttigitur;
1741 4838 1770 4885 et
1785 4846 1852 4886 cutn

150 4916 304 4974 reontibus
316 4935 324 4982 ς
338 4933 528 4988 properamus
542 4924 572 4971 et
588 4933 640 4972 nos
650 4915 686 4972 ad
698 4916 854 4971 adventum
864 4913 974 4985 judicis
1027 4915 1110 4973 duris
1122 4914 1271 4970 laboribus
1282 4915 1452 4982 inmolatur,
1461 4918 1563 4973 lateras
1575 4935 1608 4974 ex
1620 4917 1767 4986 latolaoti,
1777 4925 1854 4990 post·

142 5015 254 5068 ,cuncta
269 5010 426 5063 cernentia.
442 5006 471 5060 Si
482 5007 559 5062 enim
576 5022 630 5062 noe
645 5005 805 5076 imparatos
819 5004 971 5073 invenerit,
1025 5021 1059 5062 ea
1076 5003 1233 5078 perignem
1254 5004 1284 5058 in
1299 5004 1436 5059 daritiam
1463 5006 1638 5065 solidantur.
1664 5008 1706 5063 lta
1734 5015 1852 5080 peecata

147 5097 216 5167 qnis
233 5097 337 5165 poterit
354 5114 407 5152 noa
421 5093 584 5151 excusare?
595 5095 751 5151 Etouaabit
764 5110 816 5150 noe
828 5097 970 5167 poeniten·
1025 5098 1108 5166 prius
1125 5093 1219 5149 incilia
1233 5095 1268 5149 ad
1285 5092 1467 5154 solvendam.
1481 5105 1580 5164 postea
1598 5114 1647 5168 per
1660 5098 1852 5154 consuetudi·

142 5184 212 5239 tia?
227 5185 283 5241 Sed
299 5201 363 5242 eam
379 5188 470 5256 (supp.
487 5184 584 5256 agere)
600 5185 628 5239 in
645 5199 731 5240 carna
741 5185 969 5242 contemnimus.
1025 5199 1091 5238 uem
1107 5183 1192 5254 qttaai
1209 5183 1391 5251 durescant;
1409 5182 1528 5240 ditltcile
1543 5192 1588 5241 est
1606 5186 1684 5241 enim
1710 5191 1852 5242 consueta

144 5272 331 5331 Excusabuat
346 5292 399 5332 nos
425 5276 501 5331 boon
529 5271 704 5346 operalSsd
725 5291 758 5330 eu
783 5274 813 5331 in
838 5280 970 5347 tempore
1025 5271 1173 5344 repellere.
1198 5270 1254 5327 Sed
1279 5271 1372 5328 videte
1398 5272 1471 5329 ²82
1500 5275 1628 5346 qualiter
1652 5278 1764 5349 itoyaes
1786 5274 1850 5332 vult

179 5399 233 5471 (86)
248 5405 359 5458 itontss
375 5401 454 5475 iipiri
471 5399 646 5457 fulminibus
666 5399 783 5459 obnoxii
803 5402 839 5457 ds
859 5401 969 5474 quibas
1096 5395 1204 5522 mglm
1217 5392 1334 5450 aionem
1347 5411 1427 5459 tora,
1444 5403 1594 5452 monendus
1609 5413 1699 5456 nam.

144 5468 226 5529 ovid,
241 5490 272 5542 a,
289 5475 326 5530 υ)
341 5479 437 5541 pomo,
452 5474 526 5547 eleg,
543 5474 579 5532 a:
1057 5465 1114 5538 (87)
1153 5474 1165 5522 t
1180 5481 1233 5523 ms.
1250 5466 1277 5522 S.
1294 5465 1434 5525 Germani
1447 5482 1465 5524 a
1479 5466 1583 5526 Pretio.

179 5543 265 5620 Quem
278 5555 400 5619 poterant
415 5557 486 5604 recto
500 5544 625 5605 transire
639 5543 777 5602 Cerennio
792 5544 858 5600 tulo.
