3802 6030
47 254 127 314 rere
622 251 718 313 vrri
739 249 772 310 s.
796 246 989 309 nannum.
1013 278 1052 293 -
1073 249 1151 309 uro.
1175 250 1215 310 u.
1681 254 1759 317 tere
1796 224 1799 231 ’

45 385 161 455 Europa
177 386 239 439 tota
251 400 340 456 prope
356 383 537 456 quaesierunt
552 401 608 441 sua
622 389 698 441 vota.
892 389 921 452 Α
936 381 1004 437 Orat
1019 388 1184 452 prostratus
1196 383 1382 456 multumque
1398 385 1544 457 precando
1559 391 1704 446 moratus.

43 472 168 544 Jamque
183 472 234 527 vie
250 488 336 528 senos
352 489 454 529 cassus
470 471 554 528 labor
569 478 669 544 egerat
684 487 778 528 annos
935 470 1065 527 Tandem
1083 471 1210 529 surrexit
1225 480 1335 544 puerei
1350 472 1466 530 tumulo
1479 472 1568 530 simul
1584 474 1652 540 exit,

44 561 194 633 Septimus
208 566 356 619 Oceanum
370 563 454 632 jubat
466 578 563 618 annus
580 561 660 617 adire
688 560 875 632 Britannum,
936 558 1005 615 Post
1021 560 1211 618 mausoleum
1224 563 1352 620 reserens
1366 564 1402 620 da
1418 569 1511 620 morte
1525 562 1705 635 trophaeum,

45 652 107 717 Ouo
123 666 204 706 mare
218 651 379 707 transirent
394 650 419 707 ai
434 651 508 708 lorte
523 651 619 706 virum
635 651 814 721 reperirent:
933 649 985 705 Cui
998 650 1214 708 conchrismato
1228 669 1334 708 nomen
1349 652 1433 724 jubet
1447 669 1512 709 esse
1524 652 1646 724 Reoato,

46 740 104 796 Sed
118 740 187 811 quid
203 744 289 796 necto
305 745 442 797 moram?
464 739 595 796 Veniunt
608 741 645 795 ad
656 737 764 793 littoris
782 751 876 802 oram,
933 735 974 793 Ne
991 736 1065 794 iacto
1082 747 1176 796 metas
1188 742 1281 814 possit
1295 741 1365 798 dare
1377 740 1477 799 labilia
1493 746 1580 807 etas:

48 829 206 885 inveniunt
223 832 368 902 seriptum
382 829 597 902 quoddiximus
612 832 680 885 ante
691 824 840 895 relietum,
933 824 1002 881 Vita
1018 826 1183 886 iunctorum
1200 830 1243 886 nic
1256 830 1348 888 millia
1364 830 1444 888 milla
1459 832 1599 899 virorum,

47 916 184 974 Gaudent
199 934 254 989 spe
269 927 346 976 corta
361 918 446 992 quasi
458 918 568 991 jamsit
583 916 726 974 drachma
738 919 875 989 reperta;
935 918 969 971 st
984 921 1048 987 post
1065 916 1201 974 millenos
1217 921 1345 992 reparari
1366 921 1514 978 credimus
1530 936 1634 979 annos.

48 1011 181 1078 Puppam
208 1008 422 1075 conscendunt,
437 1013 465 1064 et
479 1008 514 1064 ad
529 1006 639 1080 anglos
654 1021 705 1079 per
720 1019 800 1060 mara
813 1007 876 1058 ten·
934 1002 1013 1068 Quos
1029 1003 1107 1062 dedit
1134 1005 1202 1064 hino
1220 1011 1343 1080 lructua,
1373 1009 1496 1067 Domino
1525 1010 1695 1080 mandante,
1714 1024 1762 1069 rc·

727 1094 823 1167 [dune
1576 1099 1706 1172 [ductos.

45 1184 120 1242 Cum
133 1186 232 1242 subito
246 1186 359 1244 saltum
375 1188 425 1244 dat
441 1188 477 1244 ab
492 1202 608 1260 equore
621 1184 711 1258 piscis
728 1184 757 1239 in
771 1181 876 1249 altum,
934 1192 1002 1258 ουρ
1018 1193 1095 1249 mata
1111 1196 1349 1267 pomppesstqvel
1361 1212 1424 1268 qu„
1440 1196 1582 1254 miracuta
1597 1198 1689 1272 genuit

47 1276 84 1330 Et
98 1275 217 1331 caditin
231 1277 328 1332 nerim
345 1283 467 1350 portans
481 1278 510 1333 in
527 1277 637 1333 viscere
652 1273 768 1341 clavim,
933 1279 997 1337 Non
1012 1280 1087 1339 valet
1103 1299 1134 1341 os
1151 1283 1215 1351 lari,
1231 1285 1363 1356 quianon
1378 1290 1502 1358 possunt
1517 1286 1678 1355 numerari,

46 1364 140 1421 Omne
152 1365 185 1437 [J.
202 1366 295 1438 Unde]
310 1366 402 1439 gavisi
420 1366 512 1439 piscis
528 1367 565 1423 de
580 1370 679 1423 venire
691 1361 779 1421 recisi
935 1372 1063 1438 Quorum
1076 1390 1169 1445 panna
1185 1374 1349 1433 notoduhio
1362 1380 1511 1447 comperta
1525 1380 1647 1432 remoto.

51 1455 154 1511 Clavea
168 1455 358 1529 eliciantque
374 1456 473 1514 tristes
491 1458 588 1514 denuo
603 1456 690 1521 liunt,
970 1459 1108 1518 Rusticus
1124 1479 1216 1521 ausus
1226 1473 1297 1533 erat,
1313 1481 1399 1537 quem
1411 1465 1503 1538 pestis
1519 1481 1605 1522 avara
1620 1465 1758 1538 replerat,

48 1543 125 1600 Dum
142 1544 263 1616 petiiset)
291 1552 397 1618 phinni
416 1564 542 1620 proquo
558 1547 644 1603 ioilbfl
660 1545 723 1601 loca
738 1543 876 1608 milhmin
933 1554 1072 1623 Tempore
1082 1551 1207 1609 flolemni
1217 1554 1370 1611 concidero
1385 1553 1467 1628 ligng
1482 1554 1613 1627 bipenni,

48 1634 122 1690 Nam
135 1634 232 1690 claves
243 1641 393 1705 nordnl,et
405 1637 441 1693 ob
456 1637 602 1708 hooquafll
613 1652 664 1708 pro
672 1631 875 1706 liddeplordlll,
933 1640 1135 1713 Astrictuqquo
1151 1658 1257 1699 munus
1267 1643 1496 1715 cupienfllmro
1511 1644 1652 1717 profanu.

48 1722 127 1779 Visio
143 1725 193 1779 aed
207 1731 319 1782 mentes
329 1726 484 1782 confirmat
494 1743 569 1782 vana
582 1727 731 1791 timentes,
892 1757 918 1825 Β
933 1730 1081 1803 Supplicia
1101 1729 1188 1803 digno
1204 1732 1345 1789 retinetur
1358 1733 1474 1790 vindice
1488 1732 1580 1806 ligno,

46 1811 173 1868 Hortaas
189 1830 225 1869 ne
240 1812 388 1883 dubitent,
408 1831 463 1871 neu
480 1821 565 1888 cepta
580 1814 664 1887 sequi
680 1828 735 1868 aaa
748 1811 842 1867 vitent
933 1829 1026 1894 Quam
1038 1831 1096 1887 „qm
1111 1834 1373 1890 mmmmm
1384 1838 1449 1905 post
1461 1834 1592 1907 quinque
1617 1834 1757 1907 gementi,

49 1901 92 1956 Ad
109 1902 338 1974 perquirendum
358 1904 449 1961 dubii)
466 1903 565 1977 procul
582 1900 802 1959 ifliffliffldflffi·
932 1924 1054 1977 Sanctus
1071 1925 1103 1976 at
1117 1922 1245 1992 agnovit,
1262 1927 1340 1980 tactu
1352 1924 1518 1981 medicante
1532 1924 1667 1990 removit,

51 1989 124 2045 Hinc
139 1991 251 2048 alacres
266 1993 334 2049 lacti
345 1993 402 2049 cito
417 1997 500 2048 trans
515 2009 594 2049 mare
609 1990 749 2048 fluctibus
759 1986 817 2045 acti
932 2009 1034 2066 Nervi„
1045 2011 1202 2068 commoti„
1218 2013 1253 2069 nd
1270 2014 1369 2070 munia
1384 2014 1479 2085 prim
1493 2015 1627 2072 reductis·

49 2079 225 2136 Pffl'lflilffll
240 2086 318 2137 ”0⁰2⁸
333 2083 479 2155 ffllssflllss
495 2083 531 2138 δᾶ
544 2080 652 2155 insilii&
667 2085 751 2150 ¹0⁰l³r
968 2099 1100 2172 Belgicus
1124 2117 1214 2159 ansus
1230 2102 1306 2160 idem
1321 2103 1375 2159 sub
1392 2110 1520 2176 tempore
1532 2103 1626 2160 sensit
1640 2105 1757 2176 eodem,

48 2167 202 2225 Minimus
215 2174 330 2242 gratum
341 2171 388 2227 ⁰¹¹l
406 2171 554 2243 imbelli
570 2168 743 2227 f⁸ffl¹¹l²¹¹¹ffl
932 2188 1045 2245 Pascha
1059 2190 1110 2247 Dei
1137 2193 1244 2249 lentum
1259 2210 1346 2264 quam
1368 2192 1408 2249 sit
1422 2198 1565 2250 temerare
1585 2194 1761 2256 molestum.

47 2257 118 2315 Ρθθῑ
132 2257 235 2331 01³1¹¹³⁸
249 2257 362 2315 ⁰¹0f⁰m
372 2261 445 2316 (ΜΕ
460 2261 546 2316 1θῦὶᾶ
561 2275 677 2331 quaque
691 2257 816 2314 dierum·
931 2277 1064 2351 Namque
1078 2279 1124 2337 die
1140 2298 1223 2337 sacro
1235 2286 1335 2339 contro
1354 2282 1398 2338 las
1412 2282 1531 2339 deditus
1545 2300 1615 2356 agro

47 2351 133 2404 Hunc
149 2347 199 2405 ubi
214 2347 303 2423 legati
319 2349 484 2406 venientem
497 2355 570 2405 sunt
583 2347 725 2422 speculati
931 2351 1079 2423 Compulit
1092 2353 1128 2408 ad
1144 2359 1259 2425 segetes
1275 2354 1443 2426 purgandas
1458 2355 1499 2412 ire
1509 2354 1649 2426 clientea;

44 2438 206 2495 Prosiliunt
221 2438 334 2505 stratis,
350 2438 442 2495 oeulis
460 2439 655 2510 manibusque
670 2435 784 2506 lavatis,
932 2438 1070 2495 Protinus
1085 2439 1128 2497 ira
1145 2441 1194 2497 Dei
1210 2440 1368 2498 violantem
1381 2443 1451 2514 ⁸iura
1466 2443 1523 2499 diei

46 2529 238 2603 amplexique
253 2534 340 2604 pedes
355 2531 503 2604 complent
518 2533 565 2589 his
578 2531 699 2590 vocibus
710 2530 806 2586 odes:
931 2527 1109 2586 huminibus
1124 2535 1223 2602 cacat,
1240 2531 1309 2603 quia
1322 2547 1398 2589 ceco
1411 2536 1526 2605 pectore
1541 2538 1655 2607 peccat,

45 2621 161 2692 Optime
172 2626 336 2694 pastorum,
356 2622 476 2678 undam
493 2622 632 2679 miserere
647 2625 784 2689 tuorum;
932 2616 1083 2675 Mensibus
1094 2617 1141 2675 hia
1157 2619 1251 2693 poenia
1266 2621 1414 2678 cruciatus
1430 2627 1474 2680 ter
1490 2621 1645 2692 duodenis,

46 2714 104 2764 Cur
118 2727 219 2782 paenas
234 2708 345 2767 luimus
356 2709 438 2769 lilur
452 2728 525 2786 gens
540 2713 671 2783 neglecta
684 2706 838 2781 perimus?
930 2707 1106 2780 conpulsus
1122 2709 1237 2765 tandem
1253 2709 1428 2767 medicinam
1445 2710 1538 2783 poscit
1551 2711 1697 2768 eamdem.

49 2799 90 2854 oh
107 2799 242 2872 quodvis
259 2800 370 2856 crimen
387 2802 523 2874 poprium
539 2817 597 2858 non
608 2800 702 2856 visere
716 2795 833 2854 liment
931 2794 1045 2853 Vestem
1060 2797 1208 2867 pontilicis
1224 2798 1291 2854 lerri
1306 2799 1363 2855 sibi
1379 2801 1500 2856 mandat
1511 2800 1626 2867 amicis,

50 2889 127 2946 Urbs
142 2894 193 2947 tua
205 2895 309 2947 mmsta
322 2892 413 2963 gamit
424 2893 494 2965 quia
504 2898 531 2949 ta
545 2891 602 2948 sibi
615 2906 703 2947 casus
718 2887 836 2952 ademit,
931 2885 994 2948 Qua
1007 2886 1065 2942 cito
1080 2891 1226 2958 contacta,
1242 2893 1312 2944 aunt
1325 2888 1440 2945 lumina
1454 2888 1552 2946 lueida
1566 2890 1650 2947 lacta.

49 2977 123 3035 Cum
140 2981 182 3037 aia
196 2986 368 3037 mansuetus
385 2985 481 3039 tantos
497 2997 533 3039 ne
547 2980 665 3053 deapica
681 2977 778 3047 lletus,
968 2986 1025 3041 Boo
1049 3000 1167 3057 quoque
1190 2985 1276 3042 laude
1289 2986 1352 3059 pari
1368 2986 1461 3059 signis
1474 2985 1551 3044 valet
1564 2988 1755 3048 annumerari

48 3069 65 3126 J
69 3085 127 3136 aro,
143 3086 227 3126 sacer
237 3071 371 3141 antistes,
387 3072 505 3144 capiant
517 3069 622 3127 solatia
637 3067 749 3134 tristes,
890 3114 912 3181 c
932 3073 1012 3140 Quod
1027 3088 1079 3145 per
1089 3073 1236 3146 pontilicis
1253 3076 1391 3132 meritum
1405 3076 1559 3133 concordia
1575 3076 1656 3148 pacis

49 3159 147 3215 Redde
162 3161 222 3217 tuis
237 3164 343 3231 risum,
355 3166 384 3216 te
400 3163 577 3231 discedente,
594 3158 736 3224 recisum,
932 3162 1104 3234 Andagavos
1114 3162 1207 3219 vinxit
1217 3166 1277 3220 toto
1286 3179 1343 3236 qno
1354 3169 1484 3239 tempore
1493 3164 1575 3222 vixit.

47 3249 90 3305 Ad
105 3255 167 3318 tua,
183 3256 294 3319 sancta,
312 3252 384 3320 redi,
400 3267 497 3306 vacuo
514 3258 539 3306 ta
555 3248 670 3305 reddito
681 3243 756 3302 aedi.
967 3250 1035 3322 lljus
1046 3255 1074 3308 at
1090 3251 1120 3308 in
1136 3251 1196 3308 vita
1210 3256 1280 3308 sunt
1294 3255 1449 3311 commoda
1465 3254 1509 3311 sic
1524 3253 1665 3323 stabilita,

47 3339 186 3412 Argolico
202 3341 304 3407 ductu,
318 3339 478 3397 famulante
494 3338 584 3395 maris
595 3350 713 3409 quoque
724 3332 816 3391 ductu
932 3339 969 3396 Ut
984 3340 1082 3396 modio
1110 3341 1223 3398 Cereris
1237 3342 1362 3414 pretium
1377 3359 1435 3399 non
1450 3351 1591 3401 cresceret
1606 3344 1683 3414 nris,

48 3428 209 3501 Imperium
225 3429 333 3485 Christi
351 3436 432 3486 terrae
443 3444 497 3485 nos
513 3426 628 3501 appulit
643 3423 704 3490 isti,
932 3432 972 3484 Ao
987 3444 1126 3485 mensura
1141 3429 1212 3486 meri
1229 3429 1273 3487 sio
1288 3447 1404 3504 semper
1418 3436 1517 3505 posset
1530 3431 1642 3501 haberi,

51 3516 112 3573 Neu
129 3518 262 3575 dubitare
279 3518 362 3586 velis,
378 3517 456 3575 verbi
470 3533 541 3590 cape
554 3517 639 3590 signa
650 3511 765 3569 fidelia:
932 3517 1079 3575 Fertilitas
1094 3518 1164 3576 anni
1179 3517 1346 3577 coalescens
1360 3536 1431 3594 pace
1443 3521 1575 3593 perenni,

48 3604 147 3664 clavas
160 3607 285 3665 amissas
296 3608 354 3663 huc
370 3608 476 3679 aspira,
493 3607 645 3664 reddimus
661 3603 751 3675 ipses.
932 3607 1076 3667 Uberibus
1092 3607 1186 3681 glebis
1201 3607 1361 3683 inpleverat
1375 3609 1480 3669 horrea
1490 3611 1595 3685 plebis.

49 3697 115 3752 Haeo
130 3698 179 3753 ubi
195 3697 344 3766 dixerunt,
356 3696 509 3769 clavesque
521 3697 618 3770 palam
628 3695 800 3768 posuerunt,
931 3697 1028 3759 sensit
1038 3706 1174 3770 preterea
1189 3698 1319 3756 retinens
1333 3716 1368 3756 ex
1382 3699 1466 3758 hoste
1482 3699 1612 3775 trophea

47 3785 84 3841 Et
94 3786 287 3842 recitaverunt
297 3803 360 3858 que
375 3785 453 3842 diota
469 3785 513 3842 vel
524 3794 588 3842 ncta
599 3785 730 3851 luerunt,
931 3792 1028 3862 Pagus
1042 3786 1248 3845 commonicus
1263 3787 1377 3845 Domini
1392 3789 1461 3862 quid
1478 3790 1573 3862 possit
1586 3789 1699 3848 amicus

50 3877 108 3933 'l'ot
121 3876 215 3947 signia
228 3876 323 3932 victus
337 3876 487 3932 consensit
501 3875 545 3930 vir
560 3871 739 3930 benedictos.
930 3876 1016 3933 Celsa
1031 3891 1102 3948 rope
1118 3876 1193 3933 situs
1209 3877 1297 3948 prisci
1313 3877 1448 3950 contagio
1465 3880 1549 3936 ritus.

43 3964 129 4021 Fient
145 3965 195 4038 qui
212 3970 371 4038 presentes
386 3967 507 4020 aderent
526 3965 647 4035 inopina
661 3966 787 4033 tuentes,
967 3964 1070 4023 Martis
1084 3964 1241 4022 lucuserat
1252 3966 1430 4039 quempleba
1442 3967 1589 4024 celebrare
1604 3971 1716 4039 soeret,

52 4054 284 4129 Pauperiemque
299 4053 351 4110 viri
367 4054 515 4111 mirantur
529 4055 566 4110 nd
581 4055 639 4111 isto
654 4055 774 4128 requiri.
931 4053 1066 4110 Cedibus
1081 4053 1195 4113 insanis
1203 4059 1270 4128 post
1284 4054 1352 4111 vine
1366 4055 1490 4112 lurendo
1505 4064 1576 4127 quot
1591 4056 1677 4113 annis

48 4148 139 4205 Fama
155 4147 211 4204 ciet
226 4153 326 4218 gentos
336 4143 401 4202 looa
415 4145 595 4202 circumfusa
606 4149 748 4216 tenentes,
931 4143 1054 4201 Vertens
1068 4145 1098 4200 in
1115 4144 1207 4203 letum
1218 4145 1286 4202 rixo
1297 4144 1444 4219 cedisque
1460 4149 1584 4203 reatum

46 4237 160 4294 Laudes
176 4238 286 4293 inventi
303 4237 430 4293 recitans
445 4250 582 4292 sermone
596 4236 754 4308 frequenti,
930 4236 1056 4291 Sanctus
1072 4238 1104 4290 ut
1115 4233 1168 4291 hoo
1184 4235 1268 4292 seivit
1282 4233 1384 4292 lucum
1400 4233 1526 4292 lsstlnus
1542 4234 1644 4302 adivit,

51 4326 133 4393 Quod
151 4344 275 4399 magnus
298 4326 403 4399 presul
420 4326 555 4382 latuisset
573 4343 681 4398 paruus
696 4331 726 4383 et
745 4327 837 4385 exsul.
931 4322 965 4378 lit
981 4323 1181 4396 preoejeJuno
1194 4323 1264 4381 dum
1281 4328 1365 4379 noete
1378 4322 1533 4380 Dominum
1549 4326 1632 4395 rogat
1647 4338 1707 4379 une

50 4415 147 4472 Currit
159 4416 320 4473 cumdonia
340 4415 422 4488 plebs
438 4417 524 4473 totius
541 4416 678 4490 regionia,
930 4413 1024 4467 cantu
1040 4409 1185 4485 gallorum
1200 4411 1643 4484 iugatagminadamoniorum.

52 4509 111 4561 Rex
121 4507 209 4564 etiam
220 4511 302 4562 terrm
315 4506 433 4563 festinat
446 4522 570 4563 munera
585 4506 668 4562 forre.
890 4487 914 4553 Ῑ)
929 4501 1020 4556 Nares
1035 4503 1210 4572 plusculum
1226 4499 1380 4557 conirisslttl
1395 4500 1467 4556 odor
1485 4500 1661 4573 fugientum.

51 4594 197 4651 Hactenus
212 4595 343 4667 ignotum
360 4595 474 4651 cunctis
485 4598 529 4651 est
543 4595 638 4650 visere
651 4599 772 4663 votum;
932 4589 1017 4645 Mane
1025 4589 1111 4662 jubet
1121 4589 1317 4657 credinemns,
1333 4592 1362 4644 et
1374 4604 1430 4645 non
1447 4596 1515 4646 ante
1530 4588 1627 4647 recedi

47 4684 95 4738 Sic
112 4684 194 4738 donis
210 4681 291 4738 dices
307 4682 465 4739 comitatur
476 4682 511 4737 ad
528 4697 647 4753 equora
662 4683 751 4751 cives,
931 4676 1107 4749 Suppositua
1117 4676 1207 4749 lignis
1222 4693 1310 4749 quam
1328 4677 1433 4735 robora
1445 4679 1562 4736 devorat
1576 4679 1663 4751 ignis,

51 4771 296 4842 Transmisaoqua
312 4771 387 4827 mari
403 4771 505 4842 procul
522 4786 643 4826 occursu
665 4770 800 4844 populari
930 4764 1121 4839 Brclasiaque
1135 4765 1185 4823 lici
1200 4765 1260 4822 vioe
1278 4782 1342 4824 mox
1356 4772 1494 4841 surgente
1510 4767 1641 4842 trophei,

51 4861 144 4933 Digne
160 4860 330 4932 suscipitur,
340 4858 581 4932 postliminioque
594 4859 714 4931 potitur.
931 4853 1072 4911 Flammis
1084 4856 1229 4912 lustratus
1238 4853 1320 4913 locus
1330 4862 1376 4914 est
1385 4857 1468 4914 Petra
1480 4861 1562 4914 casta
1575 4863 1704 4916 uocatus.

57 4952 298 5017 ihbdouantus
308 4964 549 5021 concursusque
564 4948 755 5007 succlamatio
762 4964 876 5032 rursus,
967 4946 1010 5002 Ad
1029 4945 1144 5001 Domini
1159 4943 1280 5002 laudem
1295 4947 1352 5002 sub
1363 4955 1493 5019 tempore
1507 4945 1600 5021 gessit
1612 4948 1715 5006 eodem

50 5042 129 5105 Quas
145 5041 279 5096 dederint
290 5045 389 5110 gratas
406 5038 507 5095 nullus
517 5037 593 5095 valet
607 5040 692 5096 edere
705 5041 805 5109 ναίους
936 5035 1013 5092 Urba
1027 5035 1210 5092 Ginomanna
1225 5033 1343 5092 rediens
1358 5032 1497 5093 miracula
1508 5052 1625 5110 magns.

49 5129 107 5184 sed
127 5146 185 5185 non
198 5128 378 5200 antepedam
394 5128 478 5201 prius
493 5128 530 5184 ad
543 5128 691 5201 propriam
707 5127 876 5185 tulitadem
932 5124 1008 5181 Pons
1018 5130 1063 5181 est
1078 5141 1133 5180 non
1150 5124 1247 5198 longa,
1263 5130 1347 5181 vocat
1362 5124 1442 5182 bunc
1454 5124 1562 5182 vicinia
1577 5124 1693 5200 Lange:

55 5219 146 5282 Quam
162 5217 310 5275 tumulum
323 5223 432 5291 peteret
445 5217 529 5290 pueri
545 5219 594 5289 qui
609 5219 740 5275 membra
750 5222 877 5275 teneret:
932 5212 985 5271 Hic
999 5212 1115 5270 oblatus
1132 5212 1156 5269 el
1173 5218 1302 5286 puerant
1316 5214 1430 5271 misere
1443 5215 1561 5286 speciei,

52 5306 94 5364 Dc
104 5308 225 5364 Domino
240 5307 311 5363 fisus
327 5307 383 5363 sibi
399 5306 449 5378 qui
467 5322 518 5378 per
532 5306 650 5364 somnia
663 5307 745 5364 visua
932 5299 1072 5359 Membris
1087 5307 1255 5359 contractus
1272 5302 1425 5376 morbique
1441 5302 1536 5376 rigore
1550 5306 1669 5360 coactns

50 5395 185 5452 Dixerat:
203 5395 354 5453 indultum
371 5395 421 5451 tibi
437 5395 477 5451 sit
493 5410 628 5452 reuocare
640 5396 801 5469 sepultum,
933 5392 965 5449 ln
981 5390 1109 5464 speciem
1124 5391 1238 5463 spherae
1254 5393 1408 5451 sinuatum
1425 5408 1531 5464 eorpus
1543 5390 1662 5461 habere,

48 5488 107 5541 Pro
127 5500 185 5557 quo
200 5485 243 5542 sic
253 5485 353 5556 justas
368 5488 481 5556 septem
498 5489 565 5558 post
580 5484 683 5559 mortis
698 5483 815 5542 aristas.
936 5481 1026 5548 Quem
1043 5484 1118 5536 Deua
1130 5477 1235 5537 evolsit
1249 5488 1408 5556 postquam
1425 5496 1508 5539 sacer
1529 5496 1579 5538 ora
1594 5475 1724 5547 resolvit,

43 5578 163 5649 Aggere
178 5574 291 5647 dejecto
306 5573 412 5632 rostris
424 5573 599 5647 tumuloque
611 5578 718 5632 retecto
933 5571 1092 5648 Vinclaque
1103 5574 1240 5632 tormenti
1256 5579 1422 5649 praesuunt
1433 5574 1532 5632 laxata
1545 5571 1669 5647 potenti.
