3802 6030
92 184 173 259 'tere

618 184 797 250 nanneni
820 184 1061 250 senonensis
1085 185 1256 249 srtsccri

1740 180 1799 243 ten

88 327 193 390 1619
209 327 412 385 denumerata
434 323 525 381 lucris
545 323 615 380 dare
634 339 756 398 corpora
769 323 858 381 chara
873 339 920 380 se·
936 335 960 400 Α
976 322 1037 387 Ouo
1051 324 1150 380 sorbet
1164 321 1244 377 vivos
1259 318 1374 375 ballena
1388 317 1438 374 Del
1454 315 1623 388 fugitivos.

752 413 885 489 [pulcria,

90 507 164 564 Num
189 506 331 561 damnum
360 503 457 559 nescit
484 502 621 576 quisquis
638 502 674 558 de
690 502 792 559 lunare
807 501 920 558 crescit.

90 594 186 653 titii.
203 595 383 666 Reprehensio
392 595 532 666 superfluo
543 610 597 648 um
610 595 640 649 in
652 591 792 666 epitaphio
806 593 922 649 loannis

450 683 569 738 tributis.

94 773 176 838 Quod
193 773 296 829 multis
310 773 395 829 annis
415 774 532 829 duravit
552 774 611 827 vila
625 771 761 839 loannis,

97 862 156 919 Nec
171 881 236 929 sua,
251 864 322 920 dum
339 865 418 929 vivit,
436 865 511 921 bena
526 862 693 919 sollicitudo
710 860 832 931 refrixit,

95 954 151 1009 Sed
170 952 292 1010 meliora
308 955 405 1021 honis,
422 953 594 1009 melioribus
609 954 722 1023 optima
731 952 857 1021 jungens

93 1041 215 1099 Turrem
231 1049 374 1098 vrrtutum
391 1060 450 1114 qua
465 1042 677 1098 conscenderet
692 1041 785 1095 ardua
804 1034 869 1094 cmii

95 1135 221 1188 Feruens
237 1133 380 1198 l'undavit,
403 1132 558 1187 feruentior
576 1129 747 1194 aedificavit,-

96 1219 178 1286 Qucd
197 1224 269 1277 bene
285 1237 338 1277 vox
355 1221 437 1292 rexit,
454 1221 524 1275 dum
540 1237 572 1276 se
589 1236 639 1288 pro
654 1225 783 1288 tempore
798 1215 887 1283 tinxit,

102 1313 221 1382 lingens
236 1317 265 1366 et
282 1326 424 1381 pungens,
440 1314 469 1364 ot
486 1309 607 1364 mitibus
625 1324 729 1380 aspera
752 1308 889 1378 jungens,

105 1398 186 1464 Quod
204 1399 341 1455 mandata
356 1400 404 1455 liei
420 1397 544 1455 servavit
558 1414 608 1470 spe
624 1397 747 1470 requiei,

95 1487 177 1553 Quod
193 1504 244 1559 pro
259 1487 383 1543 servatis
398 1505 452 1544 sua
467 1504 530 1543 sors
546 1493 590 1543 eet
604 1488 710 1558 juncta
730 1482 834 1543 beatis.

98 1576 159 1633 Huc
174 1582 270 1632 tntum
285 1576 503 1650 legimusqued
519 1576 630 1633 seilicet
647 1576 716 1632 utile
732 1575 851 1642 scimus,

99 1667 160 1724 Heu
174 1671 204 1722 et
218 1667 385 1736 laudamus,
397 1671 426 1724 et
441 1668 564 1739 dignum
579 1664 666 1722 laude
680 1666 851 1738 probamus,

100 1754 173 1813 Narn
189 1757 263 1812 bene
277 1754 425 1819 laudatur,
441 1773 509 1830 quo,
531 1758 581 1827 qui
597 1754 869 1828 legit,;aediiicatur.

99 1847 129 1900 si
144 1845 240 1902 burrus
262 1846 319 1901 ista
333 1845 414 1914 lenit,
437 1845 555 1918 gaudet,
572 1846 640 1918 quia
661 1844 737 1916 quod
754 1842 833 1916 legit,
847 1841 926 1916 egit:

99 1935 130 1993 Si
147 1934 253 2003 malua,
270 1936 338 1992 inde
354 1935 432 1993 dolel
443 1938 521 2009 quod
538 1938 577 1991 sit
593 1935 699 2006 malus,
711 1935 810 1991 ell‘ere
825 1932 926 1990 nollet.

97 2024 179 2089 Quod
198 2043 264 2082 vero
279 2031 371 2082 restat
385 2025 485 2081 lectori
506 2024 591 2081 taedia
611 2030 739 2098 praestat,

101 2119 135 2169 tit
151 2116 365 2188 peregrinatur,
380 2131 434 2171 nec
450 2115 500 2187 qui
518 2114 587 2187 legit
602 2115 775 2180 edificatur,

100 2200 174 2260 Nam
190 2220 331 2276 quorsum
346 2205 451 2270 tendit,
463 2204 518 2271 rel,
535 2220 643 2277 queso,
658 2203 728 2276 quid
745 2200 816 2258 utile
827 2199 928 2273 pendit

100 2291 184 2358 Quod
196 2293 324 2351 Februus
336 2295 446 2352 mensis
455 2293 511 2349 luit
523 2293 591 2349 huic
609 2292 693 2365 qusai
703 2290 818 2347 lethifer
836 2290 927 2360 ensis,

102 2383 183 2446 Quod
202 2391 270 2440 tunc
285 2383 374 2439 exivit
388 2399 455 2440 eum
475 2383 571 2455 pisces
585 2381 710 2438 Phoebus
726 2379 820 2437 inivit.

100 2472 215 2528 Addere
230 2473 272 2529 sic
288 2489 390 2544 possea
405 2487 588 2545 quecunque
603 2469 752 2543 superflua
771 2483 875 2527 nosses

105 2558 176 2616 Cum
193 2561 298 2617 caelum
317 2578 448 2630 sursum,
460 2577 527 2617 cum
543 2564 635 2616 staret
649 2563 728 2615 terra
742 2558 891 2626 deorsum,

105 2651 176 2704 Cum
194 2650 304 2721 Ligeris
322 2651 436 2719 flueret,
453 2666 520 2705 eum
535 2649 629 2704 ventis
645 2648 721 2701 unda
737 2652 871 2716 tumeret,

106 2740 175 2793 Cum
193 2738 288 2810 pisces
303 2743 413 2804 natent,
434 2753 501 2793 cum
519 2735 658 2807 passeruli
675 2735 838 2803 volitarent,

104 2825 175 2883 Cum
193 2825 297 2882 mulier
312 2832 403 2893 neret,
420 2842 486 2881 curn
504 2825 622 2898 parvule
637 2823 698 2879 illia
713 2822 802 2881 lieret.

101 2918 129 2969 si
147 2916 197 2970 liat
213 2916 344 2971 calamus
361 2921 444 2972 stans
460 2915 556 2972 curnis
574 2915 602 2969 in
618 2915 722 2969 arbore
738 2930 849 2981 remus,

977 413 1032 480 Qui
1047 410 1149 484 culpas
1165 410 1250 477 fletis,
1266 424 1404 482 maguum
1420 407 1557 465 solamen
1573 402 1731 473 habebis3

977 501 1039 558 Non
1056 501 1227 573 desperetis,
1242 500 1310 572 quia
1326 499 1429 554 cedent
1441 496 1543 552 tristia
1559 495 1606 550 ta·
1617 495 1660 549 is.

977 595 1017 646 Tu
1034 592 1082 662 qui
1098 591 1257 660 delinquis,
1273 596 1303 643 tu
1319 588 1369 661 qui
1390 587 1496 642 delicta
1520 584 1696 656 relinquis,

979 681 1019 736 Ex
1035 681 1107 735 libre
1122 680 1203 736 lousa
1218 681 1393 735 documenta
1412 677 1465 732 tibi
1481 678 1543 731 dun
1561 691 1660 746 pone.

980 771 1075 828 Lectio
1095 779 1245 844 gestorum
1267 769 1317 825 titi
1338 770 1378 824 sit
1398 765 1523 824 delectio
1543 766 1580 840 [s.
1598 763 1806 838 directi01ms

1713 854 1785 928 [run

979 947 1052 1008 Urbs
1068 949 1171 1021 ingens
1190 947 1302 1015 Ninive,
1323 946 1416 1003 multo
1433 944 1645 1003 celeberrima
1660 945 1738 1011 eive,

979 1040 1084 1098 1680
1101 1039 1213 1096 trivitiis
1234 1040 1369 1111 opulens,
1390 1037 1471 1109 regui
1498 1035 1684 1092 diademate
1701 1033 1806 1108 pollent,

980 1129 1033 1186 Per
1048 1136 1162 1202 turpem
1180 1128 1265 1184 vitatu
1284 1129 1439 1183 Dominum
1455 1129 1629 1183 commouit
1647 1123 1773 1182 inirem

978 1222 1032 1276 Sed
1048 1221 1125 1277 Deus
1137 1221 1229 1276 iratus
1244 1218 1343 1275 differt
1353 1219 1454 1291 punire
1471 1224 1581 1274 reatus
1596 1237 1606 1281 t

979 1311 1049 1366 Vult
1067 1311 1180 1366 veniam
1197 1308 1373 1381 qusri,vult
1387 1309 1523 1364 offensus
1542 1306 1703 1375 misereri,

979 1399 1053 1465 Erae
1067 1404 1151 1455 vocat
1164 1397 1282 1464 innam,
1299 1399 1385 1455 decet
1399 1397 1581 1470 impendere
1600 1397 1730 1453 ruinam

980 1488 1061 1554 Urbi,
1077 1489 1120 1546 sic
1137 1488 1247 1544 merita
1264 1504 1315 1562 per
1329 1487 1427 1559 turpia
1441 1487 1577 1544 crimina
1600 1489 1687 1544 vita.

980 1578 1072 1650 Surge
1086 1595 1169 1636 mens
1183 1585 1275 1646 votes,
1289 1578 1482 1651 propriosque
1493 1577 1642 1649 relinque
1654 1580 1790 1650 penaten

940 1688 964 1754 [i
981 1670 1023 1726 Ad
1037 1668 1161 1723 Niniven
1178 1683 1309 1740 propera,
1326 1667 1402 1723 refer
1416 1667 1475 1723 illia
1498 1668 1634 1739 propria
1653 1667 1758 1722 verba.

981 1758 1080 1813 Clama
1095 1772 1145 1828 per
1159 1758 1247 1823 vices,
1262 1758 1397 1812 terrendo
1411 1772 1494 1812 meos
1508 1755 1686 1826 inimlcns;

981 1847 1057 1908 Urbs
1071 1851 1217 1903 evertetur
1234 1846 1322 1903 eitius
1337 1862 1424 1918 quam
1440 1845 1579 1919 quisque
1604 1851 1740 1913 veretur,

981 1940 1061 1995 Cives
1076 1938 1186 1999 impuri
1198 1944 1269 1993 sunt
1283 1942 1348 2009 post
1363 1938 1512 1992 medicum
1532 1937 1685 2008 perituri.

981 2027 1069 2085 Jonas
1085 2027 1227 2094 surrexit;
1243 2026 1294 2082 sed
1315 2026 1371 2081 iter
1387 2042 1435 2096 per
1450 2026 1536 2081 devia
1554 2026 1655 2095 nexit,

981 2119 1024 2176 Ad
1042 2133 1122 2174 mare
1137 2117 1298 2184 descendit,
1314 2117 1384 2171 dum
1404 2115 1558 2172 Tnarsum
1579 2131 1712 2189 pergere
1727 2114 1812 2169 leniit

981 2208 1043 2266 Neu
1059 2214 1122 2264 erut
1138 2207 1189 2262 troc
1209 2206 1340 2278 jussum,
1357 2213 1453 2260 tamen
1477 2211 1567 2276 optat
1590 2221 1721 2278 pergere
1736 2204 1813 2260 Thar-

1693 2294 1787 2367 [surm

980 2384 1035 2439 Sed
1053 2387 1209 2458 profugum
1226 2385 1340 2442 Domini
1358 2384 1463 2442 fluctus
1480 2389 1616 2442 tenuere
1631 2384 1753 2441 marini.

982 2471 1152 2530 Oanimum
1170 2474 1245 2530 vatis
1265 2474 1400 2530 miranda
1420 2473 1637 2545 simplicitatis
1655 2471 1663 2529 l

982 2560 1012 2617 Si
1024 2565 1121 2631 procul
1131 2579 1195 2620 esse
1208 2570 1289 2635 putat
1298 2562 1452 2619 Dominum
1461 2562 1532 2629 sibi,
1544 2563 1628 2620 dum
1640 2564 1709 2619 loce
1720 2563 1805 2628 mutat

981 2648 1035 2714 Oui
1052 2651 1177 2724 complet
1191 2659 1285 2709 tntum
1298 2650 1369 2708 nihil
1386 2652 1455 2708 huie
1469 2650 1550 2708 valet
1567 2669 1642 2710 esse
1662 2658 1804 2709 remotum

981 2742 1009 2795 Si
1026 2747 1105 2813 petat
1119 2741 1265 2798 internum
1278 2743 1403 2814 fugiens,
1417 2758 1588 2814 regnumve
1604 2759 1778 2816 supernum,

981 2831 1044 2884 Stat
1060 2829 1137 2886 Deus
1153 2831 1183 2886 in
1198 2838 1288 2901 terge,
1309 2831 1483 2904 lugieusque
1504 2833 1634 2887 desinat
1648 2849 1732 2904 ergo.

981 2919 1036 2975 Sed
1051 2920 1134 2989 juvat
1148 2921 1255 2976 attendi
1273 2937 1335 2992 que
1351 2937 1440 2976 causa
1455 2921 1512 2976 luit
1528 2920 1684 2994 fugiendi.

101 3006 200 3062 Fiatet
213 3006 380 3062 incaustum
394 3006 471 3079 qued
484 3005 614 3077 suggerit
627 3002 765 3058 cornibus
776 3002 926 3070 baustum,
943 3008 965 3075 c
985 3007 1070 3064 Forte
1086 3012 1193 3066 timeus
1214 3012 1316 3075 istum,
1333 3025 1390 3066 non
1411 3009 1463 3065 ivit
1475 3012 1697 3069 vaticinatum.

101 3095 129 3151 Sr
148 3113 199 3167 pru
213 3099 381 3151 membrano
398 3097 457 3151 sint
472 3096 572 3150 omniu
587 3108 709 3165 corpora
724 3091 822 3164 plane,

99 3187 163 3241 Viri
181 3186 222 3242 vel
241 3186 330 3241 tonui
345 3189 370 3242 si
386 3186 517 3242 scribant
535 3185 606 3239 talia
626 3185 736 3248 cuncti,

99 3276 184 3332 Vivus
198 3276 242 3331 vel
257 3275 374 3331 iunctos
390 3275 544 3331 lassabunt
558 3272 629 3328 talia
641 3276 773 3343 cunctus,

168 3364 253 3422 xcii.
271 3365 320 3421 De
330 3364 490 3438 differentia
503 3361 666 3418 meritorum
680 3366 707 3417 et
722 3361 854 3418 locorum.

100 3454 221 3520 Coelum,
238 3460 327 3518 terra,
347 3455 447 3519 chaos,
464 3452 613 3507 distinctio
633 3450 711 3506 trina
724 3447 869 3516 locorum,

103 3542 259 3614 Excipiunt
274 3558 389 3598 ammas
406 3539 589 3613 prejudiciis
606 3539 796 3606 meritorum

103 3629 196 3686 Valde
212 3646 339 3700 namque
358 3630 443 3685 benis
458 3627 530 3684 coeln
546 3628 853 3697 deiurasseperenne,

104 3718 280 3791 Egregieque
301 3717 386 3773 malis
402 3718 458 3773 cito
475 3715 607 3772 redditur
621 3715 665 3769 ira
679 3717 836 3787 gehenne:

100 3809 153 3863 His
164 3807 215 3879 qui
225 3813 295 3863 sunt
305 3813 454 3877 neutrum,
465 3807 516 3862 sed
530 3810 600 3861 sunl
612 3810 709 3860 tamen
725 3805 800 3861 inter
812 3809 925 3862 utrum-

818 3893 888 3967 {que

97 3984 236 4042 Traditur
249 3985 280 4040 in
296 3989 374 4041 terra
395 3983 492 4056 qualis
514 3983 799 4055 purgationemque,

96 4076 192 4134 'l'elria
207 4092 335 4148 numque
352 4074 421 4130 laria
437 4075 605 4130 cruciantur
621 4073 726 4145 trigone
743 4072 885 4145 quadam,

96 4166 294 4231 Quarumdam
317 4165 444 4221 darrrmis
459 4162 562 4219 terreri
583 4162 707 4217 crimina
722 4163 851 4233 credam,

97 4258 151 4313 Per
168 4272 256 4322 mare,
274 4272 327 4328 per
343 4262 435 4311 terras
451 4255 511 4326 egit
526 4253 579 4308 has
590 4253 670 4309 labor
685 4253 867 4325 irrequietas,

96 4348 224 4414 Quarum
242 4345 392 4401 nonnullis
416 4343 491 4400 solet
505 4359 694 4415 apparescere
709 4351 812 4399 certus.

94 4435 152 4492 Has
168 4453 231 4507 qura
247 4443 317 4491 suut
333 4433 414 4489 valdo
435 4438 570 4506 precibus
587 4449 642 4487 nnn
664 4448 749 4504 pesse
764 4430 861 4502 juvari

94 4525 124 4582 Si
139 4526 297 4598 quisquam
320 4525 446 4589 dubitat,
463 4523 540 4578 valet
555 4522 607 4576 hac
629 4526 739 4578 ratione
755 4519 883 4593 probari.

93 4619 168 4671 Nam
185 4631 269 4687 prece
283 4614 372 4671 deleri
386 4612 488 4686 nequit
502 4611 609 4668 lnlerni
624 4612 783 4680 cruciatus,

94 4701 152 4761 Nee
168 4704 314 4760 meliorari
330 4719 414 4776 prece
429 4701 493 4775 quit
508 4717 595 4773 super
609 4707 689 4756 astra
704 4698 829 4756 locatus.

95 4790 196 4849 Restat
211 4800 244 4849 ut
258 4793 313 4849 bos
332 4797 449 4849 tantum
466 4807 549 4863 prece
571 4787 778 4846 commendare
793 4788 919 4847 velimus

93 4881 223 4946 Quorum
238 4898 290 4954 per
305 4897 405 4955 paenas
420 4879 538 4953 purgari
555 4878 679 4934 erimina
694 4878 828 4947 scimus3

91 4971 134 5031 De
149 4989 274 5047 quorum
293 4990 415 5029 numere
435 4974 580 5046 quianon
598 4971 654 5027 tuit
673 4970 729 5027 ieie
743 4971 846 5028 beatus

91 5061 239 5118 Emendat
260 5063 393 5130 {necibus
409 5079 522 5118 nostros
543 5060 636 5133 magia
659 5063 720 5132 ipse
737 5066 845 5117 reatus.

233 5151 327 5208 thll.
346 5154 532 5224 Naufragium
546 5153 626 5208 lonae
639 5151 781 5222 propterca

94 5238 152 5297 Vos
167 5241 219 5313 qui
241 5242 370 5306 nescitis,
388 5260 466 5298 nune
482 5243 584 5297 discite
603 5241 639 5295 de
654 5240 808 5307 Ninivitis;

93 5329 201 5386 Discite
214 5328 250 5386 de
264 5330 339 5387 Jena
358 5330 513 5386 Dnrrrinum
531 5329 659 5402 fugiente
672 5331 824 5401 propheta,

93 5418 224 5486 Qualiter
239 5426 285 5478 est
306 5437 433 5487 mersus,
448 5419 494 5475 vel
509 5419 635 5492 qualiter
655 5418 723 5475 inde
739 5434 880 5478 reversus.

91 5506 146 5574 Qui
162 5512 317 5570 Dominum
334 5511 445 5583 sugitis,
463 5509 557 5582 pelagi
574 5509 733 5568 discrimen
749 5510 848 5580 aditis,

984 3097 1056 3154 Nam
1074 3101 1141 3170 quia
1158 3107 1284 3171 pnrtnret
1299 3100 1377 3173 quod
1395 3100 1487 3169 plebis
1504 3101 1602 3156 cerda
1617 3103 1763 3175 gravaret,

981 3185 1108 3242 Nuntius
1124 3189 1272 3254 interitus,
1292 3188 1363 3245 satis
1384 3192 1455 3245 toret
1473 3190 1614 3262 undique
1630 3193 1729 3260 tritus,

980 3274 1028 3331 Vel
1043 3276 1141 3349 gladic
1157 3283 1278 3347 stratus,
1295 3278 1339 3334 rel
1356 3279 1476 3335 lortisan
1495 3279 1562 3349 igue
1581 3290 1747 3350 crematus,

978 3368 1015 3422 nt
1031 3383 1087 3423 nnn
1103 3374 1148 3424 est
1164 3368 1257 3434 lertis,
1278 3367 1329 3441 qui
1344 3369 1386 3424 sic
1398 3370 1480 3425 timet
1496 3368 1610 3427 ultima
1627 3370 1745 3441 mortis,

978 3453 1101 3512 Uibenn
1116 3472 1200 3529 posse
1215 3458 1290 3514 meri
1305 3458 1368 3513 vite
1382 3463 1540 3530 postponat
1555 3460 1678 3518 amori:

977 3543 1205 3613 NecDominum
1220 3547 1322 3614 credit,
1339 3549 1390 3620 qui
1410 3548 1541 3605 nonsibi
1562 3555 1651 3606 tutus
1667 3547 1772 3606 obedit.

977 3634 1050 3707 Ergo
1066 3651 1154 3691 causa
1170 3635 1242 3707 iuge
1258 3652 1316 3693 nen
1332 3637 1465 3693 convenit
1480 3637 1543 3694 ista
1558 3639 1727 3711 propheta.

976 3723 1030 3779 Sed
1047 3725 1200 3780 Dominum
1223 3733 1317 3795 norat,
1333 3727 1403 3797 quia
1424 3742 1477 3782 nos
1492 3742 1637 3786 revocare
1652 3728 1771 3795 luberet,
1819 3790 1824 3801 ι

977 3811 1011 3868 ltt
1024 3813 1081 3869 cite
1095 3814 1251 3879 condonat,
1266 3815 1290 3870 ai
1307 3815 1374 3888 quis
1396 3814 1473 3871 mala
1487 3817 1620 3886 pristina
1638 3823 1739 3890 ponat.

976 3906 1050 3959 Nam
1066 3919 1120 3959 cur
1135 3903 1302 3975 premunit,
1319 3921 1440 3961 curneu
1453 3905 1512 3960 cito
1527 3905 1662 3964 crimina
1678 3905 1767 3980 punit,

976 3990 1122 4063 Curjucet
1136 3996 1204 4047 ante
1234 3993 1339 4058 minas,
1357 3993 1415 4050 nisi
1443 3993 1521 4065 qued
1538 3995 1612 4052 dare
1636 3997 1705 4053 vult
1722 3991 1793 4051 medi

1689 4084 1695 4097 '
1760 4082 1772 4139 i

973 4170 1096 4227 Terriiat
1110 4175 1251 4245 agrotum
1273 4171 1413 4239 medicus,
1430 4176 1509 4245 petat
1525 4176 1559 4229 ut
1576 4175 1638 4231 sibi
1657 4085 1767 4249 {aeolidis

975 4262 1031 4316 lloc
1047 4262 1149 4317 timuit
1166 4260 1286 4324 missus,
1305 4276 1391 4332 quem
1412 4263 1601 4319 conservavit
1616 4265 1756 4338 abyssus,

937 4349 1016 4444 DNe
1035 4350 1215 4418 mentiretur,
1232 4350 1287 4406 nisi
1306 4349 1418 4406 dictum
1435 4367 1478 4407 res
1493 4361 1688 4424 sequeretur.

978 4441 1090 4496 Diceret
1104 4441 1204 4507 everti,
1220 4457 1293 4511 quos
1308 4442 1396 4497 sciret
1411 4457 1496 4514 posse
1513 4445 1638 4514 reverti,

974 4530 1028 4598 Qui
1041 4530 1066 4587 si
1082 4530 1233 4595 rescirent,
1252 4530 1332 4586 nulla
1349 4531 1463 4588 rationu
1480 4533 1628 4604 perirent,

973 4621 1114 4677 Conscius
1129 4636 1197 4691 ergo
1214 4619 1265 4676 Dei
1281 4620 1423 4692 legitera
1444 4622 1498 4694 pia
1512 4622 1611 4693 t'aciei,

973 4708 1129 4767 Descendit
1140 4708 1275 4781 anpem,
1293 4710 1413 4766 festinat
1427 4711 1571 4767 scandere
1587 4728 1735 4786 puppem.

972 4798 1130 4857 Dimmlttit
1146 4798 1242 4869 littus,
1267 4800 1352 4870 qussi
1369 4798 1434 4870 plus
1458 4801 1500 4856 uie
1515 4801 1546 4857 in
1564 4818 1689 4876 sequere
1714 4806 1790 4860 tetur.

973 4888 1028 4945 Sed
1042 4903 1186 4944 maranen
1197 4889 1300 4957 nescit,
1311 4889 1390 4961 quod
1401 4888 1539 4946 fluctibus
1550 4888 1792 4966 undiquecrescii

971 4977 1043 5034 Cum
1060 4977 1141 5035 rabie
1157 4977 1233 5032 renti
1249 4979 1366 5034 turbare
1378 4979 1453 5035 vium
1470 4979 1608 5052 fugienti.

971 5067 1068 5123 Turbo
1086 5066 1162 5136 rapit
1175 5066 1282 5133 velum,
1302 5067 1396 5140 tangit
1417 5069 1488 5125 ratis
1508 5075 1604 5127 ardua
1620 5073 1743 5140 coelurn,

972 5155 1086 5212 Rursus
1102 5155 1161 5210 ima
1176 5157 1263 5223 cadit,
1279 5159 1494 5230 metuendaque
1510 5160 1569 5214 sub
1584 5160 1663 5218 sada
1679 5163 1763 5218 vadit.

971 5247 1027 5300 Aer
1040 5245 1103 5300 luce
1118 5251 1207 5312 caret,
1223 5262 1317 5317 neque
1328 5245 1381 5314 sol,
1399 5264 1493 5320 nsque
1508 5248 1639 5322 Cynthia
1656 5257 1747 5325 paret,

972 5332 1029 5389 Nec
1050 5332 1165 5388 radiant
1179 5333 1279 5399 stelle,
1295 5337 1344 5391 sed
1362 5352 1418 5391 nex
1433 5336 1488 5392 luit
1502 5337 1554 5394 illa
1571 5341 1732 5411 precells;

971 5423 1034 5476 Non
1051 5426 1131 5494 paret
1144 5420 1203 5477 ulla
1215 5421 1306 5492 selus,
1323 5421 1433 5481 tractus
1443 5425 1524 5497 jacet
1533 5424 1565 5483 in
1576 5432 1645 5486 rate
1661 5429 1765 5488 mdes.

978 5510 1132 5568 Dissiliunt
1146 5509 1230 5583 remi,
1245 5525 1334 5571 casus
1347 5513 1428 5573 venit
1448 5513 1521 5575 here
1535 5519 1689 5594 supremi,

1825 5492 1832 5523 l
