3802 6030
72 241 151 301 troo

65 377 137 432 Esse
152 379 256 447 potest,
273 388 340 428 cum
357 388 388 429 se
403 387 459 428 non
475 371 583 428 sentiet
597 387 662 429 esse
676 372 805 428 beatum.

68 471 110 520 an
127 466 161 537 [s.
177 463 228 534 sic]
245 462 391 534 siqnidem
408 461 497 517 miser
512 465 568 529 est,
584 460 642 517 nisi
667 467 797 533 tompore
821 458 892 515 dor-

648 546 730 611 [miot
745 549 838 615 omni,

67 647 197 704 Dormiet
212 649 364 711 eternum,
381 661 416 701 ne
431 644 471 701 sit
485 642 574 698 miser
588 640 761 712 evigilando.

66 736 235 793 Ridiculum
253 735 341 790 nimis
358 734 422 805 hoo,
439 733 571 804 illudque
586 729 842 800 rideturineptum

64 826 138 891 Quid
155 825 231 896 quod
246 830 275 880 et
287 824 412 880 ebrietas
428 827 457 878 et
477 821 597 893 crapula
625 835 732 891 corpus
751 822 891 874 onustum

66 916 192 971 Interius
203 918 319 981 vexent,
335 912 496 983 inllataque
509 910 622 966 viscera
638 912 789 978 rumpunt,

64 996 890 1076 Dumgravisimmodicasstomachusnoodigeriteseas,

67 1095 102 1149 Et
118 1092 195 1149 male
210 1093 332 1148 fetentes
347 1088 464 1147 exhalat
479 1088 563 1160 copia
578 1093 690 1151 ructus,

64 1185 176 1256 Vixque
189 1182 244 1240 sub
260 1182 314 1238 hac
330 1199 425 1238 anessa
442 1178 542 1252 pulmo
558 1179 683 1250 respiret
698 1175 829 1242 anbelus,

62 1272 318 1346 Lymphatumque
333 1288 412 1327 rncro
427 1269 578 1325 cerebrum
594 1282 663 1323 cava
678 1271 809 1337 tempore
824 1260 890 1336 pul·

770 1353 836 1427 [sat.

60 1458 128 1522 Quae
145 1452 263 1526 poterit,
282 1468 391 1524 precor,
408 1467 473 1508 esse
487 1450 572 1523 quies
591 1449 620 1505 in
636 1447 753 1503 turbine
783 1443 891 1502 tanto‘t

61 1544 136 1611 Quin
153 1544 241 1599 etiem
259 1542 377 1597 morbos
393 1541 468 1614 parit
481 1539 674 1595 immoderata
689 1537 822 1608 voluptas

59 1634 168 1690 Nervos
184 1631 329 1698 dissolvit,
346 1647 485 1686 venarum
501 1629 637 1685 cursibus
652 1627 759 1695 obstat,

58 1723 95 1778 Et
108 1725 227 1794 generat
242 1719 349 1775 nimias
363 1720 467 1774 vitiato
483 1717 626 1790 sanguine
641 1715 743 1784 lebres,

61 1819 102 1869 Ac
117 1811 212 1867 reddit
227 1808 369 1865 tremulos
386 1807 571 1879 consumptis
587 1805 697 1861 viribus
712 1811 804 1859 artus.

60 1899 190 1972 Denique
206 1897 365 1971 praecipitat
375 1897 517 1953 brevioris
532 1903 665 1967 tempora
679 1894 761 1960 vitae3

60 1989 208 2044 Postremo
224 1986 296 2042 nihil
314 1990 359 2040 ost
374 1986 449 2057 quod
462 1985 504 2040 sic
533 1983 717 2055 exstinguere
734 1979 841 2036 mentis

57 2075 221 2133 Scintillam
238 2080 327 2146 queat
337 2078 366 2130 et
380 2073 483 2146 vigiles
497 2072 665 2144 demergere
680 2086 797 2127 sensns.

57 2168 165 2221 Contra
180 2166 333 2228 sobrietas,
351 2178 548 2234 mensuraque
564 2177 651 2233 perca
666 2160 809 2224 ciborum,

59 2255 250 2326 luxuriaque
267 2255 374 2309 modus
390 2268 496 2307 sensus
512 2254 666 2306 conservat
683 2248 804 2314 alacres,

58 2345 94 2398 Et
110 2343 235 2399 naturali
250 2343 407 2399 contla-mat
422 2342 523 2397 robore
538 2356 652 2410 corpus.

57 2437 90 2487 nt
103 2450 223 2489 somnos
239 2432 349 2498 dulces,
366 2436 394 2488 et
408 2435 514 2488 concta
527 2429 655 2486 salubria
672 2433 799 2501 prestat,

55 2523 170 2578 Excitat
186 2522 349 2593 ingenium,
365 2520 472 2577 mentis
489 2519 618 2574 custodit
632 2518 668 2575 acl
686 2534 822 2589 acumen,

56 2611 289 2684 ltlultiplicatqoe
304 2611 378 2679 dies,
396 2626 428 2665 ac
443 2609 508 2664 vitae
524 2620 777 2682 prorogatannos.

58 2701 140 2772 Quis,
158 2717 238 2771 rogo,
254 2700 354 2756 virtuti
368 2698 450 2754 locus
466 2703 521 2764 cst,
534 2697 582 2753 ubi
598 2702 673 2753 tetra
688 2696 822 2770 voluptas

59 2791 193 2862 ltegoat‘l
210 2791 286 2849 Num
302 2789 460 2862 quisquam
477 2789 648 2845 dominante
675 2786 798 2844 libidine
814 2802 883 2858 pru·

752 2878 848 2950 ideas,

54 2974 109 3027 Aut
126 2971 224 3041 justus
243 2969 436 3024 moderansve
451 2974 556 3040 potest,
572 2984 625 3024 seu
642 2966 727 3023 tortis
757 2965 884 3021 haberit

628 237 745 301 LIBER
767 234 896 299 DECEM
918 230 1214 297 utrubtouuat.

906 369 931 439 Α
948 365 1071 423 Casibus
1087 365 1186 422 afflicti
1199 380 1250 437 per
1265 364 1343 435 quod
1360 362 1507 420 crucietur
1521 361 1618 436 amici,

947 459 1051 532 sicque
1067 464 1179 516 statum
1194 456 1288 529 rapiet
1304 455 1360 513 sibi
1374 454 1539 512 sollicitudo
1550 456 1681 529 beatum,

947 548 1001 614 Qui
1018 547 1074 604 nisi
1091 563 1201 605 securas
1218 550 1343 618 nequeat
1357 544 1526 617 contingere
1544 544 1653 614 menti;

946 639 1015 710 Hoc,
1029 641 1163 712 inquam,
1179 638 1250 694 nulli
1267 654 1324 693 non
1338 633 1513 692 exsecrabile
1526 635 1633 707 dogma

946 732 1038 798 Quam
1054 731 1094 787 sit
1106 731 1300 787 inhumanum
1317 733 1422 783 natura
1435 729 1533 797 judice
1548 727 1648 796 claret,

946 822 1007 885 Qua
1023 821 1171 893 genitivus
1185 836 1267 875 amor
1281 821 1365 874 notos
1377 816 1458 888 ligat,
1474 821 1563 888 atquo
1580 823 1727 889 parentes,

946 911 978 964 Er
994 912 1229 981 consanguineos
1243 907 1342 964 sociali
1358 908 1464 962 loedere
1476 906 1583 980 jungit,

946 999 1172 1071 conjugumque
1189 999 1276 1053 tidem
1293 1013 1366 1051 nexu
1382 999 1460 1051 tenet
1474 995 1639 1063 irresoluto,

946 1091 1012 1145 Huc
1026 1091 1070 1145 vis
1083 1095 1111 1146 et
1128 1088 1262 1161 populos,
1279 1092 1306 1143 et
1323 1103 1444 1158 ariagnae
1460 1088 1592 1145 continet
1610 1091 1709 1162 urbes,

946 1181 1153 1250 Alternumque
1168 1179 1264 1233 vicem
1276 1176 1475 1233 communicat
1488 1177 1664 1249 ciliciorum,

946 1272 979 1326 Et
995 1268 1062 1325 lacit
1079 1266 1235 1323 unanimes
1248 1265 1303 1321 sub
1320 1265 1419 1322 ecdom
1436 1266 1539 1336 degere
1554 1274 1639 1332 tecto,

945 1358 1173 1432 Conqregntbasc
1183 1358 1283 1412 eedem
1298 1358 1424 1428 quodum
1435 1358 1518 1428 quasi
1530 1359 1670 1431 complice
1682 1378 1770 1418 sensu

945 1451 1082 1523 Ejusdem
1100 1449 1215 1521 generis
1231 1463 1293 1518 qua
1311 1450 1380 1501 sunt
1395 1446 1534 1502 animalia
1552 1452 1643 1514 nauta,

944 1541 979 1596 Et
994 1539 1067 1594 duce
1083 1540 1187 1592 natura
1202 1534 1258 1590 sibi
1276 1549 1404 1605 congrua
1418 1551 1541 1606 quaeque
1554 1537 1718 1609 requirunt,

943 1633 1089 1698 Grataque
1104 1621 1272 1680 consimiles
1288 1624 1404 1679 animas
1419 1624 1575 1681 eoncordia
1590 1627 1691 1683 nectit.

901 1726 926 1793 Β
943 1716 1034 1775 llllert
1052 1730 1120 1785 ergo
1135 1711 1208 1768 nibil
1224 1727 1277 1766 vox
1291 1727 1355 1782 quar
1371 1711 1503 1767 studiosa
1519 1730 1659 1771 novorum

939 1807 1037 1880 Fingit
1051 1801 1196 1859 amicitias
1212 1799 1344 1856 inimicas
1360 1800 1571 1873 philosophiae;

939 1900 1012 1953 Nam
1029 1893 1100 1965 quid
1116 1896 1176 1947 tam
1191 1889 1314 1956 clerum,
1331 1889 1402 1960 quid
1420 1898 1478 1946 tem
1494 1891 1617 1964 dignum
1636 1895 1767 1967 sapiente

939 1985 1030 2049 Quam
1047 1982 1173 2053 gaudere
1188 1980 1273 2036 bonis
1287 1978 1343 2034 sibi
1361 1981 1573 2053 congaudentis
1588 1985 1685 2053 errici,

938 2075 1108 2145 Allectuque
1125 2071 1187 2143 pari
1203 2086 1288 2126 casus
1304 2075 1419 2141 portare
1435 2071 1584 2141 sinistros,

939 2166 973 2221 bt
985 2163 1098 2237 junctis
1115 2161 1222 2234 opibus
1238 2176 1268 2216 se
1284 2159 1467 2232 consilioque
1479 2163 1608 2232 juvaret

938 2260 1013 2312 Nam
1030 2252 1087 2308 sibi
1103 2269 1168 2324 quos
1183 2252 1289 2306 desunt
1304 2250 1355 2305 uni
1370 2267 1436 2306 cum
1454 2254 1584 2309 conterat
1599 2254 1671 2311 altar

941 2345 1054 2402 Fortius
1071 2345 1233 2413 assurgunt
1246 2340 1283 2396 ad
1296 2356 1373 2396 onus
1387 2339 1504 2397 virtutis
1520 2349 1652 2416 uterquc,

938 2436 1060 2506 Unaque
1074 2434 1216 2490 devinctis
1231 2431 1316 2502 quasi
1332 2431 1371 2486 sit
1387 2448 1512 2504 persona
1527 2435 1653 2503 duabus,

938 2522 1150 2596 Exemplarque
1164 2521 1210 2579 sui
1226 2521 1305 2577 uidet
1321 2521 1392 2578 alter
1409 2527 1437 2577 et
1451 2522 1524 2579 alter
1539 2524 1568 2580 in
1585 2543 1652 2582 uno.

937 2617 1011 2687 Ergo
1026 2617 1158 2669 remotus
1172 2611 1265 2677 adest,
1282 2616 1388 2667 etcum
1405 2611 1444 2667 sit
1458 2629 1568 2685 egenus
1585 2615 1725 2684 abuudat,

936 2706 969 2761 bt
984 2702 1057 2759 valet
1073 2699 1415 2771 infirmus‚loquiturque
1430 2706 1529 2758 tacens
1545 2721 1596 2776 per
1611 2704 1737 2761 amicum
1752 2747 1759 2772 ,

935 2792 1076 2864 Quodque
1088 2789 1181 2861 magis
1193 2787 1300 2844 mirum
1314 2805 1382 2845 cum
1395 2789 1434 2844 sit
1444 2790 1533 2846 simul
1545 2792 1618 2847 alter
1631 2799 1660 2848 et
1672 2794 1761 2865 ideoq

936 2886 1001 2939 t‘ost
1017 2886 1138 2937 mortem
1154 2879 1235 2945 vivit,
1251 2877 1307 2934 sibi
1323 2877 1438 2935 seilicet
1453 2879 1516 2952 ipse
1531 2885 1694 2952 superstes.

933 2970 1007 3037 Quid
1025 2975 1082 3026 tam
1098 2969 1272 3039 iocundum,
1289 2966 1333 3022 vcl
1355 2984 1419 3038 que
1437 2971 1495 3023 tam
1521 2984 1588 3024 vern
1617 2969 1761 3042 voluptas,

51 3061 110 3116 Cur
124 3060 273 3114 hominem
287 3058 518 3130 jugulatmaous
531 3058 699 3129 importuna
712 3055 883 3111 latronum?
899 3098 920 3166 C
934 3059 1025 3122 Quam
1042 3072 1137 3113 comcs
1153 3054 1314 3122 unanimis,
1327 3055 1374 3110 cui
1391 3056 1434 3110 sic
1450 3060 1500 3109 tua
1515 3056 1623 3126 gaudia
1648 3074 1760 3126 narres,

52 3148 167 3204 Scilicet
185 3152 215 3201 ut
231 3147 334 3218 spoliis
350 3146 511 3200 redimetur
527 3145 628 3216 iniqua
644 3145 788 3215 voluptas.

49 3236 107 3291 Cur
124 3235 212 3289 trater
228 3234 359 3298 tratrem,
374 3247 427 3287 eur
442 3231 562 3286 nomina
577 3233 681 3285 sancta
696 3233 832 3301 parentes

49 3323 80 3378 ln
98 3328 220 3378 mortem
239 3321 297 3376 nati
315 3320 391 3376 votis
407 3319 631 3391 properantibus
648 3317 776 3390 urgent?

48 3410 84 3467 Ut
101 3410 283 3466 successuris
299 3408 449 3479 contingat
465 3407 566 3478 iniqua
581 3405 725 3479 voluptas.

48 3501 179 3573 Denique
194 3506 365 3556 cunctorum
384 3497 528 3553 scelerum
546 3496 578 3552 tlt
593 3512 682 3551 causa
698 3494 840 3567 voluptas.

47 3591 121 3661 Ergo
139 3589 314 3661 voluptatem
332 3603 384 3642 noc
399 3602 548 3642 summum
572 3589 687 3641 constat
715 3585 876 3641 habendam

50 3677 107 3733 Nec
124 3678 268 3733 mediocre
280 3675 559 3741 bonum,minimum
572 3679 659 3746 negat
669 3673 732 3746 ipse
743 3673 877 3746 sophista

52 3765 475 3838 Quisummnmprotribet3sed
486 3782 538 3821 nos
551 3769 709 3836 utrumque
728 3779 875 3836 negamus,

51 3854 162 3926 Quippe
178 3855 287 3910 bonurn
305 3856 409 3908 natura
423 3853 491 3909 boni
506 3853 607 3924 nequit
621 3869 685 3909 esse
699 3869 875 3925 repugnans,

54 3942 90 3999 Ut
105 3942 207 3997 vitium
224 3943 293 3997 vitio
310 3941 465 4013 confligere
481 3957 556 4014 sape
572 3941 715 4006 videmus,

54 4035 87 4086 et
102 4031 216 4086 cunctis
231 4029 349 4085 inimico
366 4030 450 4085 bonis
466 4029 541 4085 solet
554 4047 618 4087 esse
633 4030 776 4102 voluptas,

51 4123 144 4187 Quam
157 4135 305 4175 cuminum
321 4123 400 4190 patet
410 4134 475 4175 esso
486 4117 876 4191 melum‚quiedestruitom·

762 4209 841 4278 [nem

51 4297 175 4354 Virtutis
191 4297 340 4370 speciem;
357 4297 462 4354 vitium
483 4297 559 4370 parit
575 4301 604 4354 et
618 4297 695 4356 lovel
708 4315 804 4355 omne.

53 4388 237 4459 Quapropter
252 4386 357 4443 stultos
375 4386 491 4459 Epicuri
506 4402 610 4459 respue
626 4403 743 4460 sensus,

936 3144 971 3201 Ut
986 3144 1047 3210 tibi,
1065 3146 1113 3215 qui
1133 3147 1227 3202 tecum
1245 3146 1324 3200 dete
1340 3144 1382 3200 sic
1399 3145 1526 3216 gaudeat
1542 3153 1571 3200 ut
1586 3151 1628 3211 tu,

934 3233 1092 3290 Condolent
1107 3237 1226 3308 pariter,
1240 3234 1333 3305 J'uret,
1349 3233 1522 3306 attollatque
1537 3235 1707 3302 iacentem?

932 3325 960 3380 Si
977 3325 1023 3380 cui
1039 3326 1210 3399 contingant
1225 3343 1290 3397 quae
1305 3327 1352 3382 vix
1363 3327 1531 3398 contingere
1547 3333 1671 3399 possunt

934 3414 987 3470 Uni
1004 3422 1110 3472 cuncta
1125 3415 1226 3486 simut,
1243 3418 1293 3472 sed
1311 3417 1419 3472 dautur
1434 3415 1552 3488 singula
1567 3415 1679 3483 multis,

933 3504 1040 3573 Gloria,
1057 3505 1174 3570 divitiae,
1191 3506 1337 3574 facundia,
1355 3507 1458 3574 forma,
1475 3510 1614 3578 potestas,

931 3599 1052 3650 Munera
1068 3595 1191 3650 lortunae
1207 3613 1271 3669 qum
1287 3595 1402 3663 singula
1416 3612 1522 3668 magna
1538 3595 1683 3661 videntur,

931 3683 978 3740 Sic
993 3682 1042 3738 ille
1057 3689 1086 3740 ct
1101 3685 1258 3753 miserest,
1276 3685 1299 3741 si
1316 3686 1495 3741 destituatur
1509 3685 1615 3740 amico.

933 3773 996 3828 llaec
1010 3790 1026 3828 a
1041 3780 1146 3829 natura
1161 3775 1336 3831 mortalibus
1351 3775 1440 3833 insita
1454 3776 1499 3832 via
1512 3781 1556 3832 est
1571 3776 1603 3847 [s.
1618 3775 1662 3832 vis
1684 3775 1752 3847 esti,

932 3860 969 3917 Ut
984 3861 1072 3918 simili
1088 3865 1218 3933 gaudeus
1232 3865 1377 3921 contraria
1393 3870 1497 3921 cuncte
1510 3866 1640 3938 repellet.

931 3950 1047 4007 Scilicet
1062 3952 1130 4007 hinc
1145 3956 1240 4009 oritur
1255 3957 1393 4010 comitum
1410 3955 1526 4012 dilectio
1543 3957 1646 4027 prima,

931 4045 1022 4108 Quem
1041 4043 1192 4100 benelecta
1208 4044 1313 4110 levent,
1331 4050 1359 4100 ct
1370 4044 1420 4100 alit
1432 4053 1515 4100 tenor
1530 4047 1704 4113 ciliciorum,

932 4134 1055 4189 Probita
1070 4150 1136 4189 cum
1163 4134 1270 4190 luerint
1285 4134 1369 4190 bilari
1385 4135 1441 4189 sibi
1458 4139 1559 4189 mutua
1574 4134 1665 4192 vultu.

931 4226 990 4279 Hoc
1006 4227 1066 4279 tam
1084 4223 1214 4278 divinum
1232 4225 1405 4295 cunctisque
1421 4223 1543 4294 perutile
1559 4240 1666 4280 munus

931 4311 985 4375 Qui
1000 4328 1057 4367 non
1074 4312 1237 4368 admittunt
1251 4312 1354 4368 horum
1371 4312 1520 4368 teterrima
1535 4329 1600 4369 sors
1614 4317 1669 4369 est.

932 4400 962 4455 Si
978 4409 1074 4457 tamen
1090 4405 1135 4457 est
1149 4400 1256 4471 aliquis
1272 4407 1330 4456 tam
1348 4402 1457 4457 terreus
1472 4407 1501 4457 et
1516 4401 1579 4457 siue
1594 4419 1691 4469 succo,

53 4476 106 4541 Qui
123 4476 207 4548 ‘lupis
221 4477 256 4532 ad
274 4477 362 4531 vitam
380 4475 557 4548 quandoque
572 4478 669 4533 V0¹¹lf⁰
684 4478 816 4548 bffllssfflt
892 4471 917 4539 ὓ
934 4490 967 4548 Ut
984 4489 1055 4546 nulti
1070 4492 1180 4559 credat,
1198 4507 1250 4548 nec
1261 4508 1438 4564 quemquam
1457 4493 1550 4564 possit
1563 4510 1673 4560 amaro,

52 4567 162 4636 Sperne
177 4566 339 4638 voluptates
355 4567 489 4623 inimicas
505 4567 707 4641 philosophie,

54 4658 86 4711 ln
102 4671 189 4725 grege
204 4672 358 4725 porcorum
375 4655 431 4711 nisi
449 4657 542 4712 mavis
558 4659 675 4729 pinguis
691 4659 791 4716 haberi

52 4742 132 4799 litise
147 4744 270 4816 rigidam
292 4760 434 4813 passurus
450 4745 544 4800 fronte
560 4748 697 4803 securim.

264 4834 366 4891 totu
381 4833 581 4892 CAPITULUM
597 4836 668 4893 tut.

328 4939 363 4980 oe
378 4941 450 4979 varra
463 4940 602 4980 aurcrru.

55 5017 123 5079 Quos
138 5012 177 5069 sit
190 5012 326 5070 amicitie
341 5013 430 5069 texet
445 5013 550 5069 molus
566 5014 641 5072 inter
655 5015 805 5084 honestos,

53 5102 184 5173 Veroque
201 5119 289 5174 qnam
302 5117 408 5158 suaves
424 5102 520 5172 pariat
533 5102 649 5160 dilectio
665 5106 775 5162 tructus

52 5190 213 5261 Complecti
227 5190 324 5245 verbis
340 5206 397 5245 non
413 5194 458 5245 est
474 5190 545 5246 mibi
563 5191 648 5263 plena
665 5194 797 5250 facultas.

53 5278 109 5334 Sed
126 5282 225 5334 tamen
241 5279 374 5349 experiar
388 5293 476 5349 super
490 5277 537 5335 his
553 5281 697 5354 attingere
727 5286 880 5355 quaedam·

55 5367 129 5423 Nam
141 5368 216 5437 quod
235 5367 417 5438 pbilosophis
431 5367 524 5423 lertur
539 5369 682 5440 placuisse
700 5373 876 5443 quibusdam

55 5455 92 5512 Ut
107 5454 224 5527 proprio
240 5455 314 5511 vivat
329 5455 446 5527 sapiens
460 5461 613 5515 contentus
626 5476 734 5531 amore,

53 5545 113 5602 Nec
129 5543 184 5601 sibi
196 5546 305 5617 jungat
318 5560 393 5600 onos
407 5561 458 5617 per
473 5545 619 5604 amicitias
632 5548 761 5610 alienum

933 4582 1056 4638 llumani
1073 4582 1189 4654 generis
1204 4598 1289 4655 quom
1308 4582 1403 4638 dicere
1418 4599 1577 4654 possumus
1592 4583 1717 4652 hostem,

931 4677 1005 4727 num
1023 4686 1053 4726 se
1068 4675 1233 4740 contentus,
1251 4670 1322 4726 nulli
1340 4672 1476 4741 prodesse
1492 4671 1612 4741 laborat,

932 4759 1068 4816 Proelatos
1083 4760 1186 4815 merito
1202 4776 1266 4816 reor
1282 4759 1351 4814 boio
1366 4775 1559 4832 quoscunque
1573 4761 1712 4832 latrones,

932 4850 1019 4918 Quos,
1039 4865 1172 4919 perversa
1187 4848 1263 4914 licet,
1280 4849 1426 4904 scelerum
1441 4851 1610 4907 communio
1634 4852 1754 4926 jungit,

932 4936 967 4992 ur
983 4936 1089 4992 molius
1105 4937 1232 5008 pecudes
1247 4937 1398 4994 socialiter
1415 4938 1534 5012 ingregc
1550 4941 1666 5010 atrum,

932 5024 1009 5088 Ques
1025 5025 1190 5081 eommunis
1206 5042 1289 5082 amor
1304 5027 1385 5084 latas
1400 5026 1469 5100 agit,
1486 5029 1580 5086 indice
1605 5030 1683 5087 lusu.

932 5112 1016 5169 Hunc
1032 5114 1138 5169 etenim
1157 5118 1267 5170 motum
1285 5115 1405 5187 quinon
1428 5116 1516 5174 habet
1530 5118 1655 5192 applicet
1677 5123 1710 5177 ut
1724 5137 1756 5178 se

933 5203 977 5258 ud
992 5202 1048 5258 sibi
1065 5202 1245 5259 consimilem
1262 5221 1314 5260 nec
1328 5214 1473 5263 amantem
1492 5210 1582 5280 possit
1597 5226 1706 5276 amare,

935 5290 1027 5361 liujus
1042 5291 1095 5346 crit
1109 5295 1212 5346 trunco
1226 5308 1332 5348 saxove
1346 5294 1498 5353 simillima
1508 5296 1576 5353 vite.

933 5379 990 5436 Sed
1006 5380 1157 5435 benefacta
1170 5377 1237 5435 licet
1251 5381 1413 5441 diffundere
1428 5391 1528 5443 nostra
1546 5387 1667 5444 velimus

935 5468 1034 5524 tete
1052 5468 1082 5524 ln
1100 5468 1209 5541 plures,
1226 5469 1281 5540 vel,
1295 5471 1318 5526 si
1334 5475 1502 5548 contingere
1518 5482 1616 5550 posset
1635 5478 1667 5533 tn
1695 5493 1757 5533 om·

1646 5568 1720 5641 [nee

1697 229 1776 291 ruo
1879 206 1882 211 ’
