3802 6030
67 264 144 322 tiss

66 399 106 453 Te
126 413 248 454 vacuum
266 395 344 453 curis
359 394 462 453 invitat
478 400 573 470 gratie
590 403 677 473 ruris,

67 487 271 558 despondente
289 486 358 559 lyce,
375 492 508 543 cantante
525 495 658 558 poemata
674 493 759 548 mire.

66 576 124 631 Hoc
140 575 219 630 illam
238 580 336 642 terret,
354 590 389 631 nc
404 574 429 630 si
445 576 521 631 male
532 577 619 646 jussa
635 580 764 649 referret,

64 667 122 719 Aut
136 665 192 720 sibi
208 664 300 734 flagra
315 666 410 730 dares,
427 669 478 720 erit
494 682 524 720 se
541 664 618 721 ierus
635 668 702 736 igne
717 686 870 738 cremares,

64 759 123 809 Aut
140 754 240 809 tunice
256 754 358 822 scisse,
377 755 471 824 turpis
487 754 559 809 ieret
575 754 642 810 inde
659 758 791 813 remisse.

64 843 123 910 list,
137 842 245 914 inquit,
263 842 337 898 ville
355 858 536 912 nequaquam
552 844 669 900 deditus
685 844 745 911 ille,

65 934 103 987 ld
121 949 209 1004 qnam
226 933 383 989 nesciolam
402 948 447 989 me
461 933 505 989 vis
521 935 606 990 moda
623 934 739 991 mittero
753 934 867 992 solent:

64 1021 203 1085 Quamvis
219 1036 270 1075 rus
288 1021 409 1085 habitat,
426 1026 524 1078 lemen
542 1021 642 1078 omnia
658 1023 766 1079 rustica
781 1023 860 1078 vitat.

64 1109 137 1164 Nam
155 1109 227 1165 liber
243 1109 341 1164 adstat
356 1110 381 1165 el
398 1126 505 1183 niagno
521 1128 571 1182 pro
589 1114 669 1182 purte
685 1112 752 1181 diei,

63 1199 138 1263 Quin
154 1205 182 1254 et
198 1204 263 1270 post
279 1215 389 1255 coenum
406 1200 478 1256 solet
493 1199 556 1274 ipse
571 1218 673 1258 vocare
688 1218 861 1269 aerumnam,

63 1292 96 1343 Et
111 1304 221 1343 vacares
236 1288 327 1357 euris,
344 1289 453 1345 dicture
470 1289 593 1362 legende
609 1291 726 1346 futuris.

62 1377 178 1450 Siquid
194 1377 348 1445 inurbane,
365 1378 389 1434 si
406 1380 477 1450 quid
494 1397 551 1436 non
569 1380 666 1436 dixero
683 1381 780 1452 pleno,

61 1469 175 1524 iudicio
191 1468 266 1523 vetis
282 1468 349 1522 flam
368 1484 415 1524 ran
430 1469 614 1526 rusticitatis.

62 1556 132 1627 Ejus
148 1572 270 1611 censura
288 1555 404 1613 debitur
420 1557 491 1612 mibi
510 1558 603 1614 melta
618 1558 716 1624 litura,

64 1648 154 1712 Quem
172 1661 237 1702 mee
253 1662 311 1701 non
323 1650 431 1703 temere
447 1652 605 1719 potuerunt
620 1652 715 1703 errata
727 1648 826 1704 intere.

64 1738 121 1791 Aut
135 1735 222 1790 etiem
239 1740 314 1791 certe
329 1734 354 1791 si
370 1735 468 1791 dixero
485 1735 567 1807 plura
582 1737 699 1806 diserte,

64 1828 184 1895 Propter
199 1839 292 1897 pauca
309 1829 405 1879 tamen
422 1823 506 1880 lactet
520 1825 592 1881 mibi
608 1827 717 1897 grande
733 1828 875 1883 toramen.

62 1915 143 1971 Mitte
159 1914 348 1971 Coturnicem
364 1915 413 1986 qui
427 1933 495 1972 voce
510 1916 620 1972 salutet
635 1919 776 1984 amicum,

63 2001 159 2058 Unum
175 2003 211 2058 de
226 2003 324 2059 vernis
340 2020 398 2059 non
415 2007 459 2059 est
474 2004 521 2060 via
534 2005 619 2078 longa
635 2005 774 2077 paternis.

61 2093 113 2147 His
128 2092 223 2148 vachis
242 2109 302 2147 usn
319 2092 454 2165 respondi
471 2092 542 2150 talia
556 2110 667 2151 muse:

59 2181 101 2236 Ne
116 2181 230 2251 timeas,
247 2181 379 2253 iuquam,
393 2197 445 2238 nec
462 2184 540 2239 euim
551 2188 591 2253 te,
608 2201 694 2240 rausa
709 2183 886 2256 relinquam,

58 2271 87 2325 si
103 2271 156 2326 tihi
170 2270 239 2343 quid
257 2272 338 2327 trista
355 2273 442 2344 (quod
459 2290 515 2329 non
532 2275 626 2346 puto),
644 2273 744 2330 lecerit
756 2276 821 2331 isle.

60 2362 123 2417 Imo
138 2361 260 2418 libenter
276 2379 335 2430 cas,
355 2363 430 2419 ruris
447 2365 547 2420 visura
562 2381 689 2436 nepaes,

60 2452 95 2505 lit
113 2452 211 2506 visura
224 2450 347 2509 eborum
364 2453 449 2524 (quod
464 2454 552 2509 debes
570 2454 654 2524 velle)
669 2471 814 2525 sororem,

59 2543 155 2596 Causa
171 2539 332 2612 voluptatis
348 2542 398 2597 fiet
413 2540 466 2596 tibi
482 2541 555 2598 visio
568 2543 654 2614 natis,

59 2629 150 2692 Quem
167 2629 289 2702 dignum
307 2629 490 2699 laudis,cum
506 2646 657 2704 nunquam
669 2631 885 2701 videriseudis.

60 2719 159 2775 Paruit
174 2718 299 2791 imperio
315 2718 387 2777 mibi
405 2736 462 2775 non
478 2721 629 2778 incredula
643 2721 712 2790 Clio,

60 2812 93 2862 ut
107 2806 249 2879 quidquid
267 2810 376 2878 mittat,
392 2810 434 2866 sic
450 2818 475 2866 le
491 2816 581 2868 terren
598 2826 664 2868 ecce
680 2811 809 2870 salutat:

61 2896 116 2950 'Pet
129 2896 209 2951 vivas
225 2896 322 2963 annis,
338 2903 408 2969 quot
424 2899 511 2957 minis
527 2900 636 2958 labitur
650 2902 747 2958 annis.

91 2985 215 3043 XXXlV.
232 2989 300 3042 item
315 2988 349 3042 cd
362 2989 488 3046 eetudem
501 2997 617 3063 poetam.

60 3077 114 3131 Per
129 3079 234 3131 cantus
250 3075 351 3132 dulces
365 3077 405 3132 ita
421 3095 477 3148 me,
494 3079 676 3150 charissime,
692 3080 816 3148 mulces,

60 3165 96 3220 Ut
112 3164 179 3220 vivit
195 3165 224 3220 in
241 3164 329 3231 villis,
346 3166 556 3238 crepitantibus
571 3168 651 3223 unda
665 3167 784 3239 lapillis,

56 3253 239 3324 verbosique
251 3252 305 3309 tori
323 3255 440 3309 dentem
457 3271 509 3309 sue
525 3257 656 3311 membre
668 3258 776 3329 sopori,

59 3349 115 3397 eut
130 3348 269 3414 tranquem
282 3341 335 3398 vivi
351 3344 496 3400 sitientem
514 3344 618 3416 pocula
634 3344 697 3413 rivi,

57 3434 113 3487 Aut
127 3431 205 3488 velut
220 3430 364 3504 algentem
382 3431 471 3503 calor,
487 3439 537 3489 aut
552 3433 636 3490 cibus
651 3433 802 3492 esurienti.

59 3521 140 3577 Unde
157 3520 208 3576 tibi
224 3527 322 3593 gretes
339 3538 460 3594 magnes
478 3538 542 3594 ego,
558 3522 685 3579 maxime
700 3526 797 3582 vates:

60 3609 153 3682 thue
169 3612 219 3667 diu
236 3616 348 3684 cautes,
364 3628 417 3684 ego
432 3613 475 3668 vel
492 3630 557 3671 mea
572 3631 654 3671 muse
666 3621 831 3688 precantes,

59 3702 217 3756 Cantemus
232 3705 341 3770 tecum,
360 3718 417 3758 non
434 3705 637 3776 respondendo
653 3723 846 3779 peraequum,

58 3791 134 3847 Voce
149 3792 197 3847 sed
216 3796 248 3847 ut
264 3809 354 3848 rauca
368 3793 454 3865 cigno
469 3795 567 3866 gravis
580 3795 692 3866 obrepit
707 3812 792 3865 auce,

57 3882 168 3953 Quippe
184 3888 268 3936 tuum
285 3887 404 3938 centem
421 3891 540 3954 superat
555 3900 607 3939 ron
622 3883 702 3941 nulla
723 3886 882 3957 uolantum,

56 3973 134 4026 Inter
149 3968 264 4026 vocales
279 3986 331 4043 ego
348 3988 414 4027 sum
431 3971 516 4042 quasi
532 3972 668 4044 garrulus
684 3974 755 4032 ales.

56 4061 127 4115 Nam
142 4060 219 4130 qrrud
237 4076 282 4115 me
297 4059 438 4126 celebras,
455 4059 607 4116 illustrans
622 4061 685 4118 luce
699 4065 845 4136 tenebras,

54 4149 191 4205 Carmina
207 4147 343 4216 diliundi,
360 4149 518 4219 perhibens
534 4165 606 4216 mee,
620 4166 671 4223 per
688 4151 750 4209 loca
766 4156 880 4212 mundi.

56 4237 123 4292 Plus
141 4238 205 4293 ideo
221 4237 293 4292 dicis
310 4237 405 4292 verbis
422 4241 454 4292 ut
469 4238 559 4294 ducar
572 4239 684 4309 amicis,

55 4326 145 4390 Quam
162 4325 238 4398 quod
256 4325 424 4397 silueram,
440 4327 497 4382 nisi
517 4326 601 4384 lallor
615 4329 743 4402 pondere
758 4347 866 4389 rerum.

55 4416 126 4471 Cum
144 4424 240 4471 temen
258 4413 311 4470 has
328 4414 430 4471 laudes
447 4416 531 4471 nobis
547 4416 696 4489 imponere
712 4422 833 4492 gaudes,

744 267 930 331 ceneten
952 264 1088 328 leilli.

903 403 932 470 Î‘
945 402 1021 473 Ergo
1039 399 1090 456 tibi
1107 399 1193 465 cedit,
1209 399 1263 456 tibl
1278 399 1338 456 Clio
1352 399 1478 456 libenter
1492 399 1600 456 obedit.

1691 266 1772 330 1726

944 490 1022 554 Ques
1040 494 1069 544 tu
1086 505 1144 544 non
1160 504 1256 557 curas,
1274 506 1331 545 non
1344 492 1426 546 curet
1441 493 1469 544 et
1482 489 1547 560 ipsa
1562 489 1681 559 figuras.

945 579 1059 634 Scribat
1073 578 1216 644 inornate,
1231 580 1349 650 quando
1364 578 1407 634 sic
1423 579 1583 650 pascitura
1598 582 1636 633 te.

944 669 1066 723 Carmen
1080 668 1115 723 ed
1129 666 1276 723 insulsum
1288 667 1407 723 cithare
1424 666 1497 722 mihi
1514 671 1623 722 vertera
1639 665 1773 739 pulsem,

944 757 1044 812 Potius
1064 761 1107 812 est
1123 755 1225 822 multo,
1242 772 1330 828 quam
1343 756 1470 812 scribere
1485 756 1615 812 carmine
1630 754 1716 812 culto.

943 845 1018 915 Ergo
1035 846 1166 917 relinquo
1182 845 1278 914 selesÍ¾
1295 861 1397 902 vorsus
1413 845 1466 901 tibi
1482 846 1576 917 dirigo
1592 843 1676 913 tales,

943 929 974 985 ln
991 933 1100 1002 quihus
1115 949 1178 989 esse
1194 934 1267 991 satis
1281 935 1417 991 videatur
1430 934 1640 1005 simplicitatis.

988 1021 1089 1078 1625
1108 1020 1213 1077 XXXV.
1231 1023 1409 1095 Epitaphium
1426 1023 1520 1079 Caroli
1534 1024 1608 1092 repis
1623 1022 1725 1094 linqui.

1000 1109 1052 1182 (lix
1068 1111 1269 1182 manuscripto
1284 1116 1312 1168 Î’.
1329 1111 1443 1168 Gatiaui
1460 1112 1571 1168 Teren.
1588 1128 1617 1168 n.
1635 1112 1710 1184 161.)

942 1201 1035 1255 Tutor
1049 1214 1151 1271 opum,
1167 1199 1273 1256 vindex
1286 1201 1442 1269 scelerum,
1457 1201 1579 1273 largitor
1594 1202 1751 1270 honarum,

942 1289 1064 1347 Carolus
1079 1291 1159 1347 orbis
1175 1291 1279 1356 bonor,
1296 1292 1376 1348 orbis
1392 1296 1420 1348 et
1436 1294 1498 1363 ipse
1514 1293 1608 1349 dolor.

942 1379 1018 1435 Dum
1034 1380 1128 1448 licuit,
1144 1386 1195 1437 tua
1211 1379 1281 1437 dem
1298 1380 1400 1453 viguit,
1418 1381 1558 1449 Meridie,
1576 1384 1715 1453 potestas,

944 1469 1033 1524 Fraus
1048 1468 1145 1535 latuit,
1161 1487 1216 1540 pax
1232 1486 1339 1542 magna
1354 1470 1408 1526 luit
1426 1512 1433 1536 ,
1450 1471 1583 1542 regnauit
1597 1470 1749 1527 honestas.

941 1558 1090 1615 Lausduni
1108 1563 1213 1624 rector,
1231 1560 1299 1614 Cato
1315 1560 1437 1626 civibus,
1451 1559 1586 1616 hostibus
1604 1559 1715 1628 Hector,

977 1649 1031 1704 Per
1045 1647 1126 1704 vultu
1145 1646 1240 1703 Paridi
1257 1648 1392 1718 subjacet
1407 1649 1475 1703 huic
1492 1648 1592 1720 lepidi.

942 1738 1068 1796 XXXVI.
1078 1739 1255 1810 Epitaphium
1265 1739 1392 1807 mnpistri
1401 1739 1768 1811 inustanciercdicpiscopi.

945 1829 977 1902 (ll
989 1833 1074 1885 mss.
1089 1825 1369 1882 Gatianilnvenitur
1381 1825 1520 1897 prolixius
1533 1827 1562 1882 in
1572 1826 1768 1895 obimatum,

978 1935 1006 1990 p.
1032 1918 1219 1986 11,dclorum
1248 1915 1277 1971 S.
1301 1916 1458 1984 Benedicti,
1477 1922 1539 1971 uta
1567 1917 1597 1973 S.
1628 1915 1768 1973 Anselmo
1859 1966 1862 1971 .

977 2003 1196 2076 compositum.)

939 2092 1169 2165 archiepiscopii
1186 2110 1244 2148 non
1260 2093 1390 2161 divilias,
1407 2108 1461 2150 nac
1475 2093 1602 2151 bonores

940 2182 1125 2239 Lenlraacus
1141 2181 1244 2250 subiit,
1259 2183 1309 2239 aed
1325 2198 1410 2239 cures
1424 2191 1509 2256 etqua
1524 2182 1649 2239 labores.

940 2273 1031 2328 Natus
1048 2273 1076 2327 in
1094 2271 1177 2327 ltalia
1192 2271 1227 2327 de
1244 2271 1375 2343 Pupiensi
1391 2273 1529 2343 regione:

939 2362 1056 2418 Civibus
1072 2361 1197 2434 egreglis
1212 2365 1241 2417 at
1255 2361 1378 2417 honeste
1390 2362 1567 2430 conditione,

940 2450 1101 2507 Monachus
1116 2456 1203 2522 atque
1216 2449 1294 2523 prior
1310 2451 1392 2508 becci
1403 2452 1476 2519 luitÍ¾
1489 2451 1557 2506 binc
1573 2451 1764 2509 Cedomensis

942 2539 1056 2607 Abbas3
1074 2548 1140 2611 post
1154 2541 1261 2612 praesul
1278 2541 1423 2613 primatus
1438 2540 1649 2609 Centuriensis,

939 2629 1039 2685 Totius
1055 2628 1218 2701 anglorum
1235 2629 1289 2685 iuit
1304 2628 1440 2686 Ecclesia
1456 2634 1613 2701 reparator,

939 2717 974 2772 m
989 2717 1226 2774 Normennorum
1241 2717 1436 2775 nihilominus
1447 2718 1612 2774 auxiliatur.

940 2807 1035 2878 Hujus
1050 2807 1214 2863 doctrinam
1231 2824 1299 2879 pers
1315 2809 1445 2864 maxima
1459 2811 1593 2864 senserat
1607 2807 1687 2863 orbis

941 2897 974 2951 m
987 2912 1144 2952 commune
1159 2896 1215 2952 luit
1229 2897 1327 2953 viduis
1342 2897 1473 2955 solamen
1489 2902 1518 2952 et
1533 2896 1624 2958 orbis.

940 2985 1068 3051 Claudia,
1086 2987 1256 3053 contractis,
1272 2986 1406 3059 leprosis,
1423 2986 1622 3052 daemoniosis,

940 3076 1043 3131 Sardis
1059 3075 1195 3142 cloacis,
1212 3090 1265 3130 nec
1281 3092 1338 3130 non
1353 3076 1439 3131 etiam
1457 3081 1486 3130 et
1501 3074 1623 3129 vitiosis.

901 3140 922 3207 Î’
941 3164 1010 3218 Post
1025 3163 1214 3219 exhortamen
1232 3179 1288 3218 non
1306 3163 1416 3235 sprevit
1432 3164 1506 3218 lacre
1522 3163 1674 3230 lesamcn3

939 3252 1119 3323 thuamvts
1134 3251 1225 3324 epulas
1241 3268 1307 3308 cum
1324 3257 1393 3323 potu
1411 3251 1567 3317 delictosie,

939 3341 971 3395 lit
986 3345 1081 3397 vestes
1097 3342 1204 3396 luerint
1221 3339 1323 3397 nolles
1339 3347 1367 3398 et
1382 3341 1526 3413 pretiosae,

939 3435 1114 3503 lpselemea
1130 3434 1223 3486 tectus
1238 3430 1294 3486 iuit
1309 3431 1474 3503 asperitatis
1490 3430 1610 3495 amictu,

936 3524 1055 3595 Semper
1070 3519 1105 3576 de
1120 3520 1169 3576 vili
1186 3519 1286 3576 vivens
1298 3523 1328 3576 et
1342 3536 1469 3592 paupera
1485 3520 1574 3576 victu.

936 3611 1029 3666 Verus
1042 3609 1174 3681 justitiae,
1189 3625 1248 3665 non
1264 3608 1354 3664 falsus
1370 3609 1400 3663 in
1416 3611 1519 3665 ordine
1531 3606 1636 3675 cultor,

936 3700 1137 3772 Nequitieeqee
1152 3698 1206 3754 luit
1221 3698 1401 3755 rectissimus
1415 3703 1444 3754 et
1458 3698 1525 3771 pius
1540 3696 1627 3753 ultor.

936 3794 1028 3864 Asper
1042 3789 1072 3845 in
1086 3789 1188 3859 eletos,
1206 3787 1278 3845 nulli
1296 3805 1347 3860 pre
1363 3805 1483 3848 munere
1498 3794 1633 3866 supplex,

937 3883 1141 3949 Innocuusque
1158 3877 1251 3947 bonis,
1267 3884 1294 3934 et
1305 3878 1385 3935 nullo
1401 3883 1530 3953 tempore
1544 3884 1659 3958 duplex.

935 3971 1051 4032 Castus,
1064 3975 1093 4024 ct
1107 3967 1226 4024 incestis
1242 3972 1384 4040 parcendo
1401 3971 1611 4043 subveniebatÍ¾

934 4062 1048 4125 iustus,
1064 4066 1092 4114 et
1107 4057 1233 4128 injustos
1248 4057 1399 4114 tolerando
1415 4062 1603 4133 corripiebat.

934 4146 980 4202 Sic
995 4146 1068 4202 alios
1084 4161 1202 4214 curaris,
1220 4146 1345 4217 pastoris
1361 4163 1435 4218 opus
1452 4148 1586 4205 iaciebat.

935 4236 1038 4292 1626
1068 4236 1115 4291 Sic
1140 4251 1169 4291 se
1198 4250 1385 4304 conservans,
1421 4237 1546 4294 Domino
1576 4255 1628 4311 per
1655 4251 1760 4299 cuncta

1579 4328 1704 4387 lacebat.

934 4417 985 4472 Hic
1001 4414 1046 4470 vir
1062 4420 1121 4470 tam
1135 4416 1263 4485 sapiens,
1279 4418 1307 4469 et
1324 4415 1352 4469 in
1368 4413 1423 4470 hoc
1438 4330 1596 4475 luctemiiis
1610 4420 1704 4487 fortis,

57 4505 222 4561 Immertele
240 4506 330 4562 decies
346 4507 449 4561 reddet
464 4506 516 4562 tibi
532 4509 668 4581 luppiter
683 4527 795 4583 aequus.
894 4506 919 4571 D
934 4504 997 4560 Non
1015 4504 1109 4576 Î¡Î¸á¿‘á¿¦á¿‘á¿
1125 4503 1242 4559 landem
1259 4501 1378 4575 laqueos
1395 4506 1516 4561 evadere
1533 4507 1646 4565 á¿á¿ƒÎ¸á¿“á¿‘á¿‘Î¸Î‡

58 4595 157 4651 Nescis
171 4595 303 4660 lienem,
321 4596 393 4650 mihi
411 4595 459 4666 qui
478 4597 594 4668 perticis
610 4598 760 4669 honorem,

56 4675 146 4738 Quem
160 4692 249 4746 prope
260 4675 341 4731 solus
354 4676 519 4743 habes,non
531 4677 585 4733 hoc
598 4680 667 4735 lacit
682 4680 781 4738 invida
791 4683 873 4740 tubes

56 4766 124 4830 Quae
140 4762 254 4819 nullum
271 4763 383 4830 laudat,
396 4764 553 4821 nonnullos
569 4769 688 4823 nomine
705 4772 828 4826 fraudat.

56 4851 129 4919 euin
147 4854 221 4923 quod
240 4856 268 4907 et
284 4852 429 4908 immitem
446 4851 488 4908 sic
504 4854 546 4909 vis
558 4854 712 4913 excludere
727 4858 807 4914 litem

53 4945 76 4997 Î‘
92 4941 200 4996 nostris
215 4938 305 5007 ludis,
319 4947 349 4995 ut
365 4941 461 4997 verbis
477 4942 605 4999 seribere
620 4944 718 5012 nudis,

54 5031 251 5101 Expertesqua
266 5028 335 5084 salis
346 5046 448 5086 versus
461 5047 508 5086 me
524 5031 632 5104 begere
649 5034 734 5092 malis

54 5120 178 5175 Mentem
195 5118 323 5183 lectoria,
340 5135 428 5189 quam
446 5119 533 5176 laedat
546 5136 634 5177 causa
648 5125 771 5197 saporis,

53 5212 202 5275 Quantum
220 5208 261 5263 sis
278 5206 359 5263 mitis
375 5214 520 5266 monstrat
534 5210 635 5267 vitatio
651 5211 721 5268 litis.

91 5369 145 5496 ff)
171 5369 229 5425 Hes
244 5385 347 5425 vorsus
362 5370 456 5442 primo
480 5372 601 5499 guidam
618 5374 739 5432 reticere
762 5377 878 5434 omnino

56 5457 94 5499 no
117 5441 141 5497 is
157 5456 237 5497 mans
252 5441 358 5509 iuerat,
374 5458 410 5497 na
439 5442 478 5499 Re
501 5461 627 5502 oeceses
645 5446 705 5503 indi
728 5463 807 5517 enea,
836 5454 879 5508 tot

57 5512 227 5570 nominibus
242 5517 270 5568 et
282 5512 439 5570 virtutibus
457 5532 533 5571 nene
550 5516 692 5588 illustres,
708 5464 813 5577 iacere
829 5538 879 5578 vo-

55 5586 147 5643 luisse
162 5585 328 5641 videremur
339 5602 345 5656 Í¾
358 5602 458 5642 verum
470 5603 536 5645 cum
550 5587 591 5648 illi
608 5589 692 5647 nohis
703 5590 838 5667 pluribus
849 5594 879 5650 in

933 4594 956 4650 0
972 4599 1099 4665 quantos
1114 4593 1211 4649 irrisuri
1231 4602 1300 4648 tunc
1314 4594 1451 4650 invenere
1468 4595 1602 4652 doloresl

934 4685 968 4739 st
980 4700 1052 4757 geas
1067 4681 1227 4753 Anglorum
1244 4688 1370 4754 quantos
1384 4683 1482 4740 amisit
1498 4684 1641 4744 honores!

1082 4770 1217 4827 XXXVII.
1234 4771 1395 4828 decivitate
1411 4774 1527 4830 hedenis
1543 4775 1608 4847 (33).

935 4864 968 4936 (C
983 4878 1037 4918 ms.
1057 4860 1173 4917 Gatiani
1189 4860 1369 4916 Turonensis
1384 4878 1452 4917 ane.
1469 4862 1585 4920 circiter
1599 4865 1663 4933 600,
1681 4879 1757 4925 etex

968 4951 1095 5009 editione
1110 4949 1275 5006 Redoneusi
1299 4966 1347 5004 an.
1361 4950 1440 5018 1524,
1456 4959 1483 5008 ct
1499 4968 1533 5008 ex
1548 4951 1677 5012 Historia
1694 4957 1758 5014 BriÎ‡

970 5040 1077 5097 tanniee
1091 5058 1107 5095 a
1121 5043 1155 5095 R.
1172 5038 1202 5093 Î¡.
1219 5047 1317 5095 nostro
1334 5043 1365 5095 l).
1378 5040 1478 5099 Alexio
1495 5041 1643 5101 Lebinacu
1661 5062 1759 5120 nuper
1831 5094 1834 5099 .

969 5132 1057 5186 edita.

934 5219 1008 5276 Urbs
1024 5131 1161 5286 sabanis,
1178 5216 1301 5290 spoliata
1317 5218 1412 5290 bonis,
1424 5220 1543 5279 viduata
1556 5221 1678 5297 colonis,

934 5398 1005 5437 msa.
1021 5379 1212 5446 occurrerint,
1224 5378 1254 5435 in
1268 5394 1340 5435 mss.
1357 5380 1470 5438 scilicet
1484 5382 1646 5439 Turonensi
1660 5385 1756 5440 ethn-

934 5454 1099 5522 deperensi,
1114 5457 1143 5508 et
1155 5451 1185 5507 in
1201 5450 1327 5507 editione
1338 5451 1575 5524 ipsaRedonensi
1591 5471 1659 5510 ann.
1674 5455 1752 5526 1524,
1850 5450 1861 5459 â€œ

934 5525 1014 5581 veriti
1031 5542 1135 5581 sumus
1151 5542 1186 5581 ne
1201 5524 1373 5581 temeritatis
1388 5526 1633 5593 accusaremur,si
1649 5525 1715 5583 illos
1726 5529 1754 5584 in

934 5613 1047 5677 nupera
1070 5597 1158 5663 ctiam
1175 5594 1331 5661 Britannis
1347 5595 1477 5663 Historia
1503 5594 1622 5671 relatos,
1651 5602 1755 5665 nostra
