3802 6030
46 116 91 197 ss
605 136 623 187 χ
828 74 971 171 cusae.
1055 138 1059 149 ·
1714 100 1756 184 ao

47 248 189 312 muttit).
215 261 249 300 eo
271 247 388 302 tonan
403 246 466 314 qais
488 247 599 299 senctm
622 244 783 304 nemereus,
798 242 878 305 epist.
891 244 915 313 Α
933 212 1136 290 cluniacensem
1162 237 1190 287 et
1216 236 1408 287 carnotensem
1438 245 1487 298 pro
1514 231 1636 297 prioratu
1665 231 1756 285 seneli

51 322 96 376 les
110 320 176 373 edit.
193 319 266 372 hlab.
291 320 336 370 hic
357 322 449 378 relate,
467 334 492 385 p.
519 318 572 379 itt,
596 318 776 370 hildebertum
798 316 879 367 totins
934 311 1054 375 Dionysii
1069 309 1103 361 de
1118 309 1258 365 Nouceuto
1276 308 1335 370 (lb),
1351 306 1419 357 sicat
1433 308 1460 357 et
1479 303 1612 357 Godridus
1632 304 1757 356 Vindocl-

54 395 204 446 rccereaeisr
218 392 303 445 ubam
316 392 441 455 appellet,
458 400 484 443 et
501 393 565 457 qnia
582 391 633 440 hoe
651 391 723 441 illam
740 389 818 439 titulo
833 389 878 439 dc·

55 470 156 517 sorevit
185 463 322 515 Panhelle
349 463 382 520 ΙΙ.
412 464 440 514 in
471 463 617 526 diplomate
646 464 710 513 dato
740 460 880 512 silviniaci

53 553 99 591 sa.
125 537 198 597 leot,
226 550 272 589 rin
300 537 358 589 Kel.
375 537 483 601 Aprilis,
500 535 528 587 in
554 550 637 587 censs
662 536 732 588 inter
754 534 881 585 abbatem

82 685 136 749 (tu
150 686 201 736 tn.
214 683 246 736 D.
262 682 380 748 hopsute
395 695 459 733 san.
476 679 584 733 circiter
598 685 795 733 ascentoram.

933 385 1025 433 nensis
1040 379 1160 445 epistolis
1176 380 1216 440 lt,
1231 382 1269 437 ΙΙ,
1294 379 1325 429 23
1340 384 1367 429 et
1378 378 1419 438 2l,
1441 379 1486 429 lib.
1511 390 1549 435 nr,
1565 380 1591 428 et
1605 375 1697 442 plures
1712 376 1759 429 alii

935 470 990 508 uon
1006 456 1096 521 exigui
1112 455 1228 507 numinis
1243 458 1374 505 unctores.

967 679 1019 742 (ld)
1032 676 1161 729 Bretina.
1178 674 1294 726 Cluniae.
1312 689 1338 740 p.
1354 674 1408 727 its.

647 1009 1162 1138 EXCERPTUM

300 1272 564 1366 sensns
594 1273 1001 1366 arrsuoronnn
1026 1272 1517 1366 ‹tanonannnsrnn

172 1480 202 1549 E
222 1484 384 1550 thesauro
402 1483 546 1569 insignis
571 1482 834 1550 Cenomanensis
849 1483 1001 1586 Ecclesia·
1019 1485 1237 1569 depromptis,
1258 1485 1405 1569 vulgatis
1419 1505 1475 1552 an.
1501 1484 1601 1566 1682,
1618 1508 1637 1554 a

184 1654 225 1725 a.
244 1655 281 1723 P.
299 1655 335 1725 n.
352 1655 480 1725 Joauue
495 1656 699 1739 Mdbillouio,
715 1655 956 1729 Analeclornm
972 1661 1053 1724 tom.
1071 1657 1129 1734 ΙΙΙ,
1146 1658 1201 1723 uhi
1220 1654 1266 1723 sie
1282 1677 1362 1742 pag.
1383 1658 1449 1727 303
1462 1663 1494 1724 et
1510 1678 1602 1744 seqq.
1618 1678 1627 1726 ι

772 2003 908 2074 CAPUT
930 2003 1053 2076 XXXV.

688 2198 729 2250 D}
747 2197 943 2251 tlttnrttltto
967 2198 1132 2249 BPISCOPO·

83 2601 258 2653 Venerebills
272 2614 382 2668 qaoque
400 2598 581 2656 Hildebertus,
598 2610 653 2648 non
671 2595 785 2664 imparis
798 2595 887 2657 (Hoel-
902 2597 927 2665 Β
943 2595 1043 2648 electae
1058 2601 1107 2648 est.
1125 2597 1202 2650 Unde
1216 2600 1339 2648 metuens
1362 2610 1397 2648 ne
1418 2610 1482 2649 cero
1505 2611 1579 2650 more
1597 2613 1646 2651 suo
1661 2613 1770 2666 semper

49 2676 74 2726 lo
97 2676 309 2740 praedecessori)
339 2674 437 2730 meriti,
469 2677 545 2722 ectus
575 2669 728 2722 describere
754 2669 887 2733 disposui,

50 2761 83 2798 ne
104 2747 256 2797 laudabilis
273 2746 334 2811 ejas
360 2744 491 2796 memorie
507 2741 588 2794 inerti
613 2740 723 2793 silentio
741 2747 886 2806 tegeretur,

51 2824 77 2869 et
101 2820 150 2884 qni
169 2820 273 2868 multos
297 2814 442 2868 luculentis
465 2818 627 2877 scriptorum
655 2827 764 2864 snorum
788 2813 888 2864 exhor-

55 2890 210 2940 tationihus
234 2890 262 2938 in
289 2889 377 2939 lacem
403 2885 524 2938 veritatis
546 2887 700 2946 induxerat,
727 2885 785 2948 ipse
803 2882 889 2946 serip-

56 2963 123 3010 toris
156 2959 252 3024 inopie
280 2960 421 3017 obscurus,
438 2965 464 3009 et
485 2957 556 3022 apud
582 2960 705 3020 posteros
734 2954 890 3020 incognitae

56 3031 218 3081 haberetur.
245 3031 292 3080 llic
318 3030 411 3094 iteqne
435 3042 467 3079 ex
491 3026 681 3079 Laversiaeaei
708 3032 805 3086 castro,
833 3039 889 3075 mc·

58 3101 201 3152 diocribus
229 3100 349 3166 quidem,
367 3100 413 3150 sed
440 3099 560 3149 honestis
586 3103 695 3148 exortus
720 3095 888 3162 parentibus,

58 3175 195 3225 edomno
218 3173 319 3234 Hoello,
347 3169 508 3222 venerabills
532 3170 670 3220 memorias
693 3171 819 3236 episcopo
841 3168 889 3218 Ca·

58 3249 239 3300 comenensis
263 3246 399 3301 Ecclesia,
426 3244 577 3295 scholaram
601 3245 728 3306 magister
751 3246 778 3293 et
801 3239 890 3291 archi-

57 3321 193 3372 disconue
218 3317 316 3374 lectus,
344 3320 373 3368 et
402 3321 462 3381 post
491 3321 631 3366 decessum
661 3314 754 3379 ipsius,
780 3318 891 3378 propter

58 3391 183 3444 scientiar
208 3395 233 3441 el
259 3390 404 3441 honestetis
428 3403 480 3439 sse
505 3388 641 3444 meritum,
665 3387 801 3437 communi
827 3385 890 3436 clari

59 3464 205 3529 plebisque
231 3476 354 3520 assensn,
381 3462 409 3512 in
433 3460 493 3527 ejas
516 3461 573 3510 locu
591 3459 751 3510 substitutus
773 3462 822 3508 est.
843 3456 891 3507 Vir

62 3535 160 3601 utiqrse
175 3536 296 3585 moribus
320 3534 448 3598 placidus,
464 3534 546 3583 serbo
570 3535 599 3580 et
620 3528 725 3580 setirrne
742 3529 890 3587 modestas,

63 3614 89 3658 et
102 3610 177 3658 inter
190 3620 282 3658 omnes
307 3605 381 3655 illias
402 3604 521 3665 senionis
547 3603 655 3653 clericos
671 3602 818 3650 litterarum
836 3605 891 3650 stu·

64 3681 115 3732 diis
129 3678 287 3745 precipuus
300 3695 307 3738 ς
322 3678 368 3744 qui
393 3676 551 3743 quamsise
576 3671 692 3738 pueritia
715 3672 765 3722 sah
788 3673 891 3723 litters·

63 3765 121 3802 ram
148 3748 250 3800 studiis
274 3748 384 3799 sedulas
401 3745 553 3801 institisset,
577 3749 685 3805 eunrpto
707 3748 796 3793 lamen
822 3741 891 3805 epis·

66 3826 176 3885 eopetu,
202 3825 356 3870 sanctarum
373 3817 570 3880 scripturarum
595 3812 755 3863 lectionibus
777 3826 892 3878 propen-

66 3895 121 3945 sius
146 3893 332 3944 incumbebat.
361 3891 473 3942 itnimns
497 3887 568 3938 enim
593 3885 660 3951 ejus,
687 3885 765 3937 bonis
788 3886 892 3936 artibus

943 2671 1071 2720 adserens
1085 2670 1209 2736 spiritum
1231 2669 1435 2734 concupiscens,
1460 2672 1577 2737 vigorem
1600 2673 1709 2735 spiritus
1726 2674 1769 2726 eui

942 2741 1079 2791 blanditiis
1103 2743 1244 2797 emolliret,
1263 2741 1346 2807 ccspit
1367 2757 1465 2806 corpus
1481 2757 1560 2794 sunm
1578 2746 1629 2796 eibi
1647 2749 1674 2796 et
1687 2749 1768 2808 potus

942 2815 1117 2880 percimonls,
1142 2821 1243 2865 stratus
1264 2815 1372 2874 duritie,
1398 2830 1429 2865 ac
1454 2817 1531 2866 cilicii
1555 2818 1699 2880 asperitate
1721 2819 1768 2871 do-

942 2901 1025 2949 mare,
1048 2885 1147 2951 sigiliis
1169 2890 1196 2937 et
1218 2886 1387 2939 orationibus
1410 2887 1552 2947 insisterar
1570 2894 1596 2940 et
1617 2890 1768 2942 secuudum

942 2957 1115 3021 Prophetaar.
1139 2959 1328 3023 persingulas
1353 2963 1445 3010 noctes
1469 2960 1567 3009 lectum
1583 2974 1661 3011 suum
1683 2962 1768 3028 lacry-

942 3044 1047 3080 marum
1069 3029 1245 3080 inundatione
1260 3031 1367 3082 lavere:
1393 3036 1420 3081 et
1436 3032 1457 3081 sl
1473 3045 1533 3097 qum
1553 3031 1660 3085 luerent
1673 3033 1770 3099 jaaca-

943 3101 1009 3150 tutie
1041 3101 1147 3158 delicta,
1182 3101 1412 3167 eleemosynarnm
1451 3101 1592 3163 largitione
1626 3105 1767 3155 redimere.

943 3173 1010 3223 Cum
1035 3185 1099 3221 vero
1120 3173 1152 3221 ad
1175 3173 1259 3222 altere
1275 3180 1447 3224 sacrosancta
1470 3176 1597 3239 mysteria
1623 3174 1771 3227 celebratu-

945 3259 989 3294 rus
1016 3243 1164 3299 accederet,
1199 3246 1271 3292 totus
1306 3245 1540 3308 compungebatur
1567 3245 1595 3295 in
1625 3246 1770 3311 lacrymie;

944 3315 1037 3382 sicque
1063 3317 1091 3366 ia
1114 3314 1209 3378 spiritu
1240 3316 1408 3375 humilitatis,
1433 3321 1459 3367 et
1479 3317 1507 3367 iu
1536 3317 1628 3370 animo
1652 3318 1768 3371 contrito

945 3390 1090 3439 salutarem
1123 3385 1237 3437 hostiam
1271 3389 1367 3438 divinis
1406 3390 1595 3452 conspectibus
1631 3390 1769 3441 atterebat.

945 3461 1044 3511 aterne
1072 3472 1179 3523 qnoque
1210 3458 1268 3524 ejas
1297 3472 1428 3525 pauperae
1456 3464 1483 3508 et
1499 3460 1633 3524 peregrini
1665 3475 1771 3524 semper
1853 3518 1855 3523 ¹

946 3530 1019 3581 luere
1045 3531 1207 3593 participes:
1233 3529 1333 3594 quibus
1363 3528 1436 3579 omni
1465 3530 1589 3593 sabbato,
1617 3531 1770 3583 humillimo

945 3602 1029 3653 nostri
1046 3601 1190 3652 Salvatoris
1205 3602 1337 3666 exemplo,
1363 3601 1396 3651 ad
1415 3615 1554 3665 vesperam
1577 3609 1660 3666 pedes
1682 3604 1771 3653 lavere

945 3678 1133 3731 consueverat,
1162 3687 1326 3736 manuopera
1356 3680 1489 3739 satagens,
1515 3688 1549 3727 ue
1579 3674 1681 3726 bonnm
1712 3677 1772 3742 ejus

945 3749 1122 3810 propositum,
1141 3746 1168 3795 in
1193 3752 1324 3811 quantum
1342 3745 1397 3796 fleri
1416 3750 1529 3804 poterat,
1548 3748 1672 3812 cuiqnam
1697 3748 1774 3801 fleret

946 3817 1127 3868 manifestum.
1143 3817 1175 3867 Et
1192 3819 1314 3881 anamais
1331 3831 1391 3866 cnm
1409 3818 1492 3867 tlarie
1517 3818 1550 3868 ad
1567 3824 1649 3883 pedes
1666 3820 1773 3872 Domini

946 3889 1051 3946 sedens,
1069 3889 1303 3952 contemplationis
1317 3890 1375 3952 eJus
1398 3889 1544 3947 dulcedini.
1561 3893 1582 3940 si
1603 3891 1659 3941 lieri
1672 3898 1772 3956 posset,

69 3966 198 4023 eruditae,
215 3963 320 4015 otiosus
343 3975 402 4013 esse
428 3973 483 4011 noa
508 3964 622 4024 poterat.
646 3959 675 4008 lu
693 3958 750 4019 lece
774 3973 890 4025 natuque
906 3970 928 4040 c
947 3975 1041 4012 vacare
1052 3960 1153 4026 jugiter
1177 3961 1307 4025 elegisset,
1324 3968 1412 4011 temen
1437 3975 1497 4011 cnm
1513 3963 1545 4010 ad
1570 3963 1681 4014 tlarthur
1699 3966 1772 4016 solll-

70 4038 182 4095 bomini,
203 4036 352 4087 secundum
373 4034 544 4097 Prophelmn,
570 4031 614 4081 die
639 4044 669 4080 ac
684 4037 761 4081 nocte
780 4034 891 4082 medite-

71 4109 156 4165 bstur.
189 4112 216 4159 et
244 4106 396 4158 divinarum
425 4103 624 4168 Scripturarum
649 4100 734 4153 libros
759 4105 806 4153 eut
836 4104 893 4167 ipss

72 4181 183 4243 tepeant,
212 4190 260 4231 sut
289 4192 379 4231 eorem
410 4192 438 4228 se
468 4176 520 4242 legi
551 4174 681 4237 lacieiiat3
713 4179 793 4240 atque
820 4175 893 4234 iniis,

74 4253 144 4318 qussi
160 4253 221 4316 epls
238 4250 460 4314 prudentissima,
486 4245 673 4310 multiplicium
697 4249 893 4298 sententiarum

73 4323 194 4375 torculos
219 4323 357 4389 colligens,
383 4322 518 4372 dulciores
542 4319 620 4369 melle
637 4320 783 4369 sententies
804 4333 894 4368 excer-

74 4398 169 4461 pebet3
197 4410 232 4450 es
259 4397 368 4463 quihus,
391 4398 522 4457 unquam
554 4391 663 4455 sepiens
691 4391 893 4454 pigmentarias.

76 4477 164 4532 potam
194 4468 354 4520 mellifluum
386 4463 542 4526 conde-leus,
565 4463 620 4513 suls
648 4461 817 4512 auditoribus
845 4459 892 4510 eli·

77 4541 179 4602 quando
200 4539 317 4603 scriptis,
337 4543 364 4588 et
384 4536 530 4603 aliquando
546 4532 614 4585 risis
640 4535 750 4584 sceibus
768 4535 895 4600 propina·

78 4608 134 4661 bet:
152 4611 294 4673 utriusqus
309 4622 390 4658 sexus
406 4615 433 4659 et
453 4608 568 4657 dirersis
586 4603 674 4656 estatis
688 4604 810 4666 persenis
824 4607 895 4667 epis-

80 4682 140 4729 tolss
157 4678 357 4731 exhortatorias
378 4675 507 4741 dirigens,
522 4677 551 4726 ln
566 4677 665 4741 quibus
681 4680 733 4727 tam
750 4673 851 4726 utiliter
865 4689 896 4726 ae

80 4753 205 4802 subtiliter
227 4749 392 4815 disputabat,
408 4753 439 4800 ul
460 4748 639 4798 characterem
665 4752 782 4797 veterem
803 4744 894 4797 imita·

80 4826 125 4881 tas,
144 4822 266 4875 omnium
292 4822 364 4873 illins
385 4822 514 4884 temporis
537 4817 700 4882 scriptorum
728 4817 849 4884 ingenia,
869 4823 896 4870 et

81 4898 266 4946 molestiarum
290 4894 420 4957 gnaritate
443 4897 470 4943 et
485 4890 629 4941 verborum
651 4896 791 4942 reurrstate
806 4890 896 4940 sides·

81 4968 119 5014 ter
139 4968 276 5018 excedere.
300 4966 367 5017 Cum
395 4977 456 5017 sero
473 4964 502 5014 la
527 4961 639 5012 ecclesie
662 4961 828 5027 loqueretur,
847 4975 896 5024 po·

83 5038 153 5101 palus
174 5040 286 5105 quidem
308 5037 392 5088 serbe
415 5037 473 5103 ejus
490 5034 661 5086 devotissime
689 5033 833 5095 audiebat,
849 5032 895 5083 sed

83 5112 220 5164 studiosius
235 5113 427 5163 sadiebstnre
450 5107 561 5171 clericis,
580 5107 710 5172 qnoniam
734 5107 824 5156 telina
842 5105 896 5155 liu-

83 5197 128 5244 «ιιι
142 5185 292 5248 expolitius
308 5183 425 5250 quodem
450 5179 530 5231 modo
554 5185 633 5243 etque
659 5176 778 5228 vivacius
801 5178 896 5244 loque·

80 5254 158 5310 betur.
172 5259 257 5323 Cujus
270 5257 378 5319 scripta.
397 5260 451 5305 tem
475 5266 555 5317 prosa
571 5266 652 5319 quam
671 5252 791 5300 versibus
814 5250 893 5300 lucu·

78 5327 214 5381 hatisnme
230 5329 311 5385 coin,
330 5333 357 5379 et
374 5340 422 5393 per
448 5326 556 5376 diverse
581 5325 638 5374 loca
663 5321 834 5374 celeberrime
856 5323 934 5395 ‹ii-1)

947 4033 1092 4084 citudinem
1109 4034 1249 4095 pastoralis
1263 4032 1343 4083 olllcii
1358 4037 1500 4097 cogeretur
1514 4032 1673 4084 necessitate
1688 4041 1774 4086 trane·

947 4107 994 4167 ire,
1023 4102 1076 4154 dici
1104 4117 1157 4155 noa
1180 4110 1256 4168 poles
1285 4118 1365 4169 qaiem
1396 4105 1525 4161 studiose,
1551 4117 1632 4169 quam
1663 4112 1772 4158 strenue

948 4176 1112 4228 exteriorum
1136 4176 1380 4227 ministrationibus
1408 4176 1558 4236 insistebat,
1588 4183 1614 4226 et
1641 4191 1682 4234 ea,
1711 4191 1772 4241 qnoe

948 4252 1148 4300 antecessorum
1166 4262 1275 4299 suorum
1294 4249 1460 4312 necligeatia
1483 4250 1526 4297 vel
1553 4250 1687 4299 destructa
1714 4249 1774 4301 lae·

948 4325 1018 4377 rant,
1033 4320 1073 4371 sel
1090 4321 1197 4377 omissa,
1213 4318 1373 4381 inlatipabili
1397 4321 1487 4371 stadio
1506 4324 1655 4369 restaurare
1672 4325 1779 4384 satage·

948 4392 1003 4441 hat.
1021 4391 1153 4441 Continuo
1179 4404 1295 4456 anusque
1322 4393 1431 4442 domum
1455 4390 1574 4453 capituli.
1599 4404 1660 4455 quas
1682 4389 1720 4441 ihi
1740 4405 1773 4442 ex
1876 4402 1879 4407 ·

948 4463 1033 4514 tnnllo
1063 4467 1185 4526 tempore
1216 4463 1288 4513 ualle
1318 4465 1427 4525 penitus
1454 4461 1614 4522 habebatur,
1644 4462 1774 4514 laudabili

949 4546 1030 4598 opere
1053 4533 1135 4598 coepit
1159 4548 1175 4584 e
1200 4533 1382 4584 laudamentis
1406 4536 1573 4594 construere,
1594 4547 1707 4600 eamque
1722 4535 1772 4585 de·

948 4609 1083 4655 actitaret
1110 4606 1228 4671 undique
1255 4603 1349 4654 vitreis
1371 4603 1533 4664 illustravit3
1555 4605 1692 4669 multaque
1721 4606 1773 4657 alia

949 4679 1037 4728 lacera
1060 4680 1230 4742 disponebat,
1253 4679 1303 4729 uiri
1328 4678 1433 4738 magnis
1455 4679 1709 4742 supervenientibus
1729 4680 1774 4731 tri-

949 4749 1132 4802 bulationibus
1150 4750 1244 4800 luisset
1258 4748 1412 4816 impeditus.

979 4822 1016 4872 llo
1050 4835 1166 4887 namqire
1197 4827 1319 4880 tenipore
1349 4822 1418 4871 inter
1447 4834 1537 4885 regern
1568 4822 1714 4883 ,laniorum
1748 4826 1776 4875 et
1876 4880 1883 4887 ,

948 4895 1049 4946 Heliam
1080 4895 1205 4944 comitem
1232 4893 1331 4943 bellum
1362 4893 1548 4952 pravissimum
1574 4901 1697 4945 exortam
1723 4897 1774 4953 est,

950 4980 998 5031 pro
1016 4982 1046 5017 eo
1073 4965 1175 5016 scilieet
1199 4966 1273 5031 qnod
1297 4965 1370 5015 idem
1394 4979 1440 5014 rex
1470 4962 1699 5016 cenomanensem
1716 4965 1775 5030 epl-

950 5042 1087 5098 sropatum
1114 5035 1345 5096 calumniabatur3
1370 5038 1485 5098 ideoque
1513 5037 1678 5086 ordinationi
1706 5036 1776 5100 epis·

950 5107 1009 5173 copi
1040 5108 1202 5159 moliebatur
1229 5108 1370 5157 obsistere.
1394 5105 1459 5157 Cnm
1492 5111 1582 5156 entem
1614 5122 1674 5158 enm
1704 5110 1775 5160 ordi·

951 5182 1043 5228 nattam
1067 5182 1196 5239 audisset,
1224 5179 1435 5231 inimicitiarum.
1463 5191 1530 5242 arras
1557 5179 1659 5230 dudam
1686 5191 1776 5233 mente

950 5255 1120 5314 conceperat,
1151 5250 1300 5300 manifestis
1339 5251 1471 5301 bellorum
1507 5250 1660 5301 incursibus
1702 5256 1777 5313 pate·

950 5323 1022 5373 lecit.
1050 5321 1134 5386 Cariae
1162 5323 1295 5386 inemptis.
1315 5321 1378 5373 lieet
1405 5319 1510 5371 viribus
1532 5321 1628 5386 impar,
1647 5323 1710 5374 dnm
1731 5339 1776 5376 co·

81 5405 186 5466 ralpsts,
202 5404 317 5452 scienter
330 5405 359 5450 et
372 5400 529 5462 eloquenter
551 5394 610 5459 ejas
624 5394 798 5459 praeconium,
817 5397 894 5446 noble
950 5409 1006 5446 mes
1036 5393 1126 5444 ileliae
1152 5401 1295 5445 coneretur
1325 5396 1466 5454 obsistere,
1483 5393 1628 5458 hostesque
1656 5395 1703 5460 qni
1729 5397 1778 5447 ad·

79 5475 232 5533 lsoennhus,
253 5472 352 5524 lulurls
379 5469 546 5535 temporibus
573 5481 721 5532 propagare
749 5466 896 5521 ealdciuut.
952 5481 1120 5517 versiieeuiu
1143 5473 1283 5526 venerant,
1309 5465 1444 5517 incautius
1466 5476 1631 5531 sequeretur,
1652 5467 1687 5517 ab
1701 5465 1776 5531 ipsis,

81 5543 134 5609 lpse
158 5551 258 5604 suum,
286 5545 314 5595 ni
344 5543 431 5603 lellcr,
454 5538 576 5591 nondum
601 5536 781 5604 quadruplata
811 5552 897 5605 napos
952 5541 1020 5603 proh
1063 5537 1160 5591 dolori
1191 5538 1401 5603 comprehensae
1439 5540 1488 5590 est.
1524 5542 1551 5587 et
1580 5536 1779 5602 Rothcmegnm

80 5618 160 5674 stetis
193 5620 357 5680 emunt,
384 5627 449 5670 eum
489 5611 525 5666 ed
560 5622 687 5666 sonorem
724 5613 897 5678 episcopatus
952 5623 1036 5679 neque
1060 5612 1262 5679 predamnatis
1284 5622 1345 5664 erce
1368 5610 1454 5677 ipsine
1479 5606 1598 5663 civitatis
1619 5610 1648 5661 ia
1670 5608 1780 5662 vinculo
