3802 6030
73 167 171 267 'stet

89 329 195 390 litters
209 330 286 405 qnod
301 329 361 400 lum
376 325 401 384 Y
416 325 509 382 tliuieo
523 324 629 383 vertice
645 324 752 397 signet,

91 421 147 489 Qui
162 422 295 476 dextrum
308 423 396 483 creto,
406 416 509 473 levum
525 417 652 472 csrbcuc
667 414 777 471 notsvil

91 511 185 569 Artius
200 512 347 571 uirtutem.
363 508 465 563 vitium
485 523 551 576 pers
569 522 666 575 prcus
682 505 797 577 figuret,

89 607 237 658 Descensu
254 596 336 653 lsoili
356 599 464 653 multos
479 596 516 652 cd
533 600 643 651 turture
660 596 788 650 mittens.

92 694 143 745 Aet
158 689 253 761 gravis
269 690 297 743 in
314 686 418 743 cmluni
434 685 517 743 libor
531 691 576 742 cst
591 684 724 741 attollere
736 698 864 755 gressus,

92 779 164 845 Quo,
183 779 235 833 uisi
246 794 416 849 paucorum,
427 775 529 848 nequit
545 775 798 830 erdensscsodere
813 773 917 828 virtus.

90 871 213 924 AEtutem
229 867 364 939 sequitur
375 865 537 935 juvenilem
553 864 632 920 dicte
646 862 747 930 virilis,

90 958 256 1018 Humanum
271 973 378 1028 corpus
391 956 495 1012 solidis
510 955 577 1024 quis
592 955 704 1012 uiribus
719 951 832 1024 implet.

25 1047 30 1055 ’
90 1046 143 1106 Hic
157 1052 252 1104 stetus
267 1051 310 1102 est
324 1047 391 1102 vitae
404 1044 585 1111 mortalibus,
601 1049 630 1100 et
643 1045 725 1114 qussi
741 1047 883 1111 centrum,

91 1137 202 1207 Exque
219 1136 356 1209 precipiti
371 1135 532 1190 deuoluitur
546 1134 643 1189 orbito
658 1139 751 1203 lupen,

90 1226 290 1296 Deliciensque
309 1223 388 1280 cnlor
399 1240 502 1279 sensus
514 1223 677 1279 hebetando
694 1220 828 1290 resolvit,

91 1315 233 1373 Deciduos
249 1319 334 1369 crtus
345 1311 426 1368 senio
443 1313 587 1384 mortique
603 1311 767 1382 resignans.

64 1465 67 1469 ,
90 1408 162 1461 llcce
178 1407 343 1475 persistes
360 1400 482 1472 produci
500 1405 634 1472 tempore
645 1399 797 1472 quinque;

90 1494 121 1553 Si
137 1498 233 1549 temen
249 1496 367 1547 elutum
384 1507 453 1562 psrs
468 1502 512 1546 cst
526 1488 653 1545 inlnntis
664 1488 771 1560 prims,

90 1582 272 1653 Principium
286 1580 350 1636 ritis
365 1579 463 1652 potius
478 1594 567 1652 quem
579 1577 638 1634 vite
649 1577 789 1636 roosnun.

90 1670 125 1730 Et
140 1686 206 1728 mes
220 1668 361 1727 deformis
373 1670 434 1740 tntu
449 1666 529 1725 laxet
540 1669 673 1724 membru
683 1671 831 1735 senectus,

76 1760 124 1821 .lu
140 1759 257 1816 scnium
272 1773 444 1831 propenens,
460 1762 488 1814 et
506 1756 607 1814 mortis
623 1757 657 1813 sd
675 1754 778 1813 ultime
792 1754 915 1814 ducens.

91 1848 165 1918 Quid
177 1847 283 1905 misero
299 1847 418 1919 prodest
434 1845 506 1903 mihi
522 1851 564 1903 tot
577 1846 685 1903 uixisse
699 1861 751 1916 per
764 1843 880 1902 sunus?

92 1934 167 2005 Quid
178 1935 257 1993 letos
268 1934 385 1992 duxisse
395 1933 467 2002 uice,
481 1939 510 1991 et
523 1938 656 2007 tempore
666 1931 773 2007 gretei

95 2027 166 2083 Cum
182 2024 324 2101 quidquid
340 2022 446 2095 plucuit
462 2021 713 2097 lugienssuexerit
726 2020 808 2088 hors.

94 2119 153 2173 Nec
169 2124 266 2171 temen
282 2112 570 2170 abstuleritmentem
581 2111 757 2178 succinctim
774 2126 916 2169 nsmcum

97 2205 210 2264 Guudis
227 2203 406 2272 transierint,
421 2218 542 2274 operum
558 2206 618 2259 stst
632 2217 718 2275 pmne
732 2207 882 2274 superstes

97 2296 224 2354 Occultis
240 2295 334 2367 plagis
351 2295 426 2349 mule
441 2292 561 2349 conscie
576 2302 688 2364 pectore
703 2299 854 2366 torquens.

96 2386 156 2444 Nec
173 2387 269 2441 minor
284 2385 351 2441 inde
364 2391 461 2439 temen
475 2399 565 2454 ptenss
578 2399 704 2438 censure
719 2383 850 2452 timetur,

93 2479 165 2536 Cum
185 2477 274 2533 miser
287 2475 390 2531 exierit
405 2475 441 2530 de
455 2490 576 2547 corpore
593 2474 717 2544 spiritus
732 2474 800 2532 isto.

93 2565 173 2633 Quod
190 2565 215 2622 si
231 2564 393 2638 prseteritos
409 2565 473 2620 vitm
491 2563 631 2635 replicare
647 2563 773 2634 lubnres,

93 2653 237 2710 utrarios
254 2653 382 2721 morbus,
398 2669 431 2708 nc
447 2653 542 2708 tristis
558 2653 617 2707 ists
633 2659 801 2724 parentum,

93 2743 307 2814 AErumnssque
322 2757 435 2812 graves,
451 2746 481 2797 et
495 2739 575 2796 mille
591 2740 721 2813 periculo
736 2757 845 2799 rerum.

93 2836 127 2889 ut
144 2830 219 2886 msle
234 2830 358 2887 sollicito
373 2829 475 2903 uigiles
491 2830 521 2886 lu
538 2834 652 2900 pectore
667 2846 751 2887 curtis

94 2922 328 2978 Commemorsre
343 2918 442 2991 velim,
454 2918 548 2990 mejor
563 2934 701 2976 mensure
719 2917 854 2977 dolorum

95 3010 209 3074 Fuscnt,
221 3014 250 3066 et
264 3008 385 3066 obducit
401 3008 538 3082 lugientie
553 3009 661 3082 gaudis
672 3010 747 3065 vite.

94 3099 167 3158 lliliu
181 3098 339 3173 sanguinei
356 3099 517 3172 primordie
536 3104 653 3155 transeo
669 3109 781 3170 pertus.

92 3190 233 3249 Preterso
244 3205 348 3261 cunss,
365 3205 528 3262 pannorum
538 3187 617 3246 lmdu
632 3189 777 3262 relinquo.

92 3281 243 3337 intentum
261 3280 360 3348 fletus,
377 3279 522 3335 nutricum
538 3294 644 3351 sperno
657 3278 782 3339 labores.

93 3372 135 3427 Λή
154 3369 233 3442 pueri
246 3385 369 3442 propero
384 3368 540 3442 lucrymns,
555 3384 644 3442 quem
660 3371 778 3427 verbere
793 3386 867 3427 sevo

93 3458 191 3517 lectius
205 3463 284 3532 cogit
299 3461 408 3515 dictatu
424 3461 532 3514 relerre
552 3459 696 3528 consister,

96 3549 278 3607 Dediecends
302 3550 411 3606 docens
425 3567 490 3623 quie
505 3548 671 3605 conunxere
688 3556 787 3621 postte,

617 187 802 254 utussont
824 185 1073 253 uuuouuusts
1095 193 1273 257 uutsuuut

927 322 955 392 Α
969 322 1078 382 Probus
1091 327 1290 402 voluptatum,
1301 323 1355 382 uisi
1369 320 1448 399 quod
1463 313 1646 376 reverentius
1657 314 1744 384 optet

1727 173 1802 245 tuit

970 412 1126 487 indulgere
1144 419 1212 486 sibi,
1230 424 1363 474 metuens
1377 409 1536 483 dispendis
1552 407 1652 462 inme.

969 505 1035 562 Jsm
1051 509 1313 579 studiosissimum,
1324 506 1388 561 veni
1406 501 1557 558 studiosus
1575 493 1714 559 honoris,

972 594 1031 652 Neo
1046 598 1116 653 velet
1127 599 1238 653 arbitrii
1255 598 1361 651 uirtute
1376 593 1521 648 revincere
1537 602 1678 662 pravum,

971 684 1023 740 cot
1039 702 1070 741 se
1087 699 1190 760 sponte
1206 705 1260 744 suu
1275 682 1414 740 submisit
1429 679 1561 736 criminis
1580 691 1686 732 usum.

971 773 1041 831 lntle
1055 782 1233 832 senectutem
1248 775 1323 830 unuln
1339 771 1517 829 consuetudo
1534 766 1697 831 mole-tetg

972 863 1082 922 Etcum
1096 868 1155 932 juin
1173 867 1269 921 coitus
1285 862 1341 920 sibi
1356 864 1394 918 sit
1409 862 1561 916 subtracto
1575 856 1733 926 uoluptas,

971 951 1075 1024 Utpote
1090 954 1137 1009 cui
1153 953 1270 1027 gelidus
1284 951 1401 1009 cohibet
1417 946 1576 1021 penetralis
1594 942 1739 1016 sanguis,

972 1042 1219 1099 lusstietstsmen
1238 1041 1329 1114 prurit
1345 1042 1400 1097 sub
1416 1037 1502 1094 corde
1516 1034 1666 1106 voluptas,

960 1131 1006 1211 ‚Et
1022 1133 1094 1204 petit
1109 1132 1211 1189 effectu
1228 1133 1305 1204 quod
1321 1145 1376 1186 non
1396 1125 1523 1199 procedit
1540 1125 1569 1180 iu
1587 1125 1703 1178 ectum.

972 1220 1027 1277 seu
1046 1237 1099 1278 nec
1113 1238 1202 1293 opum
1219 1221 1292 1278 solet
1306 1220 1336 1275 in
1352 1219 1472 1275 sonibus
1487 1214 1582 1270 uiiuor
1598 1227 1666 1268 esse
1683 1208 1799 1283 cupido,

971 1309 1029 1368 Nee
1044 1311 1080 1366 de
1095 1312 1239 1382 predictis
1254 1317 1299 1366 est
1313 1305 1497 1365 ambitiosior
1510 1314 1578 1358 tetes
1593 1321 1601 1371 ς

972 1401 1048 1468 Quin
1064 1407 1092 1456 et
1106 1401 1232 1456 uvsritiue
1248 1398 1390 1472 gravioris
1405 1395 1472 1452 lube
1488 1399 1620 1460 nouum,

973 1490 1047 1546 uum
1059 1491 1173 1547 rictum
1198 1489 1307 1554 minus,
1325 1487 1390 1561 plus
1406 1499 1523 1558 parcere
1540 1479 1696 1553 numptius
1711 1480 1797 1553 optet.

971 1577 1040 1644 Ques
1056 1579 1135 1636 melu
1152 1582 1206 1636 lert
1221 1580 1348 1647 senium,
1366 1575 1451 1633 morti
1465 1572 1590 1629 vicinior
1606 1575 1690 1626 ctas.

934 1691 958 1758 B
972 1667 1114 1741 Decrepiti
1127 1675 1252 1741 pos-unt
1272 1668 1466 1725 deliramento
1479 1662 1615 1736 probare,

970 1757 1061 1830 Cujus
1072 1758 1109 1814 nd
1125 1758 1272 1815 inlautum
1289 1754 1402 1828 l'rcgilis
1416 1751 1577 1811 reditsctic
1593 1749 1699 1806 ultum.

973 1846 1043 1906 Num
1061 1863 1150 1920 prope
1163 1851 1234 1904 sunt
1248 1844 1378 1902 bominis
1393 1841 1506 1900 similes
1517 1852 1646 1897 occseus
1660 1839 1692 1894 st
1707 1841 1796 1905 crtus,

970 1936 1026 2002 Qui
1040 1936 1119 1993 velut
1131 1953 1166 1993 ex
1180 1934 1273 1993 nihilo
1290 1933 1419 2007 procedit
1430 1933 1460 1987 in
1475 1933 1575 1995 istum,

972 2028 1007 2084 ut
1019 2026 1098 2083 velut
1112 2026 1141 2082 iu
1158 2024 1284 2081 nihilum
1299 2024 1360 2080 vits
1374 2020 1497 2078 discedit
1513 2019 1550 2075 sb
1564 2018 1634 2074 iste.

971 2118 1046 2191 llrgo
1062 2116 1134 2191 quid
1148 2117 1176 2172 in
1193 2118 1252 2171 ritu
1269 2113 1361 2187 plncet
1372 2112 1427 2169 huo
1443 2109 1620 2167 mortalibus
1630 2105 1731 2179 egris,

972 2207 1064 2278 Cujus
1079 2208 1114 2261 sd
1131 2221 1267 2261 occasum
1286 2203 1368 2259 lubor
1382 2207 1426 2259 est
1441 2207 1581 2257 ostensus
1596 2197 1637 2253 ub
1653 2202 1731 2261 ortu,

972 2296 1008 2353 Et
1019 2313 1086 2370 pers
1102 2294 1183 2352 nulls
1209 2300 1302 2363 usust,
1319 2310 1407 2368 quem
1426 2308 1484 2347 non
1500 2288 1576 2346 mele
1592 2285 1692 2343 mults
1709 2281 1800 2340 mols·

1631 2377 1726 2449 [stent
1738 2374 1753 2430 ‘l

974 2476 1046 2545 Ouid
1065 2476 1160 2549 plecet
1173 2490 1243 2548 ergo
1257 2473 1339 2537 viris,
1360 2470 1410 2546 qui
1424 2468 1487 2527 sols
1501 2469 1612 2524 cndueu
1624 2463 1800 2540 sequunturl

973 2566 1113 2641 Nunquid
1131 2565 1304 2621 concubitus
1316 2562 1330 2618 l
1342 2563 1390 2618 sed
1402 2577 1493 2632 equos
1502 2560 1587 2614 decet
1597 2557 1650 2613 illu
1662 2555 1792 2625 voluptas

972 2659 1016 2714 An
1032 2658 1116 2713 cibus
1131 2664 1160 2710 et
1174 2653 1281 2727 potus‘l
1296 2653 1421 2725 pecudes
1437 2665 1552 2723 quoque
1569 2647 1643 2703 telis
1655 2647 1796 2718 querunt,

973 2746 1047 2806 Num
1065 2745 1166 2820 populi
1182 2743 1281 2800 tiivor?
1296 2748 1325 2799 st
1341 2740 1413 2797 nihil
1431 2737 1615 2796 estueluoius
1630 2752 1715 2793 suus

974 2836 1112 2907 Nunquid
1126 2834 1255 2891 dicitis?
1278 2833 1330 2889 sed
1348 2847 1398 2888 ees
1413 2829 1480 2886 hinc
1495 2830 1614 2885 sulerre
1631 2825 1797 2900 nequimus.

972 2927 1050 2986 Num
1068 2931 1166 2984 lorme
1181 2923 1291 2982 decor?
1304 2931 1335 2980 st
1348 2922 1429 2979 senio
1446 2919 1583 2977 morbove
1599 2918 1724 2974 lstiscit.

974 3025 1018 3073 An
1035 3018 1132 3090 potius
1146 3015 1287 3071 diuturno
1302 3012 1416 3087 plecent
1428 3011 1488 3067 hec
1504 3016 1640 3081 ternpore
1655 3004 1749 3063 vitet

947 3108 955 3135 ⁴
975 3109 1030 3166 Sed
1047 3124 1105 3163 uon
1120 3109 1268 3178 exspectnt
1283 3120 1350 3177 psrs
1365 3103 1444 3159 borae
1458 3100 1555 3174 primu
1567 3097 1745 3164 secundem,

974 3199 1010 3256 Et
1024 3197 1152 3254 nieicum
1171 3195 1257 3266 periit
1272 3192 1375 3267 nequit
1389 3193 1501 3263 integre
1511 3190 1581 3260 jure
1595 3187 1710 3253 soceri,

975 3287 1006 3346 Si
1021 3287 1141 3357 longum
1157 3289 1274 3355 tempus
1288 3282 1409 3354 longum
1424 3278 1497 3335 nihil
1508 3293 1575 3334 esse
1591 3277 1747 3348 probetur,

975 3375 1049 3443 Ouid
1066 3374 1155 3432 relert
1169 3372 1259 3445 igitur
1270 3371 1372 3444 psucis
1383 3368 1429 3425 rel
1446 3367 1583 3440 pluribus
1598 3365 1699 3431 suuis,

975 3469 1132 3537 Pustqnsm
1150 3460 1330 3528 transierint,
1342 3460 1430 3515 vitem
1446 3455 1565 3514 duxisse
1581 3452 1753 3511 cuducsml

976 3557 1122 3616 Bestiolss
1138 3555 1218 3612 nesci
1238 3553 1395 3626 perhibent
1409 3549 1572 3607 influmine
1587 3549 1702 3620 Gange,

97 3639 200 3698 1508
230 3640 337 3712 Stupro
354 3639 479 3695 nelnndc
500 3637 592 3709 lovis,
606 3653 657 3694 eeu
672 3639 774 3695 Martie
789 3640 922 3699 adultere
975 3648 1105 3713 Quarum
1122 3637 1729 3709 membrelutosurpeussuroruligurst,

801 3736 873 3788 t'uets

97 3816 232 3874 Lsscivos
246 3815 514 3887 recitnnsjursnee,
530 3821 688 3890 turpesque
701 3731 825 3891 puellu[s‚
877 3773 884 3802 ³

98 3907 200 3966 Mutus
215 3921 289 3977 quos
302 3906 411 3975 junxit,
425 3904 475 3961 sed
492 3907 664 3964 detestundn
679 3910 822 3982 voluptss.

98 3995 209 4055 lmbuit
224 3995 260 4050 uu
275 3993 393 4068 culpem
408 3994 535 4051 similem
553 3998 625 4052 rutle
641 3996 739 4054 tubuli
753 4004 867 4072 pectus,

98 4088 327 4157 Pruueutusque
343 4101 414 4156 puer
428 4084 490 4143 vitii
507 4087 643 4143 tementis
658 4090 757 4158 odore,

98 4181 164 4235 Jsm
180 4178 263 4247 cupit
278 4176 410 4247 exemplo
426 4177 611 4232 committere
627 4179 701 4233 lmtlu
716 4179 849 4236 deorum.

96 4269 172 4341 Ergo
187 4283 254 4324 cum
273 4268 367 4340 primo
377 4265 495 4338 genitali
508 4268 745 4326 membrscstore

96 4359 227 4427 Fervida,
257 4374 307 4414 cor
317 4357 447 4431 iuuenis,
466 4358 636 4416 stimulante
652 4359 774 4418 libidine
790 4360 921 4436 pulsent,

97 4448 191 4508 licens
205 4448 362 4520 pudicitiae,
378 4446 459 4504 nullo
476 4448 658 4519 prohibente,
674 4448 795 4520 relexnt,

96 4538 136 4595 ud
153 4536 238 4594 lsvou
252 4543 334 4593 sotus
350 4537 458 4593 devexo
474 4536 592 4594 tremite
609 4554 740 4596 currens.

97 4628 177 4693 Quod
195 4625 220 4683 si
237 4629 303 4696 post
317 4625 435 4698 culpem
452 4631 566 4682 mouent
578 4628 714 4685 conlusio
731 4633 871 4703 mentem,

100 4717 134 4774 ut
148 4716 216 4772 uelit
230 4715 259 4772 in
273 4716 452 4772 destructus
469 4715 582 4786 pollute
592 4717 689 4785 reniti,

99 4807 222 4864 Lubrics
238 4805 293 4861 llus
307 4804 368 4860 luto
384 4804 505 4877 uestigio
518 4803 603 4878 culpe
615 4810 751 4874 retentet,

98 4896 314 4964 Ausoniumque
324 4893 399 4949 mulo
417 4893 551 4966 prohibet
564 4903 640 4952 recto
649 4901 761 4954 vertere
772 4912 920 4971 gressum.

97 4989 171 5058 Ergo
183 4998 235 5056 per
247 4982 407 5055 abruptum
418 4983 509 5039 fertur
524 4984 848 5058 miserendiluventue,

99 5074 229 5132 Crimine
255 5072 440 5142 criminibus,
461 5091 512 5131 seu
529 5081 637 5134 mortes
653 5076 783 5135 muribus
798 5078 920 5139 addens.

98 5163 172 5234 Quid
188 5164 310 5219 referem
326 5165 437 5235 species
453 5165 609 5234 scelerum,
627 5167 766 5238 periuris,
783 5168 871 5240 luctu,

99 5254 262 5328 Sacrilegos
277 5270 379 5324 susus,
395 5255 499 5322 nudes,
513 5255 634 5323 inceste,
652 5258 793 5330 rupinas?

99 5344 227 5402 Plurima
249 5349 400 5417 pretereo,
415 5360 479 5418 qus
501 5360 553 5401 nec
567 5349 758 5407 memorande
774 5349 921 5427 videntur,

100 5434 132 5489 ln
148 5436 254 5507 quibus
271 5434 330 5491 boec
345 5438 416 5490 aetus
430 5449 505 5488 caece
519 5449 552 5490 se
566 5441 662 5491 mente
678 5436 800 5497 volutet.

100 5520 157 5579 eeu
171 5540 265 5599 neque
280 5523 323 5582 vir
339 5524 433 5581 lectus
449 5521 533 5583 lecito
547 5530 685 5584 conecclo
695 5528 812 5601 repellit

975 3737 1020 3794 Sul
1035 3736 1133 3793 oriens
1143 3734 1264 3800 enimet,
1275 3732 1346 3788 lucit
1362 3732 1430 3788 born
1442 3728 1572 3786 secunde
1588 3726 1715 3796 moueri,

975 3825 1072 3883 Tertio
1083 3827 1145 3897 jum
1160 3821 1270 3895 vegetis
1283 3821 1368 3877 ludos
1383 3820 1535 3892 saltusque
1545 3816 1720 3873 ministret:

975 3918 1012 3975 st
1026 3921 1182 3988 postquem
1198 3927 1315 3969 summo
1339 3909 1457 3965 ruditus
1471 3915 1529 3964 etet
1544 3905 1676 3963 Pumbus
1691 3906 1722 3962 in
1737 3919 1794 3976 us,

975 4005 1023 4062 lle
1038 4017 1157 4076 quoque
1168 4004 1297 4074 perlecto
1308 3999 1383 4077 vires
1399 3997 1428 4052 in
1444 4011 1565 4068 corpore
1579 3994 1717 4052 sistunt:

975 4095 1048 4153 Hinc
1060 4093 1108 4150 ubi
1120 4093 1162 4149 eol
1178 4108 1296 4148 currum
1311 4091 1449 4147 deuexum
1466 4086 1554 4144 llectit
1565 4085 1596 4142 in
1610 4086 1729 4144 orbem.

975 4185 1091 4259 Pigrius
1107 4183 1251 4256 incipiunt
1268 4181 1333 4238 lusu
1349 4185 1484 4237 cessante
1499 4174 1620 4242 moueri,

975 4275 1011 4332 ut
1024 4273 1107 4349 uigor
1120 4274 1277 4330 exhsustos
1292 4270 1466 4343 pedetentim
1481 4266 1591 4325 deserit
1605 4270 1692 4323 crtus
1707 4284 1715 4337 ;

975 4364 1101 4437 Vespere
1111 4365 1175 4436 jum
1191 4365 1277 4431 tecto,
1294 4377 1383 4435 rugus
1397 4361 1448 4417 det
1458 4359 1542 4432 pellis
1556 4356 1664 4426 aniles,

937 4441 961 4510 ll
976 4459 1010 4512 ut
1022 4454 1120 4528 pruris
1136 4452 1268 4509 incurvet
1283 4451 1440 4508 titubantis
1456 4448 1588 4505 membru
1603 4450 1770 4505 seneclus.

974 4547 1010 4603 At
1023 4543 1112 4602 simul
1126 4542 1230 4600 Oceeni
1244 4542 1343 4598 rudius
1363 4539 1406 4597 eol
1422 4539 1527 4609 mergit
1541 4538 1571 4594 in
1588 4536 1696 4606 undis,

973 4633 1041 4690 Vite
1057 4632 1152 4689 breuis
1167 4635 1270 4687 tenues
1287 4630 1395 4703 puriter
1407 4627 1528 4684 discedit
1542 4626 1571 4683 in
1587 4641 1691 4697 surse,

974 4720 1067 4781 Unius
1080 4727 1194 4777 tuntum
1209 4718 1304 4792 spatio
1321 4725 1455 4791 porrecte
1465 4715 1535 4772 diei.

975 4814 1020 4872 An
1037 4829 1093 4867 non
1111 4810 1157 4867 his
1172 4808 1284 4866 similes
1298 4807 1474 4864 animalibus
1488 4820 1552 4862 esee
1566 4803 1720 4871 videmur,

976 4900 1080 4961 im
1096 4900 1308 4969 Quoebrevites
1322 4893 1596 4970 vitoe,qusutumuis
1607 4893 1711 4960 lones,
1728 4906 1807 4952 noer

1635 4982 1740 5057 [etuti

976 5080 1048 5140 Num
1065 5078 1204 5153 quidquid
1221 5078 1343 5152 longum
1358 5075 1413 5135 sub
1424 5079 1557 5147 tempore
1566 5072 1681 5131 dicitur
1696 5073 1771 5146 ullo,

976 5171 1038 5238 Ouo
1052 5171 1143 5245 [supp.
1159 5170 1244 5243 Cum]
1257 5167 1407 5241 collatum,
1415 5171 1542 5241 punctus
1555 5162 1736 5326 breris[esse
1748 5176 1809 5237 prc-

1672 5255 1775 5312 betur.

976 5351 1038 5407 lmo
1054 5364 1107 5405 nec
1121 5352 1259 5419 punctus,
1270 5345 1409 5419 quonism
1425 5357 1492 5400 cum
1509 5339 1590 5398 mille
1606 5356 1658 5414 por
1674 5357 1775 5398 sunus

975 5439 1119 5512 Tempore
1134 5436 1374 5509 transiet-intem
1388 5435 1560 5508 punctus,st
1574 5429 1627 5488 ille
1641 5428 1721 5489 nihil
1727 5437 1807 5490 sunt.
