3802 6030
623 210 714 298 rau.
736 228 981 297 aranaennnr
1001 227 1214 293 cnuouan.
1238 229 1362 293 antec.

1778 227 1844 297 53⁶,

168 374 352 442 imminente,
366 373 465 430 iratres
479 370 652 436 charissimi,
667 368 825 427 Dominics
845 364 955 438 passin-
969 367 997 435 Α
1012 363 1087 435 poris
1099 365 1205 422 Christi
1219 365 1412 422 substantiam
1429 363 1526 432 latere,
1541 379 1579 420 tre
1595 362 1620 418 sl
1646 362 1676 418 in
1698 379 1730 419 ea
1746 365 1839 434 quali·

133 465 179 523 rtis
193 461 323 529 articulo,
339 461 527 535 quandojam
557 476 630 532 pene
658 462 718 517 erat
747 458 778 515 in
805 455 956 511 traditione

135 553 283 618 Dotaiuus,
299 552 345 623 qui
360 550 438 622 prius
448 548 553 621 legales
563 547 757 607 observantias
767 554 795 602 et
819 544 958 602 sacrificia

132 649 271 708 tenuerat,
288 657 350 711 que
365 641 463 696 omnia
486 641 597 697 luerunt
628 640 720 713 ligura
751 635 958 693 incarnationis

135 738 163 790 ei
177 729 319 803 passionis
333 729 447 798 christi,
478 730 609 786 veniente
623 730 753 794 veritate,
778 725 867 783 veluit
895 740 958 780 nm·

133 821 214 879 bram
229 820 695 893 dimitterehguusimmaculatus
711 818 741 874 ιε
756 815 875 887 antiqua
886 822 957 883 iege,

31 920 35 935 ¹
134 917 161 967 et
177 909 240 965 alie
257 909 464 965 bostrenorum
481 911 592 973 hunum
607 905 819 962 immolandum
831 904 860 958 iu
873 916 959 957 cruce

135 998 363 1071 praefigurabant.
380 995 478 1053 Voluit
493 997 578 1067 igitur
592 1011 696 1067 agnum
714 992 895 1062 iieursttmm
911 1005 959 1045 co·

136 1089 262 1154 medere,
278 1093 307 1144 et
321 1087 484 1151 immolare,
499 1094 526 1142 et
542 1085 673 1143 umbram
691 1084 730 1141 ni
759 1083 884 1155 liguraiae
900 1088 959 1134 tua·

67 1172 70 1177 ’
137 1180 185 1236 diu
201 1195 325 1245 servare,
341 1180 432 1234 donee
447 1178 607 1234 immolatio
623 1177 679 1232 reri
702 1176 772 1244 iani
798 1174 886 1229 lieret.
903 1171 959 1226 its·

138 1273 271 1342 queunte
286 1273 399 1338 tempus
414 1267 556 1338 passionis
571 1282 638 1332 εειε,
656 1265 745 1322 ιειεὶι
758 1264 866 1319 Pascha
881 1265 961 1316 retus

138 1374 203 1415 curn
219 1356 371 1429 discipulis
385 1358 445 1412 suis
461 1355 616 1421 celebrare,
629 1363 656 1411 ει
672 1369 782 1426 agnum
801 1353 960 1415 coartedere,

45 1504 48 1508 .
137 1446 512 1516 deludereteribusllguris
543 1445 630 1502 duem
659 1446 737 1501 darre.
763 1447 828 1498 Posi
850 1454 961 1498 eccuam

137 1536 312 1608 igituragni,
328 1551 432 1592 norum
450 1534 556 1592 Pascha
579 1534 661 1590 linito
689 1531 775 1589 veteri
803 1529 962 1597 substituit,

138 1633 166 1684 et
180 1623 329 1698 discipulis
343 1641 449 1696 corpus
463 1633 490 1681 ot
505 1625 677 1695 sanguinem
695 1637 778 1678 suum
807 1618 961 1676 distribuit.

1011 458 1067 510 iaie
1079 454 1109 511 in
1123 471 1177 526 qua
1192 471 1288 512 revera
1303 464 1355 524 est,
1371 461 1528 525 appareret,
1558 468 1657 508 verum
1687 454 1836 510 hominem

1011 545 1124 600 artimus
1141 544 1266 600 hominis
1282 560 1395 601 surrrerc
1411 544 1585 599 abhorreret.
1604 543 1683 600 Unde
1698 559 1765 599 cum
1784 545 1837 601 Do·

1013 633 1108 689 miuus
1122 634 1226 691 diceret
1242 650 1248 691 :
1266 657 1280 686 ιι
1299 634 1358 691 Νιει
1375 632 1616 689 inanducareritis
1642 648 1758 690 earnem
1772 633 1838 690 Filii

1014 723 1148 790 hominis,
1164 731 1193 779 el
1208 724 1335 781 biberitis
1350 726 1413 794 rjus
1430 723 1678 790 sanguinemnon
1696 723 1837 781 habebitis

1014 812 1098 867 ritum
1115 814 1144 870 ia
1160 814 1238 869 robis
1253 816 1344 885 (donn.
1357 830 1396 881 vr,
1410 813 1467 877 34),
1484 834 1497 862 ε
1516 812 1575 868 haee
1601 812 1751 869 audientes
1765 816 1829 884 qui·

1013 903 1077 957 daur
1093 903 1222 959 abierunt
1239 915 1407 970 retrorsum,
1427 901 1623 966 abhorrentes,
1648 907 1677 956 et
1704 912 1837 972 patrantes

1013 1007 1078 1048 euni
1094 992 1149 1048 suh
1163 1009 1196 1048 ea
1211 993 1306 1064 specie
1321 1008 1381 1062 que
1398 993 1439 1048 eis
1467 991 1632 1061 apparebat,
1658 989 1758 1060 jubere
1785 1007 1837 1047 eo·

1015 1081 1099 1137 medi.
1121 1082 1319 1138 hebetantem
1340 1081 1499 1138 necessario
1526 1081 1603 1136 m
1631 1083 1745 1136 credure
1759 1079 1838 1136 Chri·

1015 1172 1133 1238 stianus,
1152 1173 1286 1227 munibus
1301 1171 1459 1227 sucerdotis
1470 1171 1622 1238 cuiuslibet
1638 1171 1838 1227 tantummode

1015 1263 1165 1317 sacerdotii
1181 1260 1312 1317 ordinem
1328 1261 1469 1328 habentis,
1486 1259 1544 1316 sire
1563 1259 1641 1325 boni,
1672 1262 1731 1316 sive
1761 1260 1842 1327 mali,

1015 1352 1216 1424 equalitarper
1228 1354 1311 1408 rerba
1331 1352 1498 1422 potestativa
1509 1349 1839 1420 benedictionis,corpus

1016 1442 1130 1499 Domini
1147 1459 1231 1516 posse
1246 1442 1417 1509 consecrari,
1434 1450 1460 1497 ει
1478 1451 1545 1498 tune
1557 1441 1694 1512 Spiritum
1708 1448 1840 1497 sanctum

1017 1533 1048 1588 in
1063 1531 1278 1589 consecratione
1294 1531 1464 1589 illaadesse.
1483 1534 1515 1588 ln
1540 1532 1635 1603 specie
1662 1548 1729 1588 aero
1760 1533 1843 1602 panis

1014 1623 1072 1692 janr
1088 1622 1216 1678 Christus
1232 1620 1318 1677 soluit
1333 1636 1437 1692 corpus
1468 1636 1551 1677 saara
1580 1621 1743 1691 ostendere,
1772 1620 1840 1692 quia

139 1715 169 1772 si
187 1714 266 1772 euim
297 1713 376 1785 prius
399 1712 524 1770 dedisset
548 1729 652 1784 corpus
681 1727 776 1778 suum,
805 1719 833 1767 st
858 1708 1234 1797 deindeBipseestpunis
1257 1713 1350 1780 vivus,
1380 1712 1431 1784 qui
1458 1713 1493 1768 de
1521 1711 1595 1767 caclo
1624 1711 1783 1777 deseendit,
1814 1715 1844 1766 ct

140 1818 261 1876 agnum,
278 1817 336 1858 nou
349 1801 492 1858 videretur
512 1807 591 1857 vetus
607 1799 715 1857 Pascha
730 1799 807 1856 m
836 1795 963 1853 finivisse
1018 1800 1155 1857 unionem
1171 1803 1298 1873 corporis
1313 1817 1379 1858 curu
1394 1800 1488 1874 capite
1505 1801 1534 1856 in
1550 1801 1645 1871 speeie
1661 1799 1741 1871 panis
1752 1799 1843 1855 soluit

142 1908 194 1965 per
210 1907 327 1949 norum.
345 1893 461 1964 decepit
475 1891 569 1963 itaque
581 1905 695 1964 panem,
711 1893 740 1946 et
756 1887 902 1945 tienedurtt
917 1889 965 1955 ;et
1014 1892 1173 1962 designare.
1190 1891 1314 1948 sieutait
1330 1892 1483 1960 Apostolus
1501 1907 1509 1947 ι
1527 1911 1541 1941 ι
1560 1892 1638 1949 unns
1653 1890 1841 1960 panis,unum

144 1981 294 2041 dedititiis
310 1981 545 2053 posteaealicem.
559 1981 602 2053 ilii
628 1980 777 2037 sciendum
804 1977 878 2049 quod
909 1984 966 2032 totu
1016 1981 1215 2054 eorpusmulti
1232 1981 1506 2052 sumusomrres,qul
1523 1983 1632 2037 deuna
1662 1997 1736 2052 parre
1755 1979 1844 2050 parii·

146 2071 796 2143 naturuhumauainunimaetcorpnreerat
822 2072 963 2135 corrupta.
1017 2071 1253 2142 eipamusiltior.
1271 2088 1299 2137 x,
1326 2072 1380 2143 tr).
1404 2092 1418 2121 a
1448 2073 1528 2127 sieut
1554 2073 1631 2128 eninr
1661 2088 1696 2127 ea
1725 2069 1845 2125 dirersis

145 2162 275 2232 Oportuit
291 2175 359 2228 erga
374 2164 405 2216 ut
419 2159 570 2230 Dominus,
595 2159 643 2230 qui
660 2158 790 2215 seniebat
814 2161 966 2226 utrumque
1016 2165 1114 2233 granis
1129 2163 1210 2232 panis
1226 2164 1266 2228 iit,
1282 2161 1323 2217 sic
1335 2177 1369 2216 aa
1383 2161 1506 2216 dirersis
1521 2161 1661 2216 membris
1673 2176 1764 2215 uuum
1777 2174 1842 2214 cor·

145 2251 277 2321 liberare,
295 2250 428 2306 uniretur
443 2250 567 2320 utrique,
583 2257 613 2305 ιιι
627 2247 726 2305 εειιειι
752 2263 801 2319 per
828 2246 965 2311 animum,

144 2356 249 2412 corpus
264 2354 432 2410 percorpus
460 2338 639 2397 liberaretur.
669 2338 735 2394 ideo
765 2337 795 2392 in
823 2334 906 2392 altari
931 2335 967 2390 ad

146 2442 300 2504 utrumque
311 2429 566 2500 representandum
579 2444 682 2498 panem
693 2435 720 2483 et
732 2427 831 2483 riuuru
847 2423 967 2495 apponi·

147 2535 222 2586 tuus,
238 2523 268 2573 ut
283 2534 332 2589 per
347 2533 452 2587 panem
469 2532 573 2589 corpus
602 2516 719 2582 lactum,
735 2519 764 2570 et
785 2533 803 2570 a
831 2513 914 2570 nobis
928 2513 970 2570 di·

148 2623 204 2680 gne
218 2613 382 2675 acceptum,
396 2613 528 2662 nostrum
544 2621 648 2676 eorprus
663 2604 775 2676 corpori
790 2604 893 2661 Christi
909 2605 968 2659 iut-

149 2695 324 2756 mortalitate
337 2704 363 2752 et
375 2694 608 2765 impassibilitate
622 2709 762 2766 quemque
781 2695 814 2764 [f.
840 2693 970 2765 quaudo-

151 2790 215 2860 que}
231 2784 470 2843 conformandum
488 2784 637 2841 credamus
654 2801 662 2854 ;
678 2792 704 2841 st
719 2784 851 2840 similiter
865 2798 914 2854 per
930 2783 970 2838 ri-

152 2891 222 2934 uum
237 2875 266 2930 in
282 2874 449 2945 sanaainem
466 2889 636 2931 conversum
664 2891 681 2929 a
705 2872 789 2930 nobis
810 2879 971 2944 acceptum,

153 2965 266 3021 animas
281 2971 392 3020 nostras
406 2961 510 3019 animas
526 2961 630 3019 Christi
646 2963 809 3019 coulormes
820 2962 928 3017 luteres
941 2961 970 3017 iu

149 3052 269 3118 mando,
285 3050 354 3108 dum
369 3051 503 3119 vicimus,
517 3056 547 3108 et
560 3051 589 3107 in
613 3050 714 3123 gioria,
744 3051 811 3106 duru
840 3065 969 3122 resurge·

1019 2267 1070 2322 pus
1085 2252 1187 2308 Christi
1198 2253 1226 2307 iu
1243 2251 1349 2307 unione
1365 2256 1436 2322 spei,
1457 2250 1533 2320 sstlei,
1564 2260 1590 2307 et
1615 2249 1768 2307 charitatis
1783 2247 1848 2306 elii·

1025 2340 1128 2397 eimur.

1056 2430 1152 2500 itaque
1167 2429 1214 2500 qui
1229 2430 1341 2501 corpori
1364 2430 1467 2486 Christi
1496 2429 1572 2485 sieut
1598 2429 1762 2486 membrum
1788 2428 1851 2484 vult

1020 2520 1106 2586 uniri,
1124 2519 1190 2590 pani
1205 2520 1270 2576 caeli
1283 2535 1349 2576 cum
1368 2518 1433 2574 eliis
1461 2518 1624 2589 participet.
1657 2518 1756 2589 Fregit
1770 2518 1851 2574 enlm

1019 2610 1160 2666 Dominus
1176 2625 1292 2681 panem,
1307 2609 1575 2683 etisrrppotunibus]
1592 2609 1669 2664 dedit
1683 2625 1690 2676 ;
1703 2608 1852 2678 quiaquod

1020 2716 1109 2758 anum
1125 2705 1179 2765 est,
1195 2699 1231 2755 ab
1246 2700 1380 2755 omnihus
1402 2699 1491 2755 voluit
1517 2698 1693 2771 participari,
1723 2697 1824 2754 diceus
1842 2713 1850 2753 ε

1021 2790 1146 2860 ιεειριιε
1162 2804 1211 2860 per
1222 2789 1465 2855 conformitatem,
1482 2793 1510 2844 el
1535 2789 1674 2844 comedite
1699 2788 1792 2856 ipsum
1809 2803 1850 2843 sa·

1021 2887 1211 2937 crumentum.
1224 2880 1278 2934 lloc
1290 2880 1377 2950 tacita
1395 2878 1424 2934 in
1440 2894 1531 2934 meam
1543 2880 1849 2945 commemorationem,

1023 2976 1052 3024 ul
1066 2968 1234 3038 accipiendo
1250 2984 1353 3039 corpus
1368 2978 1394 3023 et
1407 2969 1587 3037 sauguinem,
1607 2967 1762 3023 habeamus
1785 2983 1850 3037 pas·

985 3097 1007 3165 G
1026 3058 1116 3115 siouls
1130 3059 1191 3129 ejus
1201 3059 1543 3122 commemurrrtionemret
1553 3057 1720 3126 accipiendo
1731 3071 1848 3127 corpus,

149 3157 224 3201 mus.
239 3141 273 3198 ιι
286 3156 353 3199 cum
367 3140 466 3197 aalma
480 3156 530 3212 par
544 3138 658 3213 aitquor
689 3154 868 3211 corporeum,
897 3140 971 3195 sieut
1025 3148 1101 3206 sicat
1115 3164 1165 3219 pro
1180 3146 1264 3204 uotis
1285 3152 1413 3202 mortuus
1428 3147 1522 3213 astru
1539 3163 1588 3217 pro
1604 3163 1648 3212 eo,
1678 3147 1701 3202 st
1731 3159 1849 3202 necessa

150 3246 253 3304 corpus
269 3247 318 3301 per
332 3245 449 3302 panem,
472 3231 704 3300 repraesentanda
728 3237 812 3296 esset,
839 3228 912 3285 nihil
928 3231 972 3286 in-

150 3329 268 3379 rentum
282 3326 325 3378 est
339 3320 369 3376 in
383 3318 520 3376 omuibus
539 3320 679 3377 creaturis
696 3334 745 3388 per
761 3319 835 3388 quod
850 3318 974 3376 vicinius

149 3417 409 3483 representaretur,
427 3424 512 3479 quatu
528 3424 578 3479 per
604 3407 789 3479 sauguinem,
817 3408 865 3480 qui
894 3409 975 3464 sedes

150 3499 356 3573 ipsiusauimas
370 3496 484 3554 dicitur.
500 3498 553 3553 Sed
570 3497 636 3568 quis
664 3512 715 3568 per
741 3497 912 3568 sanguinem
927 3512 974 3553 su·

152 3606 230 3648 mere
244 3589 312 3661 quid
327 3586 462 3645 horribile
478 3594 585 3643 natura
598 3586 731 3643 humanas
743 3585 901 3656 ridebatur,
912 3586 975 3642 ideo

152 3682 253 3738 alnum
270 3695 320 3750 pro
331 3678 471 3749 sanguine
486 3677 609 3748 positum
625 3683 678 3744 est,
690 3677 724 3733 ad
736 3676 976 3748 significationem

153 3769 392 3844 [tridentensem
421 3782 470 3822 rea
493 3765 745 3839 sustentationem]
773 3767 887 3823 aalma.
918 3765 977 3825 Nec

156 3855 487 3928 tamenintelligeudum
502 3857 632 3927 estquod
662 3857 692 3913 iu
720 3854 869 3928 surrguiuis
895 3872 976 3914 aece-

155 3949 252 4020 ptionc
266 3945 356 4004 solam
368 3945 539 4011 salutemet
555 3962 614 4002 non
631 3961 745 4018 corpus,
772 3946 816 4004 aei
832 3946 861 4002 in
890 3961 976 4003 acee-

153 4036 253 4110 pticou
267 4035 395 4107 corperis
411 4034 594 4091 solummodo
610 4051 717 4106 corpus
732 4043 760 4092 et
776 4051 834 4092 uon
851 4036 977 4093 animum

156 4125 355 4197 accipiamus3
376 4124 424 4182 sed
455 4126 484 4181 iu
515 4126 682 4196 acceptioue
711 4125 860 4196 sauguinis
888 4132 977 4181 toturn

155 4216 299 4273 Christum
313 4230 411 4271 aarum
427 4215 515 4273 Deum
530 4223 557 4273 et
573 4214 729 4282 hominem
741 4223 766 4272 et
778 4216 979 4286 inacceptione

155 4304 282 4377 corporis
296 4304 427 4362 similiter
441 4308 532 4361 totum
549 4305 726 4378 [summust
753 4305 789 4361 Et
804 4305 924 4376 quiebis·
939 4320 979 4361 se·

155 4395 276 4469 paratim
291 4400 446 4466 eorpus,et
461 4397 613 4466 separatim
640 4395 823 4463 sanguinem,
849 4411 906 4451 nou
934 4398 979 4450 ia·

1026 3238 1074 3305 sit,
1089 3237 1257 3294 moriamur.
1274 3236 1310 3293 ιιι
1323 3236 1359 3292 de
1373 3234 1464 3293 calice
1478 3236 1625 3301 similiter,
1640 3251 1725 3306 quem
1742 3234 1850 3292 vocarit

1026 3327 1136 3386 Notum
1152 3326 1378 3391 Testamentum,
1394 3325 1422 3380 id
1441 3333 1482 3382 esi
1496 3342 1598 3382 noveru
1618 3324 1850 3397 promissionem,

1028 3414 1095 3487 quiu
1109 3430 1158 3484 per
1173 3413 1254 3470 illum
1271 3415 1438 3482 sanguinem
1456 3429 1515 3470 non
1543 3414 1709 3484 temporalia
1735 3413 1851 3484 promit·

1029 3504 1114 3572 tebet,
1131 3504 1177 3560 sed
1194 3517 1312 3560 eterna.
1331 3503 1401 3560 llaec
1415 3504 1649 3560 commemoratio
1674 3504 1757 3558 debet
1786 3503 1846 3559 lieri

1028 3596 1120 3651 donec
1134 3593 1238 3663 aeniat,
1255 3594 1282 3649 id
1299 3601 1340 3649 εει
1357 3593 1490 3662 usquein
1508 3592 1595 3648 littam
1613 3592 1722 3658 saeculi,
1736 3592 1851 3663 quaudo

1029 3684 1120 3740 reniet
1134 3682 1169 3737 ud
1182 3682 1388 3754 judiciumsed
1402 3681 1569 3752 videtequid
1590 3683 1717 3753 sequitur
1730 3699 1737 3738 :
1751 3706 1766 3734 ιι
1783 3683 1853 3750 Qui·

1029 3784 1142 3840 cunque
1162 3768 1374 3825 manducaverit
1395 3785 1507 3839 pauent,
1532 3767 1575 3825 vel
1602 3769 1704 3825 biberit
1733 3768 1853 3826 calicem

1032 3859 1144 3916 Domini
1155 3858 1285 3927 indigue,
1302 3873 1366 3913 reus
1381 3859 1435 3914 erit
1447 3857 1574 3929 corporis
1587 3858 1778 3932 etsanguinis
1793 3861 1853 3914 Do·

1031 3948 1102 4004 mini
1120 3972 1127 4014 ς
1143 3947 1244 4016 probet
1256 3955 1352 4003 autem
1368 3948 1492 4017 seipsum
1510 3948 1606 4013 homo,
1620 3956 1647 4002 et
1675 3951 1716 4003 sic
1728 3949 1763 4003 de
1781 3964 1854 4018 piane

1030 4038 1082 4095 illo
1097 4037 1174 4103 edat,
1190 4042 1218 4093 et
1232 4038 1267 4093 de
1282 4037 1372 4093 calice
1399 4037 1476 4093 hatrat
1504 4037 1527 4108 il
1543 4041 1604 4093 Cor.
1630 4054 1662 4105 rr,
1691 4039 1737 4104 27,
1764 4038 1821 4108 28).
1840 4059 1855 4089 ,ι

1033 4128 1171 4198 ludigarus
1185 4143 1252 4197 ergo
1268 4135 1310 4184 est
1324 4127 1470 4183 criminali
1487 4134 1603 4196 peccato
1618 4127 1754 4191 irretitus,
1772 4129 1798 4183 ld
1813 4133 1857 4184 est

1031 4217 1220 4273 inroluutate
1238 4216 1432 4271 criminalium
1463 4216 1658 4271 faciendorum
1688 4232 1854 4273 remanens.

1031 4305 1244 4361 Probuiauteiu
1268 4304 1396 4376 seipsum
1421 4304 1516 4372 hemo,
1553 4321 1611 4362 non
1640 4305 1856 4376 comparatione

1033 4395 1166 4460 aliorum,
1184 4395 1233 4450 sed
1251 4410 1299 4465 per
1324 4410 1353 4450 se
1375 4392 1470 4450 solum
1491 4395 1583 4464 qualis
1606 4395 1691 4451 luerit
1715 4397 1855 4453 conside·

155 4500 221 4541 mon
238 4484 291 4553 bis,
307 4483 356 4539 sed
371 4482 459 4539 senrel
474 4482 618 4538 Christum
646 4483 816 4553 accipimus.
844 4483 898 4539 Sed
926 4483 978 4537 isto
994 4483 1015 4549 [i
1032 4500 1099 4542 rans
1114 4485 1180 4555 quia
1195 4507 1210 4534 ι
1228 4485 1276 4555 qui
1287 4485 1438 4540 manducat
1454 4492 1480 4540 et
1497 4483 1566 4540 bibit
1579 4484 1855 4555 indigne,judicium

156 4588 218 4630 mos
233 4574 271 4628 ila
286 4572 438 4643 separatim
454 4571 616 4641 accipiendi
632 4571 700 4629 inde
726 4572 756 4628 ln
773 4571 899 4630 llcclssia
913 4572 975 4627 iuu-

155 4661 233 4727 lcrit,
249 4659 315 4733 quia
328 4660 457 4717 Christus
472 4659 502 4715 iu
532 4674 614 4715 coena
642 4660 794 4732 discipulis
822 4661 975 4732 separatim

154 4752 244 4816 dedii,
261 4757 290 4807 al
306 4767 356 4822 pur
368 4750 421 4806 hoo
435 4749 631 4822 intelligerent
646 4766 677 4807 so
691 4750 796 4808 anianae
809 4756 837 4808 et
863 4752 976 4824 corpori

156 4840 260 4898 Christi
274 4838 379 4897 debere
400 4837 583 4896 coniormari.
612 4839 698 4897 Porro
724 4857 798 4912 aqua
825 4841 854 4897 in
883 4858 975 4898 sacra·

157 4937 254 4987 mento
268 4928 333 4985 ideo
347 4926 464 4999 ponitur
480 4943 547 4984 eum
563 4928 640 4998 vino,
656 4933 690 4984 ut
715 4945 790 5002 aqua
819 4945 883 5003 quae
912 4945 976 4988 euru

157 5018 347 5090 sanguiuede
376 5017 465 5073 lutere
491 5017 596 5073 Christi
624 5018 717 5086 lluuit,
747 5027 977 5090 representatur.

54 5150 57 5155 .
156 5104 524 5178 Quasquasignilreatrel
546 5107 694 5177 populum,
724 5108 766 5164 rel
796 5108 978 5179 baptismum,

154 5196 393 5270 inquupopulus
418 5210 468 5266 per
494 5193 665 5253 eliuslouem
693 5196 845 5268 sanguinis
873 5197 979 5255 Christi

155 5285 321 5344 mundatur.
337 5284 395 5342 Nec
410 5284 543 5341 dubitare
565 5284 705 5343 debemus
733 5287 804 5359 quin
834 5287 916 5358 panis
932 5302 980 5356 per

157 5390 238 5432 sacra
266 5371 353 5431 verba
381 5372 593 5431 benedictionis
628 5375 794 5445 sacerdotis,
825 5375 854 5432 in
882 5390 979 5432 verum

156 5462 271 5520 Domini
284 5477 388 5532 corpus
401 5460 578 5529 immutetur,
595 5463 634 5519 ita
649 5468 681 5519 ut
716 5466 798 5536 panis
821 5463 980 5520 substantia

159 5568 217 5613 ιιοιι
235 5558 391 5620 ιεειεεεει,
407 5552 455 5608 sed
470 5551 597 5609 colorem
613 5559 777 5622 etsuporem
796 5552 878 5624 panis
889 5552 981 5609 uoluit

157 5642 307 5718 [Christusl
323 5657 483 5708 reinduere,
500 5649 526 5698 et
545 5639 600 5697 suh
616 5641 666 5697 illu
681 5644 775 5712 specie
805 5658 897 5700 teratu
911 5659 977 5701 eor-

1030 4573 1127 4639 siut»
1145 4574 1460 4630 idestdamnstionem
1490 4596 1504 4623 ιι
1532 4575 1687 4630 ιιιειιιιεεει
1715 4582 1743 4631 ει
1772 4575 1853 4631 bibit.

1030 4663 1096 4719 ldeo
1111 4663 1185 4718 inter
1199 4664 1338 4719 aosurulti
1354 4661 1464 4717 infirmi
1477 4670 1578 4718 suntet
1591 4663 1747 4720 irribecilies
1762 4664 1857 4736 (itte,

1029 4751 1075 4821 29,
1097 4751 1154 4825 30),
1179 4773 1193 4804 ιι
1224 4756 1254 4808 ει
1280 4767 1350 4822 quos
1377 4751 1466 4818 Deus,
1493 4761 1608 4823 propter
1638 4768 1744 4823 corpus
1770 4770 1855 4810 suum

1030 4841 1352 4913 iudigneassumptum,
1374 4841 1403 4896 in
1431 4841 1484 4897 hac
1513 4844 1568 4896 rita
1592 4843 1718 4899 lebrihus
1746 4848 1775 4900 et
1791 4845 1858 4900 aliis

1032 4931 1248 4989 infirmitatibus
1264 4934 1356 5003 punit,
1372 4940 1399 4987 el
1424 4932 1485 5002 qui,
1519 4933 1594 5003 quod
1620 4935 1700 5004 pejus
1727 4944 1778 5002 est,
1795 4938 1860 4993 dur·

1033 5023 1131 5077 miunt
1147 5022 1230 5078 multi
1248 5023 1276 5078 in
1289 5029 1423 5088 mortem,
1435 5022 1510 5077 sieut
1534 5038 1588 5078 uos
1612 5024 1707 5079 adhuc
1728 5026 1860 5083 viilemus

1033 5113 1107 5183 quod
1123 5119 1187 5185 post
1201 5112 1309 5169 Pascha
1326 5111 1429 5181 sepius
1443 5112 1546 5168 accidit
1562 5114 1730 5170 mortalitas.
1749 5116 1858 5188 ltrrquc,

1036 5200 1139 5257 iratres
1155 5201 1327 5268 charissimi,
1343 5216 1409 5257 curn
1423 5203 1457 5255 ad
1474 5202 1613 5257 unitatem
1638 5205 1856 5264 custodiendum

1034 5288 1124 5346 roluil
1138 5291 1280 5346 Dominus
1294 5306 1397 5361 eorpus
1412 5305 1521 5347 struma
1536 5291 1620 5347 nobis
1635 5293 1741 5348 assumi
1757 5304 1783 5348 et
1795 5312 1860 5366 par·

1036 5375 1160 5449 ticipuri,
1176 5378 1200 5435 si
1214 5379 1318 5451 aliquis
1332 5380 1368 5436 ab
1384 5379 1493 5436 unitate
1507 5380 1631 5437 discedit
1646 5399 1697 5453 per
1716 5382 1862 5454 tromper

1035 5466 1220 5534 discordiam,
1235 5469 1277 5524 rel
1294 5468 1404 5536 odium,
1416 5466 1533 5538 indipne
1548 5469 1674 5538 accipiet
1684 5487 1788 5542 eorpus
1804 5473 1860 5531 Do·

1036 5556 1118 5624 mini,
1136 5573 1188 5613 nce
1218 5557 1438 5630 participatione
1449 5557 1511 5628 ejus
1526 5558 1627 5629 poterit
1648 5574 1715 5615 cum
1746 5561 1859 5619 Christo

1036 5645 1121 5704 uniri.
1136 5647 1214 5704 Siout
1229 5649 1307 5705 enim
1333 5647 1481 5706 charitatis
1504 5646 1652 5706 viaculum
1680 5649 1778 5722 plures
1794 5653 1858 5712 uuit
