3802 6030
153 264 212 328 aas
633 251 726 315 unu.
749 242 992 311 rrrnnaanarr
1012 240 1218 311 annonari.
1240 248 1362 315 aereo.
1798 255 1864 317 ero

155 400 256 454 nostra
268 397 323 452 est.
339 393 443 449 badam
459 389 536 446 enim
554 390 600 445 est
615 389 730 442 natura.
747 377 898 449 Quomodo
910 390 979 450 ergo
993 376 1020 446 Α
1035 394 1096 435 nes.
1114 379 1328 457 Ostenditargo
1341 382 1429 451 Deus,
1440 382 1740 456 quieundavolnerit,
1752 392 1865 459 etquo-

155 486 277 559 potestis
292 483 355 539 siue
369 478 574 550 compassione
589 476 686 533 videre
701 489 763 530 cam
779 467 914 527 nodeml
928 465 980 522 Vis
1035 469 1122 526 modo
1137 471 1270 540 uoluerit,
1288 478 1382 545 potest
1399 489 1514 545 pascere
1536 489 1635 531 servos
1660 490 1739 543 suos,
1763 480 1794 531 et
1817 480 1866 533 ta-

154 574 244 631 allco
258 572 364 628 babere
384 564 637 625 misericordiam?
653 565 697 619 lac
721 560 788 619 bulo
812 556 980 616 misericor·
1035 572 1113 626 men,
1130 566 1161 614 ut
1175 577 1292 633 pascere
1308 561 1400 633 possit
1414 578 1480 619 som
1501 561 1637 636 religiosa
1655 563 1754 633 vidua,
1779 564 1860 635 lecit,

153 662 242 720 diam.
260 682 275 710 n
289 659 368 715 Beati
386 658 465 714 enim
483 654 698 719 misericordes,
710 650 848 725 quoniam
859 646 913 718 ipsi
928 645 981 702 mi·
1033 660 1101 702 eum
1117 663 1211 721 egere.
1227 649 1348 722 Egestas
1360 650 1451 723 igitur
1474 650 1564 724 [Elis]
1588 651 1617 707 in
1644 651 1859 710 abundantiam

152 749 342 808 sericordiam
357 752 573 817 consequentur
587 744 690 815 illuni.
703 758 728 809 r,
744 741 782 813 7).
801 760 868 791 ι-ιι
880 737 980 793 Estote
1032 749 1116 791 versa
1130 742 1175 794 est
1188 738 1290 795 animm
1306 739 1456 810 religiosae,
1473 744 1501 796 et
1515 756 1577 812 que
1587 757 1644 796 nou
1656 745 1770 813 poterat
1781 740 1861 799 Elias

153 840 369 907 misericordes,
388 840 461 895 sicut
477 842 506 893 et
521 837 605 892 Pater
624 839 720 890 vester
743 829 910 887 misericors
934 842 979 895 est
1032 821 1080 894 [da
1095 826 1160 898 suo]
1176 827 1354 896 ridusdare,
1371 837 1407 885 de
1423 828 1623 887 misericordia
1634 831 1682 886 Dei
1693 832 1721 886 in
1734 830 1858 904 longum

153 932 227 1003 (luc.
244 946 284 995 rr,
298 931 354 1001 36).
372 951 386 978 u
401 928 464 985 Non
481 924 641 1000 neglexeris
656 924 754 997 ignem
779 918 900 993 peccati.
925 915 978 971 Vis
1032 913 1354 991 deditoi.llincquippe
1364 919 1551 976 manifestum
1563 919 1689 992 estquod
1697 919 1859 995 aliquando

153 1020 231 1078 buno
248 1020 345 1093 ignem
361 1016 571 1089 exstinguere?
585 1014 666 1072 Geris
681 1027 799 1085 aquam,
815 1026 874 1082 qua
893 1007 976 1064 illum
1031 1001 1106 1056 servi
1120 1003 1170 1059 bei
1195 1019 1253 1060 non
1272 1005 1390 1074 babent,
1416 1010 1448 1062 ut
1475 1006 1634 1079 probentur
1662 1006 1712 1076 «rui
1738 1007 1859 1064 babent.

152 1110 333 1182 exstinguas.
350 1108 540 1180 Eleemosynae
556 1110 600 1161 est
614 1120 692 1177 aqua
705 1102 799 1159 :sicut
812 1098 977 1170 enlmaqoa
1030 1087 1127 1146 Vidua
1142 1090 1193 1148 illa
1213 1091 1286 1149 nibil
1311 1093 1452 1163 babebat;
1475 1094 1552 1166 quod
1576 1094 1602 1151 ei
1628 1093 1787 1167 reliquerat
1815 1096 1860 1153 vir

150 1199 313 1272 exstinguit
328 1198 436 1269 ignem,
453 1197 494 1252 its
512 1195 697 1267 eleemosyna
706 1189 863 1262 exstinguit
875 1202 975 1260 pecca·
1030 1194 1113 1246 suus,
1130 1182 1246 1238 finitum
1262 1186 1334 1251 erat,
1350 1189 1453 1240 etcum
1467 1184 1536 1240 filiis
1550 1183 1612 1240 suis
1625 1184 1769 1242 morituro
1781 1191 1857 1244 crat.

148 1294 225 1348 tum.
240 1288 292 1345 vis
312 1288 455 1344 mundare
474 1303 525 1342 eor
548 1283 656 1340 tuum?
672 1286 727 1337 Fac
747 1280 974 1350 eleemosynam.
1031 1268 1176 1327 Processit
1190 1288 1259 1344 orgo
1278 1272 1414 1345 colligere
1433 1274 1491 1330 duo
1507 1273 1588 1346 ligna
1609 1279 1641 1330 ut
1666 1274 1775 1332 laceret
1799 1274 1858 1333 sibi

150 1378 224 1435 Audi
241 1379 317 1451 qood
340 1378 382 1432 eit
396 1379 539 1431 Dominus
563 1371 735 1429 anrlseis:
751 1392 766 1421 o
784 1368 880 1425 Facito
900 1365 974 1423 elea·
1030 1376 1148 1433 ponem,
1163 1365 1271 1419 ettuoo
1282 1378 1346 1419 eam
1359 1363 1514 1421 viditlllias
1527 1380 1534 1419 :
1547 1368 1692 1420 eunocum
1704 1364 1792 1421 home
1805 1364 1855 1423 [tei

150 1483 314 1540 mosynam,
331 1470 360 1523 et
374 1481 440 1523 ecce
454 1464 555 1522 omnia
569 1462 681 1518 munda
696 1462 767 1517 sunt
790 1458 873 1514 vobis
898 1456 974 1528 (tuo.
1030 1450 1282 1523 videbat,quando
1295 1450 1412 1508 illaduo
1428 1452 1508 1525 ligna
1519 1453 1676 1525 querebat.
1693 1454 1859 1513 Mulierilla

149 1574 191 1626 xr,
205 1558 261 1627 ll).
274 1579 289 1607 u
303 1557 361 1613 lloo
371 1554 525 1612 consilium
539 1552 618 1609 dedit
628 1548 730 1606 Daniel
742 1545 975 1606 Nabuchodono·
1030 1544 1132 1613 typum
1143 1541 1263 1613 gerebat
1274 1541 1425 1611 Ecclesiae3
1437 1543 1496 1599 duo
1511 1542 1591 1615 ligna
1601 1559 1718 1601 crucem
1728 1544 1857 1616 iaciunt3

151 1662 201 1703 sor
215 1644 275 1718 regi
288 1662 295 1701 :
310 1667 324 1695 r
342 1644 473 1709 Redime,
488 1642 596 1714 inquit,
613 1656 673 1707 rex,
698 1641 816 1710 peccata
828 1640 879 1692 tua
898 1634 973 1691 elce·
1030 1630 1177 1700 querebat
1199 1630 1354 1699 moritura,
1383 1629 1461 1687 uude
1483 1647 1602 1704 semper
1630 1636 1709 1689 esset
1731 1632 1856 1691 uictura.

153 1734 283 1806 mosynis
298 1735 381 1804 (Dore.
398 1748 436 1800 ιν,
448 1731 505 1802 24),
519 1752 533 1781 u
545 1731 630 1801 Ergo,
643 1728 747 1783 iratres
761 1723 938 1789 charissimi,
949 1725 973 1780 si
991 1742 1014 1809 B
1031 1718 1214 1775 edumbrsto
1228 1718 1319 1792 igitur
1343 1720 1492 1793 mysterio,
1517 1721 1595 1777 Elius
1616 1722 1710 1778 currit
1728 1723 1763 1778 ad
1787 1740 1855 1780 eam

148 1838 217 1878 vere
232 1820 338 1877 divites
349 1836 415 1877 esse
429 1818 546 1892 cupitis,
566 1834 647 1874 verus
667 1815 784 1873 divitias
799 1821 905 1873 amate.
922 1819 975 1874 Por
1029 1823 1117 1879 dmm
1128 1807 1856 1883 ⁸¹¹lest‘deffl-Nflmtilledi⁸l³⁰⁸i²l⁰¹¹⁶m⁸¹¹⁸ffl3

152 1910 306 1982 pecuniam
323 1908 414 1965 Deum
431 1908 582 1973 amisistis,
599 1923 650 1979 pop
665 1905 819 1978 pamniam
835 1905 861 1961 ei
872 1921 974 1961 recon-
1029 1897 1201 1953 moriturum
1218 1913 1250 1953 dd
1265 1898 1345 1968 dicit,
1362 1915 1425 1956 clim
1441 1901 1689 1957 consummaverit
1709 1902 1785 1973 qllod
1811 1918 1857 1960 ΓΘ·

150 1997 306 2067 ciliamiui,
319 2002 352 2053 ut
365 1997 448 2053 vobis
464 1997 560 2054 locum
576 1998 653 2052 inter
668 2010 737 2051 enos
749 2010 890 2067 pauperes
903 2010 975 2066 pre·
1029 1986 1148 2043 montit-
1164 1985 1218 2043 Ubi
1234 1992 1279 2043 eat
1299 2003 1368 2060 orgo
1392 1988 1469 2061 quod
1495 1987 1568 2045 dixit
1591 1989 1735 2046 Dominus
1760 1990 1830 2047 lilia
1847 2008 1856 2049 ι

151 2091 242 2159 paret,
259 2086 337 2143 Deus
350 2091 446 2142 autem
464 2086 555 2159 pacis,
572 2085 622 2157 qui
639 2100 692 2141 110⁸
706 2100 722 2138 ι
737 2087 828 2139 morte
840 2083 974 2153 redemit,
1029 2076 1136 2132 «Vade
1151 2075 1180 2130 in
1195 2080 1317 2148 Sarepta
1331 2078 1536 2148 Sidoniorum
1554 2077 1594 2133 ibi
1609 2079 1687 2135 onim
1716 2080 1854 2138 mandavi

48 2176 51 2181 '
150 2179 230 2248 aptet
240 2191 291 2232 uos
306 2176 335 2231 in
352 2177 432 2231 omni
447 2189 534 2249 opere
549 2175 636 2241 bono,
653 2178 686 2229 ut
700 2171 814 2230 iacietis
835 2173 900 2244 ejus
923 2189 974 2228 vo·
1029 2165 1122 2221 vidit&
1135 2166 1855 2243 utP⁸⁸⁰⁸l10?’‘(¹¹1R⁶l·¹V¹b9dvit¹⁰¹¹⁸tl¹¹⁶ffl·

150 2265 306 2337 luntatem,
323 2268 368 2324 cui
385 2274 429 2325 est
446 2268 537 2324 bonor
550 2271 578 2322 et
594 2265 686 2339 gloria
700 2264 729 2320 in
741 2263 976 2322 seculaesculo·
1028 2255 1188 2312 admodum
1204 2255 1325 2311 mandat
1342 2257 1416 2312 Deus
1433 2274 1489 2313 non
1503 2259 1532 2313 in
1548 2275 1628 2323 auro,
1644 2259 1695 2314 sed
1712 2259 1741 2314 in
1753 2261 1850 2317 corde.

149 2372 225 2413 rum,
239 2361 343 2415 Amen,
1028 2344 1164 2416 Nunquid
1182 2344 1289 2417 legitur
1304 2345 1411 2401 missus
1427 2345 1534 2417 aliquis
1549 2347 1691 2418 propheta
1707 2347 1743 2404 ad
1769 2347 1852 2405 illam

371 2446 429 2502 clx
446 2447 454 2519 [
469 2448 508 2502 p,
519 2445 634 2502 diveas,
645 2444 745 2516 xxm,
1030 2432 1196 2501 mulierem,
1212 2439 1240 2489 et
1255 2434 1363 2490 dictum
1378 2452 1444 2494 ease
1457 2435 1504 2492 ei:
1520 2435 1590 2492 Ecce
1606 2435 1678 2493 dicit
1696 2435 1852 2509 Dominus,

308 2553 343 2591 „g
358 2551 498 2591 ornemus
518 2550 728 2591 „15331003012
747 2534 812 2607 (593,
1029 2528 1169 2579 venturus
1180 2530 1226 2579 ost
1236 2524 1271 2579 ad
1285 2529 1423 2581 teservus
1435 2525 1672 2595 meusesuricns;
1684 2541 1761 2582 exeo
1772 2527 1853 2598 quod

188 2624 329 2680 mminus
345 2629 444 2680 noster
458 2622 560 2679 nolens
575 2623 702 2695 aliquem
720 2627 854 2679 nostrum
867 2622 971 2696 perire,
1027 2611 1118 2669 babos
1135 2613 1268 2668 ministra
1281 2612 1336 2669 illi·
1357 2615 1486 2686 Ιῦῦβίᾶῐῐὶ
1503 2614 1563 2672 noli
1577 2616 1690 2684 timore,
1706 2632 1760 2688 ⁰8⁰
1779 2631 1853 2688 8119-

148 2716 178 2769 „p
201 2712 231 2768 ῃ,
258 2710 385 2768 10:0010253
409 2728 474 2777 sua,
498 2711 578 2768 velut
601 2712 630 2767 in
655 2728 725 2784 ΨΟ
750 2728 812 2776 ⁸120,
838 2728 972 2784 qum„
1027 2700 1848 2776 plebequoddederislbooeidictumessenonlegimus.

147 2801 275 2857 fructum
292 2802 328 2857 ds
343 2800 577 2868 arboribussuis,
590 2805 746 2873 antequam
759 2806 874 2873 tempus
886 2807 972 2873 puta·
1025 2794 1084 2851 Nec
1099 2795 1225 2868 legimns
1238 2800 1315 2869 quod
1329 2797 1358 2853 in
1375 2798 1488 2855 somnis
1503 2799 1648 2856 missusei
1660 2798 1744 2856 luerit
1756 2815 1848 2870 enge-

144 2888 234 2946 tionis
247 2889 356 2957 veniat,
373 2889 420 2945 cui
438 2905 554 2946 necesso
573 2890 629 2946 erit
643 2890 841 2947 infructuosas
851 2891 970 2948 arbores
1026 2886 1083 2955 tue,
1099 2890 1128 2941 et
1143 2886 1380 2957 pronuntiaverit
1403 2888 1493 2945 Elium
1513 2905 1578 2945 orso
1600 2893 1766 2953 venturum·
1795 2894 1849 2945 tut

144 2983 308 3050 amputare,
325 2995 381 3036 non
397 2984 493 3035 cessat
508 2981 666 3036 admoneus
681 2996 745 3047 nos,
762 2988 791 3035 ut
807 2996 874 3037 oum
895 2988 969 3036 tem·
1024 2974 1059 3031 de
1082 2973 1132 3032 illo
1157 2977 1303 3048 pascendo
1327 2976 1432 3049 eliquia
1459 2978 1611 3035 mulierem
1635 2976 1846 3047 admonuerit3

144 3083 200 3140 pus
215 3071 271 3137 est,
286 3072 316 3124 et
330 3084 395 3124 curu
415 3068 463 3124 Dei
480 3068 626 3141 adjutorio
648 3068 678 3124 in
702 3074 801 3125 nostra
825 3073 968 3142 potestate
1024 3065 1073 3121 ted
1092 3067 1213 3121 mandet
1238 3071 1314 3122 Deus
1338 3065 1421 3123 miris
1446 3067 1561 3123 modis:
1584 3067 1693 3140 quibus
1719 3067 1852 3139 loquitur

142 3157 289 3223 consistit,
303 3157 379 3214 bona
394 3174 481 3230 opcrs
497 3158 650 3215 faciamus.
663 3158 734 3215 Cum
746 3157 822 3215 enim
837 3162 969 3216 transeat
1027 3152 1056 3210 in
1068 3154 1243 3227 cogitatione
1254 3154 1848 3230 Dominus,mandassediciturtoqusndo,

141 3247 260 3316 tempos
275 3246 511 3320 beneopersndi,
528 3264 585 3304 non
603 3251 694 3304 restat
718 3246 775 3305 nisi
799 3247 970 3320 resipiendi.
1027 3243 1057 3300 in
1072 3243 1158 3301 corde
1173 3247 1364 3315 sungerendo,
1381 3247 1458 3317 quod
1487 3263 1561 3317 opus
1586 3251 1647 3303 erat
1672 3263 1723 3321 pro
1749 3248 1850 3305 anima

142 3332 235 3390 Nemo
251 3334 306 3390 tibi
321 3334 456 3392 dicturus
466 3345 508 3392 est
523 3342 594 3394 tunc
606 3352 613 3391 :
623 3336 703 3392 Vesti
716 3337 840 3406 nudum,
852 3337 901 3392 ubi
913 3354 974 3393 om·
1028 3332 1131 3388 viduae.
1146 3332 1193 3389 sio
1208 3333 1295 3389 etiam
1312 3333 1340 3388 in
1353 3333 1606 3405 prophetialtonae
1617 3337 1690 3408 (cop.
1707 3334 1852 3409 urrlllegi-

145 3422 228 3479 nium
246 3423 344 3479 tunica
360 3424 415 3480 erit
430 3424 648 3481 immortalitas.
665 3425 756 3481 Nemo
769 3425 821 3480 tibi
838 3427 972 3483 dicturus
1027 3438 1094 3477 mus
1109 3421 1187 3493 quud
1203 3421 1344 3478 Dominus
1357 3422 1506 3479 mandavit
1519 3424 1621 3492 vermi,
1633 3431 1665 3480 ut
1676 3424 1791 3481 roderet
1806 3442 1854 3481 ra·

140 3518 202 3568 est:
218 3513 336 3585 suscipe
352 3517 551 3586 peregrinum,
569 3514 619 3570 ubi
638 3530 741 3569 omnes
760 3515 788 3571 in
812 3516 904 3587 patria
917 3533 972 3573 sus
1025 3510 1118 3566 dicem
1134 3510 1301 3567 cucurbitas.
1317 3510 1392 3577 Quid
1407 3517 1452 3567 est
1467 3511 1635 3568 mandavit?
1647 3511 1703 3569 nisi
1714 3512 1792 3584 quod
1800 3528 1852 3569 cor

138 3599 259 3670 vivunt;
277 3618 344 3657 nam
362 3605 448 3658 modo
464 3619 570 3659 eunius
585 3603 614 3658 in
632 3605 733 3659 eodem
748 3604 883 3676 [mundo]
894 3621 973 3678 pere·
1025 3599 1207 3670 praeparavit.
1224 3598 1420 3671 lnspirationa
1436 3601 1536 3672 itaque
1550 3601 1601 3657 Dei
1617 3601 1704 3657 vidue
1716 3600 1766 3657 illa
1781 3617 1850 3659 mu·

138 3689 228 3761 grint.
246 3693 338 3745 Nemo
352 3689 451 3745 dicet:
471 3691 560 3746 Visite
576 3707 697 3764 egnum,
710 3691 760 3747 obi
775 3693 971 3751 recitassem·
1024 3689 1079 3760 pier
1093 3705 1143 3744 eor
1158 3695 1353 3762 preparatum
1369 3690 1494 3747 habebat
1507 3691 1544 3747 ud
1556 3692 1628 3747 ⁷0¹
1640 3691 1850 3749 obediendum·

141 3778 256 3849 piterna
271 3782 335 3845 eat;
351 3794 437 3833 nemo
448 3778 524 3835 dicet
536 3796 543 3834 :
556 3779 651 3852 Sepcli
661 3787 817 3846 mortuum,
830 3782 879 3838 ubi
892 3798 970 3839 mors
1023 3777 1104 3834 Talis
1114 3786 1234 3835 venerut
1245 3796 1252 3848 ;
1263 3778 1331 3835 talis
1341 3796 1407 3835 cum
1418 3780 1480 3835 Elia
1492 3785 1649 3837 vocabatur
1662 3801 1669 3850 ;
1683 3782 1732 3854 qui
1745 3787 1806 3839 erat
1818 3781 1848 3837 in

141 3870 270 3921 nonest.
299 3868 359 3921 Ista
389 3868 485 3923 omnia
512 3868 718 3926 misericordiae
739 3870 834 3928 officia
858 3871 887 3927 ln
910 3872 969 3926 rita
1023 3867 1328 3941 Etiautpnroiperet,
1346 3870 1528 3940 ipeeeratirr
1545 3872 1680 3928 viduant
1703 3870 1848 3928 obediret.

138 3954 249 4008 aeterna
266 3954 433 4011 necessaria
446 3972 502 4012 non
520 3963 616 4020 eruut,
634 3959 681 4014 irbi
700 3959 761 4015 sola
782 3978 836 4033 pax
859 3962 925 4027 erit,
940 3975 969 4023 ea
1024 3956 1109 4021 Vnde,
1125 3958 1232 4030 inquit.
1249 3959 1320 4014 mibi
1340 3959 1383 4014 luc
1400 3961 1480 4030 prius
1495 3962 1531 4016 de
1546 3967 1673 4033 egestate
1699 3966 1769 4029 tun;
1788 3977 1847 4017 non

139 4038 242 4097 letitie
256 4046 448 4115 sempiterna.
464 4052 524 4103 leto
539 4052 638 4103 autem
652 4054 782 4122 tempore
798 4067 854 4107 non
865 4049 969 4122 quaeri·
1022 4048 1273 4103 delicientdivitie
1284 4055 1351 4104 tuse.
1365 4049 1578 4106 Patrimonium
1593 4052 1671 4107 enim
1682 4050 1847 4108 rirluaeeret

136 4146 203 4187 mua
216 4130 256 4205 [id
269 4137 318 4203 cst,
330 4134 967 4209 scimus]quantumnobisbsuscommendat
1022 4136 1166 4193 modicum
1184 4139 1293 4202 turine,
1309 4144 1338 4193 et
1354 4139 1501 4194 modissum
1517 4138 1583 4206 ⁰¹05,
1598 4149 1624 4195 0¹
1643 4155 1701 4195 ¹¹⁰ss
1725 4139 1844 4197 dtsflcil·

136 4233 225 4291 opera
241 4221 457 4290 misericordiae,
474 4228 503 4280 et
517 4224 596 4297 ipsos
614 4227 689 4282 70⁰
705 4232 902 4285 suossanctos
919 4228 963 4286 la·
1021 4225 1091 4289 Quis
1104 4225 1193 4281 habet
1207 4224 1293 4281 talem
1313 4226 1436 4282 villam?
1461 4232 1594 4284 batenter
1616 4229 1704 4284 vidue
1726 4245 1846 4286 servum

138 4306 179 4363 cit
193 4324 293 4366 amare
308 4309 349 4381 [id
363 4320 402 4367 est
417 4329 560 4385 pauperes
584 4314 743 4385 adiuvaret
765 4321 798 4369 ut
822 4315 965 4375 lacinanus
1019 4315 1069 4370 Dei
1086 4314 1234 4387 pascebat,
1245 4316 1330 4386 cujus
1341 4316 1549 4388 patrimonium
1561 4318 1589 4374 in
1599 4317 1679 4374 olavo
1690 4319 1847 4391 pendebat.

137 4392 964 4471 [nobis]bicamicosdemummonainiquitatis,utcnm
1019 4403 1095 4472 Quid
1110 4403 1223 4461 felicius
1245 4405 1299 4460 bec
1324 4406 1521 4478 paupertate?
1548 4407 1609 4463 Sibi
1633 4407 1704 4463 talia
1725 4410 1848 4482 accepit,

138 4482 342 4555 defecerimus,
359 4488 501 4560 recipiant
516 4505 570 4544 nos
584 4490 613 4541 in
627 4493 735 4545 aterna
756 4489 962 4563 tabernaculu;
979 4489 1002 4555 [l
1018 4492 1117 4564 qualis
1131 4493 1160 4547 in
1176 4494 1264 4549 linem
1280 4494 1416 4567 speravit.
1433 4496 1501 4552 Ideo
1516 4496 1570 4553 hoo
1586 4496 1642 4552 dixi
1662 4501 1695 4554 ut
1716 4498 1848 4554 semina·

136 4572 288 4643 quiscum
304 4579 378 4632 servi
396 4579 454 4644 Dei,
470 4577 541 4631 dom
563 4576 674 4647 jugiter
697 4577 834 4634 invocant
858 4581 960 4651 Deum,
1016 4581 1219 4639 tionisnostrae
1233 4584 1396 4640 mercedem
1410 4586 1530 4640 nonisto
1544 4594 1846 4659 tomporesperemus,

134 4658 287 4732 aliquoties
301 4665 435 4738 indigent
449 4663 507 4719 iliis
521 4663 573 4736 qui
590 4664 699 4722 babent
714 4667 814 4722 mnndi
834 4668 960 4739 divitius,
1015 4688 1073 4744 quo
1091 4670 1345 4729 seminaverimus.
1367 4673 1419 4729 llio
1448 4675 1526 4730 enim
1553 4675 1697 4732 bonorum
1721 4693 1846 4749 operum

135 4755 164 4804 et
178 4749 379 4824 eleemosynas
394 4752 572 4823 largiuntur,
588 4756 735 4825 quomodo
750 4756 898 4830 principes
918 4759 961 4816 ta·
1016 4777 1142 4817 messem
1156 4777 1223 4816 cum
1240 4761 1339 4818 labore
1355 4761 1492 4831 serimus,
1509 4765 1558 4820 sed
1576 4764 1605 4820 in
1618 4767 1716 4823 tuturo
1730 4765 1846 4822 tructus

134 4837 217 4896 ciunt
232 4842 266 4897 de
283 4846 397 4897 terrena
417 4841 593 4911 substantia,
611 4848 643 4898 ut
666 4861 733 4902 cum
763 4845 822 4902 illis
847 4852 959 4919 partem
1015 4848 1653 4926 iliiuscolligomos,secundunilludquoque
1662 4853 1845 4912 dictumest:

135 4926 243 4987 babere
257 4935 427 4986 mercantur
438 4929 468 4986 in
485 4933 728 4991 remuneratione.
745 4940 805 4991 Hoc
820 4936 880 4993 dixi
894 4955 960 5008 pro·
1015 4960 1030 4989 a
1046 4940 1154 4995 bootes
1170 4940 1262 5003 ibent,
1279 4945 1307 4996 et
1317 4939 1584 4998 tlsbantmittcntes
1595 4944 1708 5000 semina
1721 4961 1786 5014 sua;
1798 4960 1849 4999 ve·

134 5021 199 5087 pter
213 5016 345 5073 laetitiam
362 5034 530 5090 regnorum,
548 5036 637 5092 quum
662 5023 756 5095 primo
780 5024 958 5083 audivimus.
1013 5028 1125 5085 viculos
1141 5034 1239 5085 autem
1255 5033 1369 5085 venient
1384 5047 1453 5087 cum
1471 5032 1674 5101 exsultatione,
1692 5038 1843 5106 portantes

134 5104 274 5178 Nunquid
293 5123 349 5161 non
367 5114 441 5163 bens
458 5107 522 5164 lecit
549 5126 666 5167 servum
678 5113 712 5183 [l.
728 5114 861 5187 corvum]
872 5131 958 5172 suum
1013 5117 1346 5190 manipulossuoell'sul.
1360 5135 1439 5186 cxxv,
1451 5121 1489 5188 6).
1503 5120 1598 5177 ›rlllud
1609 5122 1687 5178 enim
1697 5140 1747 5194 pro
1757 5123 1842 5197 signo

133 5208 254 5263 pascere
278 5194 395 5250 lllinmt
418 5198 470 5267 (lll
491 5198 554 5270 llep.
580 5201 659 5271 xvir),
692 5200 792 5260 Nonne
818 5204 861 5259 illi
891 5221 958 5262 curn
1012 5207 1263 5277 factumest,non
1286 5224 1338 5280 pro
1361 5208 1549 5267 dometium
1575 5211 1663 5268 vidua
1687 5212 1749 5281 ille,
1775 5230 1841 5285 quae

133 5280 254 5338 deerant
269 5284 413 5356 homines,
428 5288 513 5345 alites
538 5289 771 5350 ministrabant?
787 5293 890 5353 Nonne
914 5296 956 5353 illi
1012 5297 1092 5369 pauit
1106 5296 1253 5354 bominem
1269 5296 1333 5365 Dei,
1347 5296 1402 5354 boc
1418 5299 1535 5371 recepit.
1552 5298 1614 5357 Non
1632 5317 1772 5374 magnum
1795 5307 1842 5361 est

133 5371 273 5431 atterebat
286 5392 377 5449 panes
392 5395 477 5439 mans
491 5397 605 5455 corvus,
621 5384 698 5441 etad
718 5400 870 5458 vesperam
892 5403 957 5445 oar·
1012 5386 1091 5456 quod
1107 5386 1273 5459 seminavit,
1289 5403 1342 5444 nec
1356 5389 1391 5459 [s.
1407 5387 1448 5459 ot]
1462 5404 1600 5462 magnam
1616 5396 1745 5464 segetem
1765 5408 1844 5449 mes·

169 5554 225 5629 (59)
240 5556 261 5615 D
276 5554 438 5619 Victorino.
