3802 6030
155 219 230 285 toti
675 209 851 276 uaueout
875 203 1135 272 REDONDNSIS
1158 205 1339 270 nutscort
1604 146 1609 161 Ι
1800 203 1873 270 ddi!

156 355 237 421 Quod
255 350 374 424 templis
390 349 511 421 prebes,
528 347 593 404 istis
609 347 707 420 polius
722 347 790 402 dara
806 344 903 413 debes,
990 340 1066 409 Aut
1082 357 1138 397 non
1154 343 1288 399 sensuris
1303 342 1461 398 accendam
1477 355 1601 399 munera
1616 340 1737 409 thuris,

161 441 242 508 Quod
257 441 334 497 Deus
349 439 378 493 in
394 437 475 494 coelie
489 441 586 493 servat
604 435 694 493 tutela
709 435 817 492 tidelis.
1038 427 1089 485 Vel
1107 446 1153 486 me
1169 430 1339 489 dedecorem
1356 431 1500 503 pecudum
1516 431 1670 490 lundendo
1686 447 1843 489 cruorem.

160 530 196 588 Ut
211 529 235 566 ³⁵
250 529 329 585 dedit
345 528 421 584 hanc
434 543 543 590 vocem,
562 543 658 599 regem
674 527 769 598 quatit
783 525 826 580 ira
843 523 982 579 leronem.
1038 518 1095 587 Qui
1109 524 1168 576 etat
1182 521 1211 576 in
1228 537 1297 577 erce
1311 521 1370 593 poli
1387 523 1446 594 regi
1461 523 1536 577 dabo
1551 538 1681 579 munera
1698 520 1761 579 soli
1778 541 1787 591 3

160 619 196 677 Ut
212 619 294 675 dedit
309 616 361 673 hoc
376 617 509 687 verbum,
526 632 633 688 preses
649 614 747 671 iremit
771 628 819 670 ore
846 612 983 685 superbo.
1038 609 1119 676 Ouod
1135 610 1211 679 dico,
1227 610 1292 676 soii,
1311 611 1418 667 iruslra
1433 618 1594 684 pervertere
1611 611 1687 668 noli.
1719 684 1722 689 ἢ

160 708 275 778 Ergone
289 706 424 763 siccisne
439 706 493 762 tibi
508 721 558 762 rex
570 704 683 761 occasio
701 704 788 768 risus,
1039 701 1128 756 Lucet
1143 701 1205 755 sole
1222 698 1317 770 polus,
1334 700 1384 757 sed
1402 716 1459 756 non
1476 700 1546 768 repit
1561 700 1665 755 omnia
1682 698 1787 760 solus.

162 801 196 852 ut
210 797 246 852 de
262 811 308 851 me
323 812 440 852 scenam
457 795 609 851 meditaris
625 794 747 850 crimine
768 790 881 864 plenam
897 788 911 844 i
1037 790 1079 843 Na
1095 788 1196 843 credas
1211 787 1302 844 atellae
1317 787 1459 845 litamina
1474 787 1531 864 (92)
1549 806 1594 845 me
1610 788 1685 847 dare
1704 790 1796 847 velte.

159 884 267 941 Taliter
282 883 414 941 ostendis
430 887 506 957 quod
520 886 607 955 jussa
620 883 676 938 mei
687 880 847 954 levipendis
864 896 871 947 3
1039 881 1111 952 Ergo
1127 879 1227 937 minus
1243 879 1335 938 multo
1364 882 1438 939 dabo
1453 883 1571 940 cuilibet
1583 882 1609 921 ⁴¹
1626 887 1716 940 extra
1732 882 1853 959 sepulto
1868 908 1875 951 3

158 974 255 1031 Claret
266 976 343 1049 quod
360 975 481 1043 mimus,
493 974 569 1046 quod
587 972 746 1028 ludibrium
763 970 815 1026 tibi
832 984 946 1024 sumus.
1038 971 1073 1025 et
1088 986 1154 1027 vcro
1168 970 1290 1027 minime
1305 976 1415 1029 nutura
1432 973 1560 1029 motibus
1576 990 1653 1039 una,

158 1064 214 1121 Sed
230 1065 299 1136 quid
326 1063 473 1119 cunctaris
501 1062 584 1118 iPer
603 1060 729 1134 plurima
745 1060 816 1133 quial
832 1054 984 1113 variaris?
1040 1059 1211 1132 Dtlapides,
1228 1061 1428 1136 lignumque
1441 1062 1718 1119 mcmihisubdere
1735 1063 1876 1137 dignum,

158 1153 267 1210 Praesto
282 1158 351 1210 aunt
366 1170 422 1208 erre
438 1177 446 1220 3
463 1153 537 1207 dans
550 1152 638 1207 thura
653 1152 721 1206 deos
741 1163 889 1205 venerare.
1037 1146 1099 1204 Non
1113 1147 1168 1205 sibi
1181 1147 1305 1206 subdere
1316 1167 1372 1218 me,
1389 1152 1459 1224 quia
1472 1168 1528 1207 non
1540 1158 1610 1208 sunt
1622 1151 1701 1208 talia
1711 1150 1739 1187 ‘²
1750 1158 1874 1222 postue.

192 1242 244 1298 ille
259 1243 317 1299 Deo
334 1241 445 1312 plenus,
463 1240 600 1313 vultuque
622 1241 732 1296 nitente
752 1254 874 1295 seranus
1037 1238 1112 1312 Ergo
1127 1239 1185 1296 Dee
1201 1257 1268 1297 vero
1285 1241 1355 1298 dare
1369 1257 1491 1297 munera
1506 1258 1635 1312 congrua
1650 1258 1773 1314 quaero,

159 1329 183 1366 ³⁰
198 1331 357 1403 Respondit
371 1335 465 1398 lutus,
483 1332 645 1400 mortisque
661 1328 766 1384 timore
781 1326 908 1395 solutus,
1037 1333 1101 1387 Non
1116 1328 1180 1386 suis
1194 1327 1236 1402 [id
1250 1334 1300 1400 est,
1317 1328 1410 1403 porci]
1422 1334 1584 1398 omentum,
1596 1347 1657 1389 nnn
1669 1330 1873 1387 intestiuabi·

158 1419 236 1479 Idola
251 1421 340 1493 digna
355 1419 411 1476 ccli
428 1419 570 1491 deceptus
585 1417 703 1475 credere
719 1416 790 1484 noll,
1678 1419 1838 1494 [dentum

158 1507 308 1565 Materiam
325 1509 396 1577 ligni
409 1507 432 1544 ³⁷
448 1526 538 1581 quam
554 1509 614 1566 acis
629 1507 708 1580 qnod
720 1507 855 1579 subiacet
871 1503 944 1578 igni,
1035 1507 1098 1564 Nou
1115 1509 1196 1564 bovis
1211 1508 1355 1578 arvinam,
1365 1525 1423 1566 non
1436 1509 1516 1578 thus,
1529 1525 1688 1566 carnemve
1700 1511 1870 1583 caprinam,

157 1597 321 1654 artificisve
337 1614 457 1654 menum
473 1598 605 1654 venerari
622 1597 708 1652 crede
725 1596 892 1666 profanum.
1035 1598 1091 1655 Sed
1107 1598 1388 1671 carnemgpropriem
1405 1615 1461 1672 quo
1476 1599 1584 1672 gratior
1599 1598 1703 1655 hostie
1721 1599 1808 1656 liam.

156 1685 272 1754 litilures
288 1687 354 1743 aria
370 1703 426 1742 non
443 1687 511 1760 plns
526 1690 609 1742 decet
625 1692 656 1742 nt
667 1686 811 1741 venereris
827 1709 835 1754 3
995 1705 1020 1774 Β
1036 1687 1076 1743 De
1092 1689 1238 1755 pecudum
1252 1689 1319 1744 talo
1334 1687 1403 1761 quid
1419 1695 1534 1762 gratum
1550 1688 1732 1745 sacrificabo
1749 1686 1763 1742 ?

156 1777 256 1847 ipsum
273 1782 302 1833 te
318 1777 395 1833 iallia
411 1780 480 1833 dum
497 1781 548 1833 itas
567 1776 688 1833 incensa
704 1774 839 1832 metallis.
1038 1777 1160 1833 Victima
1175 1782 1245 1833 eunt
1258 1779 1330 1844 crei,
1345 1777 1394 1849 qui
1411 1779 1657 1834 rnactantintima
1679 1779 1780 1851 porci.

156 1867 182 1906 ⁸⁸
196 1868 283 1927 Nulla
298 1878 438 1928 creature
453 1871 591 1945 cuiquem
606 1872 693 1927 datur
707 1870 803 1926 hostia
816 1872 893 1940 juro.
1036 1865 1187 1936 Sanguine
1201 1864 1301 1922 nullus
1316 1868 1379 1923 ovis
1395 1883 1426 1923 aa
1443 1868 1566 1923 mundat
1592 1866 1721 1924 vulnere
1752 1867 1865 1942 quonia,

158 1959 217 2017 Huc
233 1959 290 2016 sibi
304 1962 430 2016 servavit
447 1962 499 2017 soli
520 1962 570 2034 qui
586 1967 692 2016 cuncta
707 1959 823 2016 creavit.
1035 1954 1114 2012 Dans
1129 1955 1212 2012 bovis
1227 1956 1357 2011 arvinam
1386 1959 1494 2014 mentia
1508 1960 1586 2030 capit
1601 1958 1666 2029 ipse
1682 1959 1808 2014 ruinam
1825 1974 1833 2024 3

158 2049 265 2109 lm
279 2048 342 2106 Non
358 2052 431 2124 petit
449 2049 494 2106 irio
508 2050 622 2123 pecoris
646 2055 773 2118 tantum,
801 2048 982 2120 cadaverque
1035 2044 1865 2120 DanesuamembraDeo,nequitiilecarere⁴³triumpho,

796 2136 922 2210 [cruoris
936 2155 943 2205 3
1035 2134 1116 2191 Vivet
1131 2136 1160 2191 in
1184 2145 1325 2193 eternum
1342 2143 1463 2210 gestans
1479 2141 1613 2195 diadema
1628 2155 1814 2211 supernum,

160 2226 195 2285 nt
209 2227 295 2286 cibus
309 2233 338 2287 et
351 2235 435 2303 potus
450 2233 495 2286 est
522 2246 539 2285 a
567 2229 674 2286 deitate
693 2225 726 2300 [f.
751 2224 912 2299 divinitate]
937 2241 983 2281 re·
1033 2226 1088 2283 Per
1103 2228 1188 2286 breve
1199 2235 1378 2286 tormentum
1397 2227 1526 2285 lucratus
1541 2233 1652 2301 grande
1667 2227 1831 2284 talentum.

812 2316 944 2389 [motus3
1034 2319 1105 2374 Nam
1123 2335 1172 2374 rex
1187 2318 1327 2376 emiorum
1344 2334 1455 2374 merces
1469 2323 1514 2373 ast
1536 2334 1645 2390 magna
1656 2335 1799 2376 auorum.

158 2408 247 2479 Cujus
262 2407 381 2465 culture
395 2409 498 2465 modus
512 2412 558 2464 est
571 2408 704 2464 incedere
719 2423 801 2479 pure.
1033 2407 1098 2463 Haec
1115 2423 1230 2464 mecum
1248 2412 1398 2479 reputans,
1414 2415 1442 2463 et
1457 2408 1576 2479 pramis
1601 2412 1687 2464 tauta
1711 2409 1858 2475 salutans,

159 2497 228 2569 lijus
245 2498 352 2554 habers
367 2498 467 2564 iidem,
483 2500 531 2568 nui
544 2503 695 2571 permanet
709 2514 787 2553 unus
802 2501 831 2553 et
853 2497 942 2554 idem.
1034 2495 1125 2553 Omne
1139 2513 1233 2571 genus
1248 2514 1349 2570 pinne,
1365 2513 1453 2571 grave
1468 2499 1507 2554 sit
1526 2499 1604 2563 licet,
1620 2498 1740 2554 aestimo
1751 2496 1828 2555 lene.

157 2587 228 2644 Cum
245 2605 297 2660 spe
313 2605 370 2644 non
386 2589 469 2662 segni
482 2587 605 2657 flagrare
619 2587 757 2660 cupidine
767 2587 848 2659 regni
1032 2586 1086 2650 Qui
1102 2587 1262 2644 moriturus
1276 2603 1369 2653 eram,
1385 2602 1438 2643 cur
1452 2604 1508 2645 nnn
1525 2589 1564 2643 ita
1579 2589 1679 2644 vivere
1694 2584 1857 2659 quaeram?

156 2673 237 2739 Quod
255 2689 407 2748 postquam
424 2677 607 2733 venietDaus
626 2675 763 2732 omnibus
791 2675 891 2733 omnia
917 2676 976 2734 det.
1032 2677 1134 2736 lm
1153 2677 1314 2734 Prudenter
1328 2677 1465 2750 cupimus
1477 2676 1617 2751 quidquid
1642 2678 1743 2734 vitare
1759 2675 1858 2749 nequi·

190 2766 281 2840 ¹Audit
297 2771 329 2820 ut
342 2765 412 2831 huc,
427 2765 519 2820 diram
535 2782 582 2821 rer
599 2764 709 2837 impius
724 2766 784 2821 caii
801 2766 828 2820 in
846 2766 919 2822 iram
1733 2766 1825 2842 [mue.

154 2851 180 2887 ⁸⁹
195 2853 274 2909 More
289 2854 389 2911 iurans
400 2855 468 2911 Daci
483 2855 525 2910 sic
540 2855 656 2911 intonet
666 2870 715 2910 ora
737 2855 844 2911 minaci
861 2871 868 2912 z
1032 2855 1056 2893 ⁴⁸
1071 2856 1142 2923 Quia
1157 2857 1234 2929 quod
1253 2873 1336 2929 poena
1352 2858 1425 2914 leret
1440 2858 1503 2913 sina
1517 2856 1599 2913 lucro
1614 2857 1692 2913 lerre
1711 2853 1857 2930 putaretl

157 2942 212 2999 Fer
226 2947 372 3002 tormenta
391 2945 461 3013 cilo,
486 2945 579 3015 lictor,
596 2961 814 3018 properansque
830 2943 921 3002 lerito.
1031 2943 1154 3016 Expedit
1168 2961 1234 3016 ergo
1252 2945 1325 3002 mori
1341 2945 1414 3001 mihi
1429 2962 1480 3018 pro
1495 2947 1551 3001 vita
1567 2943 1694 3017 meliori,

153 3030 302 3091 ⁸⁰'l‘aurea
317 3033 522 3107 blasphemum
539 3039 625 3107 cogat
648 3035 760 3106 spirare
788 3050 971 3107 supremum.
1032 3033 1135 3090 Debita
1155 3049 1244 3106 quam
1257 3033 1358 3091 sceleri
1373 3040 1529 3103 tormenta,
1550 3034 1676 3105 litando,
1704 3037 1825 3096 mereri.

152 3120 218 3179 licx
233 3122 400 3180 denudatus
416 3123 488 3180 loris
503 3133 545 3180 eat
561 3124 746 3194 dilaceratae,
1073 3122 1155 3180 Talia
1167 3122 1238 3179 dum
1254 3124 1341 3190 latur,
1355 3122 1426 3180 dum
1440 3122 1510 3181 talia
1525 3124 1588 3179 iane
1608 3124 1773 3198 cruciatur,

151 3209 208 3268 Sed
225 3211 270 3267 vis
287 3213 424 3269 tormenti
446 3211 532 3269 daber
547 3213 612 3285 ejus
626 3213 734 3286 gaudia
750 3211 851 3269 menti.
1034 3209 1068 3268 Et
1082 3211 1124 3269 sic
1141 3213 1255 3269 letatur
1271 3213 1395 3284 patiens,
1410 3213 1496 3285 quasi
1511 3229 1570 3269 non
1585 3213 1720 3285 patiatur

154 3303 277 3357 Dextera
290 3301 433 3374 delinquit
448 3306 509 3365 tua.
526 3318 580 3361 neo
596 3302 669 3358 bene
682 3303 816 3374 percutit.
833 3301 939 3375 inquit,
1032 3301 1169 3358 Laminas
1185 3300 1330 3368 ardentes,
1347 3304 1497 3374 iustaeque
1511 3318 1614 3358 cruore
1633 3304 1792 3361 madentes

153 3386 243 3445 Fessa
259 3388 366 3460 lictori,
386 3390 531 3463 quidquid
546 3394 628 3464 poles
643 3391 719 3447 adde
731 3391 830 3458 lurori,
1029 3390 1117 3459 Dum,
1134 3406 1170 3447 ne
1184 3389 1210 3424 ⁴⁶
1226 3391 1351 3462 patiatur
1365 3392 1421 3448 eibi
1437 3392 1509 3448 iorte
1520 3392 1663 3463 timendo,
1682 3399 1821 3465 precatur

26 3442 45 3518 U·
149 3474 212 3533 Non
229 3494 276 3534 ma
292 3478 452 3552 compelles
464 3479 618 3552 deponere,
635 3496 708 3537 aare
722 3479 851 3549 satelles,
1028 3476 1065 3538 Ut
1084 3497 1115 3537 ee
1130 3478 1270 3536 dissolvat
1285 3480 1372 3547 Deua,
1389 3485 1418 3536 et
1432 3481 1488 3536 sibi
1506 3479 1625 3552 prumia
1640 3482 1750 3540 solvat.

150 3567 202 3622 Per
216 3567 285 3622 deta
299 3566 391 3640 flagra
405 3568 475 3625 luris
491 3569 618 3626 hominia
630 3570 717 3625 decus
733 3569 891 3629 interioris.
1028 3569 1154 3626 Auribus
1165 3574 1315 3626 astantum
1333 3573 1420 3643 regis,
1437 3569 1525 3625 simul
1542 3575 1570 3626 et
1582 3568 1675 3642 llagra
1690 3572 1815 3630 dantum

183 3659 242 3711 lter
258 3655 429 3726 indignatus
441 3659 526 3727 juber
541 3658 727 3714 omnimodos
752 3660 901 3718 cruciatae
1025 3658 1085 3716 Vna
1101 3659 1205 3731 illapsa
1219 3665 1306 3716 sonat
1321 3675 1329 3729 3
1347 3659 1442 3731 major
1455 3664 1483 3716 te
1499 3676 1583 3732 posue
1594 3668 1719 3717 coronat
1734 3678 1742 3732 3

147 3740 284 3799 Protinus
299 3743 407 3811 allerri,
424 3744 602 3817 plumbatas,
618 3745 733 3802 vincula
748 3746 828 3817 lerri,
1025 3750 1084 3808 Hac
1100 3767 1189 3825 quam
1206 3767 1283 3806 nuno
1299 3751 1392 3806 sentis
1406 3754 1503 3806 vincat
1520 3750 1691 3806 constantia
1706 3752 1816 3809 mentis

147 3831 272 3901 cardus,
290 3831 425 3896 uncinus,
438 3835 540 3900 instes,
558 3851 730 3908 unguesque
744 3835 850 3894 ferinos
1023 3838 1049 3877 ⁴⁴
1063 3839 1168 3898 Omnia
1181 3855 1248 3913 quae
1263 3844 1385 3910 restant,
1400 3855 1462 3912 qun
1477 3839 1545 3912 plue
1559 3838 1613 3895 tibi
1629 3840 1764 3912 plurima
1780 3859 1848 3915 pre·

147 3921 336 3990 craticulam,
347 3920 620 3997 laminas,baculos,
630 3934 658 3983 et
668 3926 968 3990 adutttmallammaa
1710 3929 1818 4004 [ῡὶὶῠῑι

146 4007 198 4066 llis
214 4016 246 4066 ut
260 4012 415 4070 tormentis
429 4012 474 4069 vel
490 4012 604 4071 llaotera
619 4031 669 4072 cor
684 4019 852 4088 metuentis,
1058 4017 1180 4078 casaris
1196 4019 1286 4092 impia
1301 4034 1395 4089 mana,
1410 4021 1439 4074 et
1454 4017 1580 4090 pectoris
1595 4018 1723 4077 estibus
1749 4038 1848 4080 amens

98 4128 101 4135 ·
146 4097 197 4155 Vel
212 4098 237 4156 ei
252 4100 425 4174 despiceret,
441 4120 547 4177 corpus
561 4103 673 4162 laniare
692 4105 812 4167 valeret.
1023 4112 1129 4167 Vocem
1145 4109 1291 4166 catastam
1304 4125 1356 4183 pro
1370 4123 1438 4165 vero
1454 4113 1580 4181 martyre
1594 4113 1705 4166 testem

144 4187 209 4246 lieo
224 4190 288 4258 tibi,
307 4190 455 4259 Laurenti,
472 4208 532 4250 non
556 4193 719 4252 sacrificare
744 4194 861 4267 volenti,
1023 4201 1170 4260 Damonis
1184 4217 1249 4259 aeas
1264 4207 1382 4275 putens,
1398 4206 1427 4259 et
1440 4200 1470 4258 in
1480 4199 1504 4236 ⁴⁷
1514 4207 1634 4260 antrum
1645 4202 1778 4261 candida
1788 4220 1849 4263 mu·

23 4268 25 4272 ’
142 4279 249 4352 lnquit,
279 4279 484 4352 debentur3ai
514 4283 691 4355 sacrificare,
713 4293 913 4346 removentur.
1710 4292 1818 4370 [taust

176 4371 212 4425 at
225 4374 327 4427 contra
337 4376 457 4428 senatus
473 4388 480 4427 ε
498 4376 587 4430 Furor
602 4375 690 4443 absit,
706 4375 756 4444 ait,
771 4377 843 4435 mihi
853 4384 968 4456 tantus,
1023 4379 1070 4440 Nil
1086 4381 1135 4449 ita,
1150 4380 1232 4451 dixit,
1244 4379 1319 4453 agia,
1340 4380 1423 4438 cedet
1438 4380 1565 4438 versutie
1580 4380 1679 4455 plagis
1695 4403 1704 4454 3

143 4454 181 4516 ut
196 4458 310 4516 cultum
331 4477 467 4535 spernam
489 4462 618 4531 Domini,
634 4462 788 4540 legemque
802 4472 967 4540 paternam,
983 4452 1008 4524 l)
1023 4477 1077 4530 Per
1091 4468 1221 4542 magicas
1238 4476 1314 4526 artes
1328 4467 1397 4526 licet
1411 4469 1464 4526 hos
1478 4469 1602 4543 illosque
1617 4479 1758 4533 coarctes
1773 4495 1784 4547 3

175 4637 230 4712 (92)
243 4639 290 4698 So.
304 4640 477 4701 animalium
491 4642 722 4710 immolatorum.

172 4882 197 4930 ⁸⁸
214 4889 267 4947 llio
282 4909 386 4952 versus
400 4896 483 4954 deest
497 4897 527 4954 in
540 4898 645 4965 sinon,
659 4904 688 4957 et
703 4916 832 4975 sequens
847 4903 890 4961 sic
905 4894 993 4962 habet
1008 4922 1018 4964 c

530 4972 585 5027 lior
597 4972 668 5028 dicto
681 4974 771 5039 uerbo,
785 4990 887 5046 praeses
900 4979 996 5046 [remit
1008 4992 1055 5033 nra
1068 4975 1195 5049 superbe.

53 5070 56 5075 ·
136 5031 161 5071 ⁸⁶
187 5032 342 5120 deperdit,
372 5043 425 5094 etc.
457 5041 636 5124 ilicuvereue
664 5050 745 5101 deest
767 5051 794 5100 in
814 5047 1848 5125 Etnonenai.⁸²liln.,qaaedioueeuljoceat.”liicversusadestma

138 5106 294 5163 Dinonenst
307 5114 336 5165 et
352 5109 433 5168 deest
447 5113 633 5170 Merranensi.
648 5112 673 5152 θ’
688 5117 763 5172 Edit.
782 5117 853 5174 lied.
870 5121 959 5175 habet
974 5135 982 5176 t

525 5186 728 5260 Impatiensque
741 5205 828 5248 morae
840 5192 946 5247 tumido
959 5207 989 5249 se
1000 5193 1131 5265 precipit
1141 5207 1199 5249 ora.

530 5259 582 5313 rer
596 5269 741 5319 tormenta.
754 5267 809 5317 elo.

41 5372 43 5376 Α
129 5319 240 5391 ⁴⁰·liln.,
270 5323 325 5381 Cur
350 5341 385 5383 ea
416 5325 613 5401 blasphemam,
640 5339 694 5388 eto.
727 5333 750 5369 ⁴¹
781 5332 856 5404 illm,
883 5332 1324 5413 extraeputto.”liln.atedit.
1343 5336 1504 5413 Rad.,pre
1517 5338 1846 5416 me.⁴⁸ssln.etadit‚

34 5452 37 5459 .
131 5400 248 5468 tropoeo.
264 5395 289 5432 ⁴⁴
302 5398 370 5455 uta.
384 5403 413 5456 ei
426 5401 496 5456 edit·
512 5402 584 5458 Red.

128 5530 155 5572 a
174 5537 205 5595 m
524 5471 593 5540 (Μ’
606 5474 673 5546 quid
686 5490 766 5546 lma
779 5477 851 5581 prat
868 5494 924 5564 noa
937 5478 973 5536 nd
987 5477 1153 5549 wasme
1167 5477 1294 5537 inimi

208 5555 251 5609 n..
264 5545 405 5614 parcatur.
420 5541 445 5579 ⁴⁸
460 5541 536 5609 Eln.⁸
557 5545 665 5602 Cetera
680 5560 751 5619 qus.
767 5544 780 5582 ⁴
807 5547 883 5619 mn„
899 5567 929 5607 η,
943 5554 1045 5608 mm,
