<?xml version="1.0" encoding="UTF-8"?>
<!DOCTYPE html PUBLIC "-//W3C//DTD XHTML 1.0 Transitional//EN"
    "http://www.w3.org/TR/xhtml1/DTD/xhtml1-transitional.dtd">
<html xmlns="http://www.w3.org/1999/xhtml" xml:lang="en" lang="en">
 <head>
  <title>
</title>
<meta http-equiv="Content-Type" content="text/html;charset=utf-8" />
  <meta name='ocr-system' content='tesseract 3.04.00' />
  <meta name='ocr-capabilities' content='ocr_page ocr_carea ocr_par ocr_line ocrx_word'/>
</head>
<body>
  <div class='ocr_page' id='page_1' title='image "./patrologiaecurs35unkngoog_0816.png"; bbox 0 0 3802 6030; ppageno 0'>
   <div class='ocr_carea' id='block_1_1' title="bbox 91 204 1813 304">
    <p class='ocr_par' dir='ltr' id='par_1_1' title="bbox 91 204 1813 304">
     <span class='ocr_line' id='line_1_1' title="bbox 91 204 1813 304; baseline -0.006 -1"><span class='ocrx_word' id='word_1_1' title='bbox 91 226 171 304; x_wconf 79' lang='lat' dir='ltr'><strong>ieri</strong></span> <span class='ocrx_word' id='word_1_2' title='bbox 611 235 791 300; x_wconf 81' lang='lat' dir='ltr'><strong>nissum</strong></span> <span class='ocrx_word' id='word_1_3' title='bbox 812 230 1067 299; x_wconf 79' lang='lat' dir='ltr'><strong>senonensis</strong></span> <span class='ocrx_word' id='word_1_4' title='bbox 1088 231 1272 297; x_wconf 79' lang='lat' dir='ltr'><strong>crisconi</strong></span> <span class='ocrx_word' id='word_1_5' title='bbox 1300 234 1302 238; x_wconf 89' lang='lat'>·</span> <span class='ocrx_word' id='word_1_6' title='bbox 1328 228 1330 233; x_wconf 85' lang='lat'>·</span> <span class='ocrx_word' id='word_1_7' title='bbox 1733 204 1813 294; x_wconf 78' lang='lat' dir='ltr'><strong>teir</strong></span> 
     </span>
    </p>
   </div>
   <div class='ocr_carea' id='block_1_2' title="bbox 76 363 1846 4462">
    <p class='ocr_par' dir='ltr' id='par_1_2' title="bbox 91 363 1707 444">
     <span class='ocr_line' id='line_1_2' title="bbox 91 363 1707 444; baseline -0.006 -13"><span class='ocrx_word' id='word_1_8' title='bbox 91 370 164 431; x_wconf 82' lang='lat' dir='ltr'><strong>lieni</strong></span> <span class='ocrx_word' id='word_1_9' title='bbox 179 371 219 429; x_wconf 89' lang='lat' dir='ltr'><strong>nll</strong></span> <span class='ocrx_word' id='word_1_10' title='bbox 233 376 380 429; x_wconf 89' lang='lat' dir='ltr'><strong>terrenum</strong></span> <span class='ocrx_word' id='word_1_11' title='bbox 397 372 478 429; x_wconf 89' lang='lat' dir='ltr'><strong>neeis</strong></span> <span class='ocrx_word' id='word_1_12' title='bbox 492 387 555 429; x_wconf 91' lang='lat' dir='ltr'><strong>esse</strong></span> <span class='ocrx_word' id='word_1_13' title='bbox 568 375 663 444; x_wconf 90' lang='lat' dir='ltr'><strong>potest</strong></span> <span class='ocrx_word' id='word_1_14' title='bbox 678 368 820 437; x_wconf 84' lang='lat' dir='ltr'><strong>alienum,</strong></span> <span class='ocrx_word' id='word_1_15' title='bbox 922 370 950 439; x_wconf 75' lang='grc' dir='ltr'><strong>Α</strong></span> <span class='ocrx_word' id='word_1_16' title='bbox 965 367 979 406; x_wconf 76' lang='lat'><strong>⁴</strong></span> <span class='ocrx_word' id='word_1_17' title='bbox 992 369 1061 437; x_wconf 78' lang='lat' dir='ltr'><strong>oue</strong></span> <span class='ocrx_word' id='word_1_18' title='bbox 1074 382 1130 424; x_wconf 82' lang='lat' dir='ltr'><strong>sua</strong></span> <span class='ocrx_word' id='word_1_19' title='bbox 1142 371 1213 425; x_wconf 89' lang='lat' dir='ltr'><strong>erint</strong></span> <span class='ocrx_word' id='word_1_20' title='bbox 1227 365 1357 424; x_wconf 88' lang='lat' dir='ltr'><strong>hominis</strong></span> <span class='ocrx_word' id='word_1_21' title='bbox 1373 364 1478 433; x_wconf 84' lang='lat' dir='ltr'><strong>leticie,</strong></span> <span class='ocrx_word' id='word_1_22' title='bbox 1494 364 1600 423; x_wconf 78' lang='lat' dir='ltr'><strong>ossele</strong></span> <span class='ocrx_word' id='word_1_23' title='bbox 1619 363 1707 425; x_wconf 78' lang='lat' dir='ltr'><strong>finis.</strong></span> 
     </span>
    </p>

    <p class='ocr_par' dir='ltr' id='par_1_3' title="bbox 90 456 1774 536">
     <span class='ocr_line' id='line_1_3' title="bbox 90 456 1774 536; baseline -0.004 -18"><span class='ocrx_word' id='word_1_24' title='bbox 90 462 172 532; x_wconf 75' lang='lat' dir='ltr'><strong>Ouod</strong></span> <span class='ocrx_word' id='word_1_25' title='bbox 187 461 232 517; x_wconf 85' lang='lat' dir='ltr'><strong>rel</strong></span> <span class='ocrx_word' id='word_1_26' title='bbox 249 463 370 516; x_wconf 89' lang='lat' dir='ltr'><strong>morbus</strong></span> <span class='ocrx_word' id='word_1_27' title='bbox 385 463 454 528; x_wconf 86' lang='lat' dir='ltr'><strong>edit,</strong></span> <span class='ocrx_word' id='word_1_28' title='bbox 470 462 512 518; x_wconf 89' lang='lat' dir='ltr'><strong>vel</strong></span> <span class='ocrx_word' id='word_1_29' title='bbox 524 479 641 536; x_wconf 88' lang='lat' dir='ltr'><strong>quoque</strong></span> <span class='ocrx_word' id='word_1_30' title='bbox 656 461 715 518; x_wconf 85' lang='lat' dir='ltr'><strong>tine</strong></span> <span class='ocrx_word' id='word_1_31' title='bbox 727 459 843 520; x_wconf 76' lang='lat' dir='ltr'><strong>recedit.</strong></span> <span class='ocrx_word' id='word_1_32' title='bbox 970 458 1032 525; x_wconf 81' lang='lat' dir='ltr'><strong>Quo</strong></span> <span class='ocrx_word' id='word_1_33' title='bbox 1048 460 1165 515; x_wconf 87' lang='lat' dir='ltr'><strong>decoret</strong></span> <span class='ocrx_word' id='word_1_34' title='bbox 1177 462 1259 514; x_wconf 70' lang='lat' dir='ltr'><strong>moen</strong></span> <span class='ocrx_word' id='word_1_35' title='bbox 1271 456 1349 513; x_wconf 88' lang='lat' dir='ltr'><strong>Deus</strong></span> <span class='ocrx_word' id='word_1_36' title='bbox 1361 457 1480 530; x_wconf 83' lang='lat' dir='ltr'><strong>agmine</strong></span> <span class='ocrx_word' id='word_1_37' title='bbox 1492 461 1598 513; x_wconf 85' lang='lat' dir='ltr'><strong>nostra</strong></span> <span class='ocrx_word' id='word_1_38' title='bbox 1626 461 1748 526; x_wconf 74' lang='lat' dir='ltr'><strong>tropeo</strong></span> <span class='ocrx_word' id='word_1_39' title='bbox 1764 474 1774 528; x_wconf 70' lang='grc' dir='ltr'>ς</span> 
     </span>
    </p>

    <p class='ocr_par' dir='ltr' id='par_1_4' title="bbox 92 545 1805 624">
     <span class='ocr_line' id='line_1_4' title="bbox 92 545 1805 624; baseline -0.003 -18"><span class='ocrx_word' id='word_1_40' title='bbox 92 550 174 618; x_wconf 80' lang='lat' dir='ltr'><strong>Quod</strong></span> <span class='ocrx_word' id='word_1_41' title='bbox 190 551 345 623; x_wconf 79' lang='lat' dir='ltr'>sequimur</span> <span class='ocrx_word' id='word_1_42' title='bbox 359 551 484 619; x_wconf 89' lang='lat' dir='ltr'><strong>cultum,</strong></span> <span class='ocrx_word' id='word_1_43' title='bbox 501 553 525 606; x_wconf 90' lang='lat' dir='ltr'><strong>si</strong></span> <span class='ocrx_word' id='word_1_44' title='bbox 542 553 638 608; x_wconf 83' lang='lat' dir='ltr'><strong>Caeser</strong></span> <span class='ocrx_word' id='word_1_45' title='bbox 653 568 759 624; x_wconf 87' lang='lat' dir='ltr'><strong>passus</strong></span> <span class='ocrx_word' id='word_1_46' title='bbox 778 552 915 619; x_wconf 86' lang='lat' dir='ltr'><strong>inultum,</strong></span> <span class='ocrx_word' id='word_1_47' title='bbox 969 549 1044 613; x_wconf 80' lang='lat' dir='ltr'><strong>Quod</strong></span> <span class='ocrx_word' id='word_1_48' title='bbox 1063 546 1540 620; x_wconf 84' lang='lat' dir='ltr'><strong>pretiumdetur,quisb0nor,quee</strong></span> <span class='ocrx_word' id='word_1_49' title='bbox 1556 545 1805 619; x_wconf 77' lang='lat' dir='ltr'><strong>palmeparetiir,</strong></span> 
     </span>
    </p>

    <p class='ocr_par' dir='ltr' id='par_1_5' title="bbox 90 636 1807 713">
     <span class='ocr_line' id='line_1_5' title="bbox 90 636 1807 713; baseline -0.001 -19"><span class='ocrx_word' id='word_1_50' title='bbox 90 638 194 696; x_wconf 80' lang='lat' dir='ltr'><strong>Vivere</strong></span> <span class='ocrx_word' id='word_1_51' title='bbox 211 656 263 694; x_wconf 91' lang='lat' dir='ltr'><strong>nos</strong></span> <span class='ocrx_word' id='word_1_52' title='bbox 277 641 396 708; x_wconf 87' lang='lat' dir='ltr'><strong>sineret,</strong></span> <span class='ocrx_word' id='word_1_53' title='bbox 414 657 493 696; x_wconf 90' lang='lat' dir='ltr'><strong>mors</strong></span> <span class='ocrx_word' id='word_1_54' title='bbox 506 647 584 696; x_wconf 86' lang='lat' dir='ltr'><strong>stare</strong></span> <span class='ocrx_word' id='word_1_55' title='bbox 598 641 648 696; x_wconf 90' lang='lat' dir='ltr'><strong>diu</strong></span> <span class='ocrx_word' id='word_1_56' title='bbox 667 640 844 713; x_wconf 87' lang='lat' dir='ltr'><strong>prohiberet.</strong></span> <span class='ocrx_word' id='word_1_57' title='bbox 969 639 1037 705; x_wconf 79' lang='lat' dir='ltr'><strong>Quis</strong></span> <span class='ocrx_word' id='word_1_58' title='bbox 1052 653 1137 694; x_wconf 90' lang='lat' dir='ltr'><strong>eruor</strong></span> <span class='ocrx_word' id='word_1_59' title='bbox 1151 637 1299 708; x_wconf 89' lang='lat' dir='ltr'><strong>isteparit,</strong></span> <span class='ocrx_word' id='word_1_60' title='bbox 1313 636 1325 672; x_wconf 87' lang='lat'>⁸</span> <span class='ocrx_word' id='word_1_61' title='bbox 1338 638 1536 710; x_wconf 88' lang='lat' dir='ltr'><strong>cumspiritue</strong></span> <span class='ocrx_word' id='word_1_62' title='bbox 1550 636 1807 695; x_wconf 79' lang='lat' dir='ltr'><strong>eibcruseandit:</strong></span> 
     </span>
    </p>

    <p class='ocr_par' dir='ltr' id='par_1_6' title="bbox 91 727 1751 801">
     <span class='ocr_line' id='line_1_6' title="bbox 91 727 1751 801; baseline 0.001 -18"><span class='ocrx_word' id='word_1_63' title='bbox 91 730 171 797; x_wconf 78' lang='lat' dir='ltr'><strong>Quod</strong></span> <span class='ocrx_word' id='word_1_64' title='bbox 183 729 330 786; x_wconf 86' lang='lat' dir='ltr'><strong>modicum</strong></span> <span class='ocrx_word' id='word_1_65' title='bbox 342 729 575 801; x_wconf 86' lang='lat' dir='ltr'><strong>durat‚quisnon</strong></span> <span class='ocrx_word' id='word_1_66' title='bbox 593 730 666 786; x_wconf 87' lang='lat' dir='ltr'><strong>bene</strong></span> <span class='ocrx_word' id='word_1_67' title='bbox 682 731 801 801; x_wconf 81' lang='lat' dir='ltr'><strong>perdere</strong></span> <span class='ocrx_word' id='word_1_68' title='bbox 809 727 917 785; x_wconf 81' lang='lat' dir='ltr'><strong>curati</strong></span> <span class='ocrx_word' id='word_1_69' title='bbox 968 729 1035 782; x_wconf 77' lang='lat' dir='ltr'><strong>Herc</strong></span> <span class='ocrx_word' id='word_1_70' title='bbox 1052 728 1144 798; x_wconf 75' lang='lat' dir='ltr'><strong>magis</strong></span> <span class='ocrx_word' id='word_1_71' title='bbox 1157 729 1266 784; x_wconf 89' lang='lat' dir='ltr'><strong>utendo</strong></span> <span class='ocrx_word' id='word_1_72' title='bbox 1281 727 1446 793; x_wconf 71' lang='lat' dir='ltr'><strong>dissuatur,</strong></span> <span class='ocrx_word' id='word_1_73' title='bbox 1462 743 1551 799; x_wconf 87' lang='lat' dir='ltr'><strong>quani</strong></span> <span class='ocrx_word' id='word_1_74' title='bbox 1568 727 1751 785; x_wconf 77' lang='lat' dir='ltr'><strong>referendo.</strong></span> 
     </span>
    </p>

    <p class='ocr_par' dir='ltr' id='par_1_7' title="bbox 92 815 1804 890">
     <span class='ocr_line' id='line_1_7' title="bbox 92 815 1804 890; baseline -0.001 -15"><span class='ocrx_word' id='word_1_75' title='bbox 92 817 165 875; x_wconf 82' lang='lat' dir='ltr'><strong>Nem</strong></span> <span class='ocrx_word' id='word_1_76' title='bbox 182 817 256 874; x_wconf 87' lang='lat' dir='ltr'><strong>bene</strong></span> <span class='ocrx_word' id='word_1_77' title='bbox 271 822 424 879; x_wconf 82' lang='lat' dir='ltr'><strong>niuctaiur,</strong></span> <span class='ocrx_word' id='word_1_78' title='bbox 439 823 487 889; x_wconf 90' lang='lat' dir='ltr'><strong>qui</strong></span> <span class='ocrx_word' id='word_1_79' title='bbox 504 819 603 875; x_wconf 84' lang='lat' dir='ltr'><strong>cretica</strong></span> <span class='ocrx_word' id='word_1_80' title='bbox 619 835 708 890; x_wconf 77' lang='lat' dir='ltr'><strong>regne</strong></span> <span class='ocrx_word' id='word_1_81' title='bbox 722 817 863 874; x_wconf 84' lang='lat' dir='ltr'><strong>lucretur.</strong></span> <span class='ocrx_word' id='word_1_82' title='bbox 969 815 1072 875; x_wconf 69' lang='grc'><strong>1680</strong></span> <span class='ocrx_word' id='word_1_83' title='bbox 1088 817 1461 889; x_wconf 84' lang='lat' dir='ltr'><strong>Talibusulunturquiprn</strong></span> <span class='ocrx_word' id='word_1_84' title='bbox 1476 816 1605 873; x_wconf 84' lang='lat' dir='ltr'><strong>Domino</strong></span> <span class='ocrx_word' id='word_1_85' title='bbox 1615 818 1804 875; x_wconf 84' lang='lat' dir='ltr'><strong>moriuntur.</strong></span> 
     </span>
    </p>

    <p class='ocr_par' dir='ltr' id='par_1_8' title="bbox 93 903 1753 980">
     <span class='ocr_line' id='line_1_8' title="bbox 93 903 1753 980; baseline -0.001 -18"><span class='ocrx_word' id='word_1_86' title='bbox 93 907 167 962; x_wconf 88' lang='lat' dir='ltr'><strong>linio</strong></span> <span class='ocrx_word' id='word_1_87' title='bbox 186 905 280 963; x_wconf 90' lang='lat' dir='ltr'><strong>bonor</strong></span> <span class='ocrx_word' id='word_1_88' title='bbox 294 913 340 961; x_wconf 90' lang='lat' dir='ltr'><strong>est</strong></span> <span class='ocrx_word' id='word_1_89' title='bbox 356 914 467 977; x_wconf 91' lang='lat' dir='ltr'><strong>partus,</strong></span> <span class='ocrx_word' id='word_1_90' title='bbox 483 908 532 980; x_wconf 90' lang='lat' dir='ltr'><strong>qui</strong></span> <span class='ocrx_word' id='word_1_91' title='bbox 554 907 669 962; x_wconf 88' lang='lat' dir='ltr'><strong>Christo</strong></span> <span class='ocrx_word' id='word_1_92' title='bbox 688 906 808 962; x_wconf 79' lang='lat' dir='ltr'><strong>devovet</strong></span> <span class='ocrx_word' id='word_1_93' title='bbox 823 911 916 963; x_wconf 86' lang='lat' dir='ltr'><strong>erius.</strong></span> <span class='ocrx_word' id='word_1_94' title='bbox 968 903 1050 963; x_wconf 88' lang='lat' dir='ltr'><strong>Unde</strong></span> <span class='ocrx_word' id='word_1_95' title='bbox 1065 907 1280 977; x_wconf 79' lang='lat' dir='ltr'><strong>capessendum</strong></span> <span class='ocrx_word' id='word_1_96' title='bbox 1297 921 1361 960; x_wconf 91' lang='lat' dir='ltr'><strong>reor</strong></span> <span class='ocrx_word' id='word_1_97' title='bbox 1372 905 1456 972; x_wconf 90' lang='lat' dir='ltr'><strong>illud,</strong></span> <span class='ocrx_word' id='word_1_98' title='bbox 1474 921 1530 960; x_wconf 90' lang='lat' dir='ltr'><strong>oon</strong></span> <span class='ocrx_word' id='word_1_99' title='bbox 1548 905 1753 978; x_wconf 77' lang='lat' dir='ltr'><strong>fugiendum,</strong></span> 
     </span>
    </p>

    <p class='ocr_par' dir='ltr' id='par_1_9' title="bbox 91 994 1803 1069">
     <span class='ocr_line' id='line_1_9' title="bbox 91 994 1803 1069; baseline 0.001 -19"><span class='ocrx_word' id='word_1_100' title='bbox 91 995 120 1050; x_wconf 78' lang='lat' dir='ltr'><strong>Bi</strong></span> <span class='ocrx_word' id='word_1_101' title='bbox 137 1011 204 1052; x_wconf 90' lang='lat' dir='ltr'><strong>cero</strong></span> <span class='ocrx_word' id='word_1_102' title='bbox 220 995 345 1063; x_wconf 73' lang='lat' dir='ltr'><strong>vilescit,</strong></span> <span class='ocrx_word' id='word_1_103' title='bbox 361 995 448 1053; x_wconf 88' lang='lat' dir='ltr'><strong>lletus</strong></span> <span class='ocrx_word' id='word_1_104' title='bbox 463 1012 552 1067; x_wconf 91' lang='lat' dir='ltr'><strong>super</strong></span> <span class='ocrx_word' id='word_1_105' title='bbox 566 1003 645 1052; x_wconf 85' lang='lat' dir='ltr'><strong>astru</strong></span> <span class='ocrx_word' id='word_1_106' title='bbox 660 995 787 1053; x_wconf 81' lang='lat' dir='ltr'><strong>nitescit.</strong></span> <span class='ocrx_word' id='word_1_107' title='bbox 968 995 1048 1063; x_wconf 82' lang='lat' dir='ltr'><strong>Quod</strong></span> <span class='ocrx_word' id='word_1_108' title='bbox 1066 995 1197 1067; x_wconf 79' lang='lat' dir='ltr'><strong>requiem</strong></span> <span class='ocrx_word' id='word_1_109' title='bbox 1214 994 1302 1049; x_wconf 87' lang='lat' dir='ltr'><strong>donat</strong></span> <span class='ocrx_word' id='word_1_110' title='bbox 1317 994 1519 1057; x_wconf 86' lang='lat' dir='ltr'><strong>morientibus,</strong></span> <span class='ocrx_word' id='word_1_111' title='bbox 1533 995 1655 1069; x_wconf 86' lang='lat' dir='ltr'><strong>trosque</strong></span> <span class='ocrx_word' id='word_1_112' title='bbox 1668 999 1803 1053; x_wconf 75' lang='lat' dir='ltr'><strong>cumiret.</strong></span> 
     </span>
    </p>

    <p class='ocr_par' dir='ltr' id='par_1_10' title="bbox 92 1081 1656 1157">
     <span class='ocr_line' id='line_1_10' title="bbox 92 1081 1656 1157; baseline 0.001 -17"><span class='ocrx_word' id='word_1_113' title='bbox 92 1081 194 1140; x_wconf 85' lang='lat' dir='ltr'><strong>Nescit</strong></span> <span class='ocrx_word' id='word_1_114' title='bbox 208 1085 287 1139; x_wconf 89' lang='lat' dir='ltr'><strong>enim</strong></span> <span class='ocrx_word' id='word_1_115' title='bbox 305 1083 406 1149; x_wconf 80' lang='lat' dir='ltr'><strong>sunus,</strong></span> <span class='ocrx_word' id='word_1_116' title='bbox 423 1087 472 1139; x_wconf 88' lang='lat' dir='ltr'><strong>sed</strong></span> <span class='ocrx_word' id='word_1_117' title='bbox 491 1085 579 1140; x_wconf 76' lang='lat' dir='ltr'><strong>babet</strong></span> <span class='ocrx_word' id='word_1_118' title='bbox 593 1085 657 1140; x_wconf 88' lang='lat' dir='ltr'><strong>sine</strong></span> <span class='ocrx_word' id='word_1_119' title='bbox 674 1084 784 1140; x_wconf 90' lang='lat' dir='ltr'><strong>lumine</strong></span> <span class='ocrx_word' id='word_1_120' title='bbox 795 1099 916 1152; x_wconf 86' lang='lat' dir='ltr'><strong>munus,</strong></span> <span class='ocrx_word' id='word_1_121' title='bbox 967 1085 1078 1152; x_wconf 75' lang='lat' dir='ltr'><strong>Aspero</strong></span> <span class='ocrx_word' id='word_1_122' title='bbox 1093 1100 1189 1140; x_wconf 89' lang='lat' dir='ltr'><strong>nonne</strong></span> <span class='ocrx_word' id='word_1_123' title='bbox 1206 1084 1264 1156; x_wconf 91' lang='lat' dir='ltr'><strong>pati</strong></span> <span class='ocrx_word' id='word_1_124' title='bbox 1280 1081 1370 1140; x_wconf 88' lang='lat' dir='ltr'><strong>dubia</strong></span> <span class='ocrx_word' id='word_1_125' title='bbox 1385 1083 1441 1140; x_wconf 91' lang='lat' dir='ltr'><strong>sub</strong></span> <span class='ocrx_word' id='word_1_126' title='bbox 1456 1089 1534 1141; x_wconf 86' lang='lat' dir='ltr'><strong>sorte</strong></span> <span class='ocrx_word' id='word_1_127' title='bbox 1550 1084 1656 1157; x_wconf 85' lang='lat' dir='ltr'><strong>parati</strong></span> 
     </span>
    </p>

    <p class='ocr_par' dir='ltr' id='par_1_11' title="bbox 92 1172 1846 1246">
     <span class='ocr_line' id='line_1_11' title="bbox 92 1172 1846 1246; baseline 0.003 -20"><span class='ocrx_word' id='word_1_128' title='bbox 92 1173 175 1241; x_wconf 80' lang='lat' dir='ltr'><strong>Quod</strong></span> <span class='ocrx_word' id='word_1_129' title='bbox 193 1172 293 1244; x_wconf 88' lang='lat' dir='ltr'><strong>nequit</strong></span> <span class='ocrx_word' id='word_1_130' title='bbox 321 1189 354 1228; x_wconf 89' lang='lat' dir='ltr'><strong>os</strong></span> <span class='ocrx_word' id='word_1_131' title='bbox 372 1175 436 1233; x_wconf 84' lang='lat' dir='ltr'><strong>lari,</strong></span> <span class='ocrx_word' id='word_1_132' title='bbox 452 1172 502 1229; x_wconf 80' lang='lat' dir='ltr'><strong>lux</strong></span> <span class='ocrx_word' id='word_1_133' title='bbox 522 1190 652 1240; x_wconf 86' lang='lat' dir='ltr'><strong>cernere,</strong></span> <span class='ocrx_word' id='word_1_134' title='bbox 674 1190 756 1231; x_wconf 88' lang='lat' dir='ltr'><strong>merie</strong></span> <span class='ocrx_word' id='word_1_135' title='bbox 779 1172 916 1231; x_wconf 85' lang='lat' dir='ltr'><strong>meditari</strong></span> <span class='ocrx_word' id='word_1_136' title='bbox 968 1173 1039 1246; x_wconf 73' lang='lat' dir='ltr'><strong>Regi</strong></span> <span class='ocrx_word' id='word_1_137' title='bbox 1057 1190 1204 1245; x_wconf 90' lang='lat' dir='ltr'><strong>paremus,</strong></span> <span class='ocrx_word' id='word_1_138' title='bbox 1222 1173 1381 1246; x_wconf 75' lang='lat' dir='ltr'><strong>plagaeque</strong></span> <span class='ocrx_word' id='word_1_139' title='bbox 1405 1189 1564 1245; x_wconf 88' lang='lat' dir='ltr'><strong>necemque</strong></span> <span class='ocrx_word' id='word_1_140' title='bbox 1584 1174 1774 1231; x_wconf 79' lang='lat' dir='ltr'><strong>timemus?</strong></span> <span class='ocrx_word' id='word_1_141' title='bbox 1844 1188 1846 1195; x_wconf 91' lang='grc'><strong><em>·</em></strong></span> 
     </span>
    </p>

    <p class='ocr_par' dir='ltr' id='par_1_12' title="bbox 91 1261 1725 1335">
     <span class='ocr_line' id='line_1_12' title="bbox 91 1261 1725 1335; baseline 0.001 -18"><span class='ocrx_word' id='word_1_142' title='bbox 91 1261 167 1332; x_wconf 79' lang='lat' dir='ltr'><strong>Ergo</strong></span> <span class='ocrx_word' id='word_1_143' title='bbox 184 1263 237 1333; x_wconf 81' lang='lat' dir='ltr'><strong>piae</strong></span> <span class='ocrx_word' id='word_1_144' title='bbox 252 1264 345 1318; x_wconf 81' lang='lat' dir='ltr'><strong>turbis</strong></span> <span class='ocrx_word' id='word_1_145' title='bbox 361 1277 429 1334; x_wconf 84' lang='lat' dir='ltr'><strong>epse</strong></span> <span class='ocrx_word' id='word_1_146' title='bbox 443 1263 557 1318; x_wconf 81' lang='lat' dir='ltr'><strong>siderea</strong></span> <span class='ocrx_word' id='word_1_147' title='bbox 569 1262 607 1318; x_wconf 90' lang='lat' dir='ltr'><strong>sit</strong></span> <span class='ocrx_word' id='word_1_148' title='bbox 621 1264 651 1318; x_wconf 89' lang='lat' dir='ltr'><strong>in</strong></span> <span class='ocrx_word' id='word_1_149' title='bbox 668 1262 751 1331; x_wconf 81' lang='lat' dir='ltr'><strong>urbe,</strong></span> <span class='ocrx_word' id='word_1_150' title='bbox 967 1262 1039 1329; x_wconf 80' lang='lat' dir='ltr'><strong>ouis</strong></span> <span class='ocrx_word' id='word_1_151' title='bbox 1053 1262 1100 1318; x_wconf 91' lang='lat' dir='ltr'><strong>eui</strong></span> <span class='ocrx_word' id='word_1_152' title='bbox 1117 1262 1276 1332; x_wconf 87' lang='lat' dir='ltr'><strong>spondetur</strong></span> <span class='ocrx_word' id='word_1_153' title='bbox 1289 1266 1364 1334; x_wconf 80' lang='lat' dir='ltr'><strong>quon</strong></span> <span class='ocrx_word' id='word_1_154' title='bbox 1382 1277 1486 1334; x_wconf 80' lang='lat' dir='ltr'><strong>perpes</strong></span> <span class='ocrx_word' id='word_1_155' title='bbox 1500 1264 1594 1334; x_wconf 85' lang='lat' dir='ltr'><strong>gloria</strong></span> <span class='ocrx_word' id='word_1_156' title='bbox 1617 1264 1725 1335; x_wconf 85' lang='lat' dir='ltr'><strong>detur,</strong></span> 
     </span>
    </p>

    <p class='ocr_par' dir='ltr' id='par_1_13' title="bbox 94 1349 1740 1426">
     <span class='ocr_line' id='line_1_13' title="bbox 94 1349 1740 1426; baseline 0.002 -20"><span class='ocrx_word' id='word_1_157' title='bbox 94 1351 262 1421; x_wconf 79' lang='lat' dir='ltr'><strong>Victorique</strong></span> <span class='ocrx_word' id='word_1_158' title='bbox 277 1349 367 1406; x_wconf 86' lang='lat' dir='ltr'><strong>Deum</strong></span> <span class='ocrx_word' id='word_1_159' title='bbox 384 1352 487 1406; x_wconf 83' lang='lat' dir='ltr'><strong>scitote</strong></span> <span class='ocrx_word' id='word_1_160' title='bbox 499 1368 601 1423; x_wconf 84' lang='lat' dir='ltr'><strong>parare</strong></span> <span class='ocrx_word' id='word_1_161' title='bbox 615 1351 638 1388; x_wconf 73' lang='lat'><strong>⁸⁷</strong></span> <span class='ocrx_word' id='word_1_162' title='bbox 666 1352 859 1426; x_wconf 87' lang='lat' dir='ltr'><strong>triumphurn.</strong></span> <span class='ocrx_word' id='word_1_163' title='bbox 967 1353 1005 1410; x_wconf 84' lang='lat' dir='ltr'><strong>Se</strong></span> <span class='ocrx_word' id='word_1_164' title='bbox 1016 1353 1106 1408; x_wconf 88' lang='lat' dir='ltr'><strong>miser</strong></span> <span class='ocrx_word' id='word_1_165' title='bbox 1118 1357 1248 1414; x_wconf 79' lang='lat' dir='ltr'><strong>excusat.</strong></span> <span class='ocrx_word' id='word_1_166' title='bbox 1261 1355 1351 1407; x_wconf 87' lang='lat' dir='ltr'><strong>miser</strong></span> <span class='ocrx_word' id='word_1_167' title='bbox 1361 1351 1422 1408; x_wconf 83' lang='lat' dir='ltr'><strong>beo</strong></span> <span class='ocrx_word' id='word_1_168' title='bbox 1437 1357 1583 1408; x_wconf 82' lang='lat' dir='ltr'><strong>turinentu</strong></span> <span class='ocrx_word' id='word_1_169' title='bbox 1595 1360 1740 1423; x_wconf 86' lang='lat' dir='ltr'><strong>recuset,</strong></span> 
     </span>
    </p>

    <p class='ocr_par' dir='ltr' id='par_1_14' title="bbox 92 1439 1735 1515">
     <span class='ocr_line' id='line_1_14' title="bbox 92 1439 1735 1515; baseline 0.003 -20"><span class='ocrx_word' id='word_1_170' title='bbox 92 1441 157 1495; x_wconf 78' lang='lat' dir='ltr'><strong>ism</strong></span> <span class='ocrx_word' id='word_1_171' title='bbox 175 1439 263 1494; x_wconf 90' lang='lat' dir='ltr'><strong>timor</strong></span> <span class='ocrx_word' id='word_1_172' title='bbox 277 1439 427 1504; x_wconf 78' lang='lat' dir='ltr'><strong>abscedit,</strong></span> <span class='ocrx_word' id='word_1_173' title='bbox 443 1456 480 1496; x_wconf 90' lang='lat' dir='ltr'><strong>ne</strong></span> <span class='ocrx_word' id='word_1_174' title='bbox 499 1440 592 1513; x_wconf 87' lang='lat' dir='ltr'><strong>gloria</strong></span> <span class='ocrx_word' id='word_1_175' title='bbox 607 1446 688 1498; x_wconf 83' lang='lat' dir='ltr'><strong>tanta</strong></span> <span class='ocrx_word' id='word_1_176' title='bbox 705 1442 830 1500; x_wconf 85' lang='lat' dir='ltr'><strong>recedat.</strong></span> <span class='ocrx_word' id='word_1_177' title='bbox 966 1447 1037 1500; x_wconf 81' lang='lat' dir='ltr'><strong>cuni</strong></span> <span class='ocrx_word' id='word_1_178' title='bbox 1053 1458 1105 1515; x_wconf 92' lang='lat' dir='ltr'><strong>pro</strong></span> <span class='ocrx_word' id='word_1_179' title='bbox 1118 1457 1149 1498; x_wconf 89' lang='lat' dir='ltr'><strong>ss</strong></span> <span class='ocrx_word' id='word_1_180' title='bbox 1165 1444 1274 1497; x_wconf 83' lang='lat' dir='ltr'><strong>stritus</strong></span> <span class='ocrx_word' id='word_1_181' title='bbox 1290 1445 1366 1497; x_wconf 86' lang='lat' dir='ltr'><strong>Deus</strong></span> <span class='ocrx_word' id='word_1_182' title='bbox 1381 1447 1493 1499; x_wconf 84' lang='lat' dir='ltr'><strong>asserat</strong></span> <span class='ocrx_word' id='word_1_183' title='bbox 1506 1457 1572 1498; x_wconf 83' lang='lat' dir='ltr'><strong>sess</strong></span> <span class='ocrx_word' id='word_1_184' title='bbox 1587 1442 1699 1500; x_wconf 84' lang='lat' dir='ltr'><strong>beatos</strong></span> <span class='ocrx_word' id='word_1_185' title='bbox 1717 1442 1735 1500; x_wconf 72' lang='lat' dir='ltr'><strong>i</strong></span> 
     </span>
    </p>

    <p class='ocr_par' dir='ltr' id='par_1_15' title="bbox 92 1527 1676 1604">
     <span class='ocr_line' id='line_1_15' title="bbox 92 1527 1676 1604; baseline 0 -19"><span class='ocrx_word' id='word_1_186' title='bbox 92 1528 159 1585; x_wconf 79' lang='lat' dir='ltr'><strong>iem</strong></span> <span class='ocrx_word' id='word_1_187' title='bbox 176 1527 260 1583; x_wconf 85' lang='lat' dir='ltr'><strong>lictor</strong></span> <span class='ocrx_word' id='word_1_188' title='bbox 271 1528 379 1598; x_wconf 82' lang='lat' dir='ltr'><strong>veniat,</strong></span> <span class='ocrx_word' id='word_1_189' title='bbox 394 1529 518 1600; x_wconf 77' lang='lat' dir='ltr'><strong>jamjam</strong></span> <span class='ocrx_word' id='word_1_190' title='bbox 530 1530 687 1587; x_wconf 72' lang='lat' dir='ltr'><strong>decimatio</strong></span> <span class='ocrx_word' id='word_1_191' title='bbox 703 1530 764 1599; x_wconf 87' lang='lat' dir='ltr'><strong>liat,</strong></span> <span class='ocrx_word' id='word_1_192' title='bbox 967 1535 1041 1587; x_wconf 88' lang='lat' dir='ltr'><strong>Nam</strong></span> <span class='ocrx_word' id='word_1_193' title='bbox 1058 1545 1089 1587; x_wconf 88' lang='lat' dir='ltr'><strong>se</strong></span> <span class='ocrx_word' id='word_1_194' title='bbox 1099 1528 1239 1597; x_wconf 88' lang='lat' dir='ltr'><strong>custodit,</strong></span> <span class='ocrx_word' id='word_1_195' title='bbox 1256 1529 1303 1600; x_wconf 89' lang='lat' dir='ltr'><strong>qni</strong></span> <span class='ocrx_word' id='word_1_196' title='bbox 1319 1545 1352 1584; x_wconf 90' lang='lat' dir='ltr'><strong>se</strong></span> <span class='ocrx_word' id='word_1_197' title='bbox 1364 1545 1416 1601; x_wconf 93' lang='lat' dir='ltr'><strong>pru</strong></span> <span class='ocrx_word' id='word_1_198' title='bbox 1430 1533 1469 1596; x_wconf 93' lang='lat' dir='ltr'><strong>te,</strong></span> <span class='ocrx_word' id='word_1_199' title='bbox 1488 1529 1574 1599; x_wconf 86' lang='lat' dir='ltr'><strong>Deus,</strong></span> <span class='ocrx_word' id='word_1_200' title='bbox 1590 1529 1676 1604; x_wconf 85' lang='lat' dir='ltr'><strong>odit,</strong></span> 
     </span>
    </p>

    <p class='ocr_par' dir='ltr' id='par_1_16' title="bbox 91 1617 1749 1693">
     <span class='ocr_line' id='line_1_16' title="bbox 91 1617 1749 1693; baseline 0.001 -17"><span class='ocrx_word' id='word_1_201' title='bbox 91 1617 162 1677; x_wconf 80' lang='lat' dir='ltr'><strong>&#39;l&#39;ela</strong></span> <span class='ocrx_word' id='word_1_202' title='bbox 177 1617 244 1675; x_wconf 89' lang='lat' dir='ltr'><strong>licet</strong></span> <span class='ocrx_word' id='word_1_203' title='bbox 253 1619 396 1691; x_wconf 85' lang='lat' dir='ltr'><strong>gerimus,</strong></span> <span class='ocrx_word' id='word_1_204' title='bbox 412 1636 481 1693; x_wconf 91' lang='lat' dir='ltr'><strong>rogo</strong></span> <span class='ocrx_word' id='word_1_205' title='bbox 497 1637 534 1677; x_wconf 91' lang='lat' dir='ltr'><strong>ne</strong></span> <span class='ocrx_word' id='word_1_206' title='bbox 548 1620 573 1656; x_wconf 79' lang='lat'><strong>⁰⁸</strong></span> <span class='ocrx_word' id='word_1_207' title='bbox 587 1621 695 1679; x_wconf 84' lang='lat' dir='ltr'><strong>reterre</strong></span> <span class='ocrx_word' id='word_1_208' title='bbox 708 1621 843 1681; x_wconf 88' lang='lat' dir='ltr'><strong>velimus.</strong></span> <span class='ocrx_word' id='word_1_209' title='bbox 967 1623 1062 1691; x_wconf 81' lang='lat' dir='ltr'><strong>Atque</strong></span> <span class='ocrx_word' id='word_1_210' title='bbox 1076 1618 1160 1676; x_wconf 88' lang='lat' dir='ltr'><strong>metit</strong></span> <span class='ocrx_word' id='word_1_211' title='bbox 1175 1618 1270 1685; x_wconf 79' lang='lat' dir='ltr'><strong>letus,</strong></span> <span class='ocrx_word' id='word_1_212' title='bbox 1285 1633 1352 1691; x_wconf 90' lang='lat' dir='ltr'><strong>quie</strong></span> <span class='ocrx_word' id='word_1_213' title='bbox 1367 1617 1478 1690; x_wconf 85' lang='lat' dir='ltr'><strong>spargit</strong></span> <span class='ocrx_word' id='word_1_214' title='bbox 1491 1617 1616 1686; x_wconf 87' lang='lat' dir='ltr'><strong>semina,</strong></span> <span class='ocrx_word' id='word_1_215' title='bbox 1640 1617 1749 1678; x_wconf 86' lang='lat' dir='ltr'><strong>lletne.</strong></span> 
     </span>
    </p>

    <p class='ocr_par' dir='ltr' id='par_1_17' title="bbox 91 1707 1732 1801">
     <span class='ocr_line' id='line_1_17' title="bbox 91 1707 1732 1801; baseline 0 -36"><span class='ocrx_word' id='word_1_216' title='bbox 91 1707 135 1765; x_wconf 86' lang='lat' dir='ltr'><strong>Sit</strong></span> <span class='ocrx_word' id='word_1_217' title='bbox 150 1723 254 1763; x_wconf 85' lang='lat' dir='ltr'><strong>manus</strong></span> <span class='ocrx_word' id='word_1_218' title='bbox 268 1708 406 1776; x_wconf 89' lang='lat' dir='ltr'><strong>imbellis,</strong></span> <span class='ocrx_word' id='word_1_219' title='bbox 423 1711 463 1766; x_wconf 91' lang='lat' dir='ltr'><strong>sit</strong></span> <span class='ocrx_word' id='word_1_220' title='bbox 477 1726 531 1766; x_wconf 87' lang='lat' dir='ltr'><strong>ruri</strong></span> <span class='ocrx_word' id='word_1_221' title='bbox 546 1710 721 1784; x_wconf 88' lang='lat' dir='ltr'><strong>animusque</strong></span> <span class='ocrx_word' id='word_1_222' title='bbox 733 1711 860 1768; x_wconf 85' lang='lat' dir='ltr'><strong>rebellia.</strong></span> <span class='ocrx_word' id='word_1_223' title='bbox 930 1733 953 1801; x_wconf 66' lang='lat' dir='ltr'>B</span> <span class='ocrx_word' id='word_1_224' title='bbox 1005 1709 1091 1766; x_wconf 79' lang='lat' dir='ltr'><strong>Fullo</strong></span> <span class='ocrx_word' id='word_1_225' title='bbox 1106 1707 1163 1779; x_wconf 86' lang='lat' dir='ltr'><strong>piis</strong></span> <span class='ocrx_word' id='word_1_226' title='bbox 1178 1707 1274 1763; x_wconf 86' lang='lat' dir='ltr'><strong>verbis</strong></span> <span class='ocrx_word' id='word_1_227' title='bbox 1290 1723 1347 1762; x_wconf 90' lang='lat' dir='ltr'><strong>non</strong></span> <span class='ocrx_word' id='word_1_228' title='bbox 1364 1713 1444 1779; x_wconf 83' lang='lat' dir='ltr'><strong>paret</strong></span> <span class='ocrx_word' id='word_1_229' title='bbox 1467 1707 1555 1762; x_wconf 87' lang='lat' dir='ltr'><strong>turba</strong></span> <span class='ocrx_word' id='word_1_230' title='bbox 1570 1709 1732 1780; x_wconf 75' lang='lat' dir='ltr'><strong>superbie,</strong></span> 
     </span>
    </p>

    <p class='ocr_par' dir='ltr' id='par_1_18' title="bbox 92 1793 1797 1870">
     <span class='ocr_line' id='line_1_18' title="bbox 92 1793 1797 1870; baseline -0.001 -16"><span class='ocrx_word' id='word_1_231' title='bbox 92 1795 219 1867; x_wconf 84' lang='lat' dir='ltr'><strong>Corpore</strong></span> <span class='ocrx_word' id='word_1_232' title='bbox 230 1793 394 1851; x_wconf 87' lang='lat' dir='ltr'><strong>subsistent</strong></span> <span class='ocrx_word' id='word_1_233' title='bbox 408 1795 526 1870; x_wconf 87' lang='lat' dir='ltr'><strong>gladiis,</strong></span> <span class='ocrx_word' id='word_1_234' title='bbox 541 1814 599 1853; x_wconf 86' lang='lat' dir='ltr'><strong>nori</strong></span> <span class='ocrx_word' id='word_1_235' title='bbox 615 1815 697 1853; x_wconf 86' lang='lat' dir='ltr'><strong>errne</strong></span> <span class='ocrx_word' id='word_1_236' title='bbox 711 1799 860 1856; x_wconf 86' lang='lat' dir='ltr'><strong>resistant.</strong></span> <span class='ocrx_word' id='word_1_237' title='bbox 968 1801 1026 1853; x_wconf 89' lang='lat' dir='ltr'><strong>Neu</strong></span> <span class='ocrx_word' id='word_1_238' title='bbox 1037 1813 1121 1853; x_wconf 87' lang='lat' dir='ltr'><strong>suoru</strong></span> <span class='ocrx_word' id='word_1_239' title='bbox 1131 1797 1271 1868; x_wconf 76' lang='lat' dir='ltr'><strong>dignetur</strong></span> <span class='ocrx_word' id='word_1_240' title='bbox 1286 1812 1293 1851; x_wconf 91' lang='lat'>:</span> <span class='ocrx_word' id='word_1_241' title='bbox 1310 1800 1488 1869; x_wconf 84' lang='lat' dir='ltr'><strong>quapropter</strong></span> <span class='ocrx_word' id='word_1_242' title='bbox 1514 1797 1586 1852; x_wconf 90' lang='lat' dir='ltr'><strong>item</strong></span> <span class='ocrx_word' id='word_1_243' title='bbox 1612 1797 1797 1855; x_wconf 83' lang='lat' dir='ltr'><strong>decimatur.</strong></span> 
     </span>
    </p>

    <p class='ocr_par' dir='ltr' id='par_1_19' title="bbox 94 1883 1689 1959">
     <span class='ocr_line' id='line_1_19' title="bbox 94 1883 1689 1959; baseline 0.001 -18"><span class='ocrx_word' id='word_1_244' title='bbox 94 1884 253 1955; x_wconf 78' lang='lat' dir='ltr'><strong>Sanguine,</strong></span> <span class='ocrx_word' id='word_1_245' title='bbox 271 1900 329 1940; x_wconf 88' lang='lat' dir='ltr'><strong>non</strong></span> <span class='ocrx_word' id='word_1_246' title='bbox 344 1883 421 1956; x_wconf 89' lang='lat' dir='ltr'><strong>telis,</strong></span> <span class='ocrx_word' id='word_1_247' title='bbox 435 1886 521 1942; x_wconf 87' lang='lat' dir='ltr'><strong>debet</strong></span> <span class='ocrx_word' id='word_1_248' title='bbox 530 1903 669 1959; x_wconf 87' lang='lat' dir='ltr'><strong>superare</strong></span> <span class='ocrx_word' id='word_1_249' title='bbox 683 1887 790 1945; x_wconf 90' lang='lat' dir='ltr'><strong>tidelis.</strong></span> <span class='ocrx_word' id='word_1_250' title='bbox 968 1891 1050 1945; x_wconf 79' lang='lat' dir='ltr'><strong>Hanc</strong></span> <span class='ocrx_word' id='word_1_251' title='bbox 1063 1886 1121 1942; x_wconf 88' lang='lat' dir='ltr'><strong>irim</strong></span> <span class='ocrx_word' id='word_1_252' title='bbox 1133 1885 1271 1942; x_wconf 89' lang='lat' dir='ltr'><strong>tormenti</strong></span> <span class='ocrx_word' id='word_1_253' title='bbox 1287 1883 1345 1941; x_wconf 88' lang='lat' dir='ltr'><strong>duo</strong></span> <span class='ocrx_word' id='word_1_254' title='bbox 1360 1884 1529 1941; x_wconf 89' lang='lat' dir='ltr'><strong>sustinuere</strong></span> <span class='ocrx_word' id='word_1_255' title='bbox 1543 1886 1689 1942; x_wconf 82' lang='lat' dir='ltr'><strong>trecenti.</strong></span> 
     </span>
    </p>

    <p class='ocr_par' dir='ltr' id='par_1_20' title="bbox 91 1972 1732 2139">
     <span class='ocr_line' id='line_1_20' title="bbox 91 1972 1732 2051; baseline 0.003 -23"><span class='ocrx_word' id='word_1_256' title='bbox 91 1974 227 2031; x_wconf 83' lang='lat' dir='ltr'><strong>Vincitur</strong></span> <span class='ocrx_word' id='word_1_257' title='bbox 241 1974 379 2041; x_wconf 83' lang='lat' dir='ltr'><strong>invictus,</strong></span> <span class='ocrx_word' id='word_1_258' title='bbox 396 1975 447 2048; x_wconf 88' lang='lat' dir='ltr'><strong>qui</strong></span> <span class='ocrx_word' id='word_1_259' title='bbox 463 1980 522 2032; x_wconf 87' lang='lat' dir='ltr'><strong>stet</strong></span> <span class='ocrx_word' id='word_1_260' title='bbox 537 1976 682 2048; x_wconf 76' lang='lat' dir='ltr'><strong>patienter</strong></span> <span class='ocrx_word' id='word_1_261' title='bbox 698 1977 734 2033; x_wconf 86' lang='lat' dir='ltr'><strong>nd</strong></span> <span class='ocrx_word' id='word_1_262' title='bbox 750 1977 839 2036; x_wconf 89' lang='lat' dir='ltr'><strong>intus.</strong></span> <span class='ocrx_word' id='word_1_263' title='bbox 969 1973 992 2051; x_wconf 78' lang='lat'><strong>[⁴</strong></span> <span class='ocrx_word' id='word_1_264' title='bbox 1006 1976 1089 2033; x_wconf 89' lang='lat' dir='ltr'><strong>Sorte</strong></span> <span class='ocrx_word' id='word_1_265' title='bbox 1103 1973 1148 2031; x_wconf 91' lang='lat' dir='ltr'><strong>bls</strong></span> <span class='ocrx_word' id='word_1_266' title='bbox 1163 1977 1274 2040; x_wconf 81' lang='lat' dir='ltr'><strong>execti,</strong></span> <span class='ocrx_word' id='word_1_267' title='bbox 1289 1972 1404 2048; x_wconf 85' lang='lat' dir='ltr'><strong>relique</strong></span> <span class='ocrx_word' id='word_1_268' title='bbox 1421 1989 1474 2030; x_wconf 86' lang='lat' dir='ltr'><strong>nec</strong></span> <span class='ocrx_word' id='word_1_269' title='bbox 1488 1977 1571 2047; x_wconf 89' lang='lat' dir='ltr'><strong>parte</strong></span> <span class='ocrx_word' id='word_1_270' title='bbox 1584 1975 1732 2047; x_wconf 78' lang='lat' dir='ltr'><strong>subacta,</strong></span> 
     </span>
     <span class='ocr_line' id='line_1_21' title="bbox 127 2063 1729 2139; baseline 0.002 -19"><span class='ocrx_word' id='word_1_271' title='bbox 127 2063 315 2120; x_wconf 86' lang='lat' dir='ltr'><strong>Constituere</strong></span> <span class='ocrx_word' id='word_1_272' title='bbox 331 2063 402 2136; x_wconf 87' lang='lat' dir='ltr'><strong>pati,</strong></span> <span class='ocrx_word' id='word_1_273' title='bbox 419 2064 604 2122; x_wconf 75' lang='lat' dir='ltr'><strong>sermonibus</strong></span> <span class='ocrx_word' id='word_1_274' title='bbox 620 2064 666 2123; x_wconf 90' lang='lat' dir='ltr'><strong>bia</strong></span> <span class='ocrx_word' id='word_1_275' title='bbox 682 2066 815 2124; x_wconf 81' lang='lat' dir='ltr'><strong>animati.</strong></span> <span class='ocrx_word' id='word_1_276' title='bbox 969 2069 1059 2137; x_wconf 76' lang='lat' dir='ltr'><strong>cuius</strong></span> <span class='ocrx_word' id='word_1_277' title='bbox 1075 2065 1257 2139; x_wconf 88' lang='lat' dir='ltr'><strong>propositum</strong></span> <span class='ocrx_word' id='word_1_278' title='bbox 1272 2069 1372 2121; x_wconf 83' lang='lat' dir='ltr'><strong>manet</strong></span> <span class='ocrx_word' id='word_1_279' title='bbox 1386 2063 1518 2137; x_wconf 83' lang='lat' dir='ltr'><strong>exemplo</strong></span> <span class='ocrx_word' id='word_1_280' title='bbox 1539 2064 1729 2138; x_wconf 85' lang='lat' dir='ltr'><strong>stabilitum,</strong></span> 
     </span>
    </p>

    <p class='ocr_par' dir='ltr' id='par_1_21' title="bbox 93 2152 1702 2231">
     <span class='ocr_line' id='line_1_22' title="bbox 93 2152 1702 2231; baseline 0.002 -23"><span class='ocrx_word' id='word_1_281' title='bbox 93 2155 151 2210; x_wconf 84' lang='lat' dir='ltr'><strong>Nec</strong></span> <span class='ocrx_word' id='word_1_282' title='bbox 167 2169 249 2210; x_wconf 86' lang='lat' dir='ltr'><strong>more</strong></span> <span class='ocrx_word' id='word_1_283' title='bbox 266 2171 274 2223; x_wconf 92' lang='grc'><strong>;</strong></span> <span class='ocrx_word' id='word_1_284' title='bbox 293 2170 462 2211; x_wconf 85' lang='lat' dir='ltr'><strong>mucronem</strong></span> <span class='ocrx_word' id='word_1_285' title='bbox 479 2155 598 2227; x_wconf 84' lang='lat' dir='ltr'><strong>stringit</strong></span> <span class='ocrx_word' id='word_1_286' title='bbox 612 2154 693 2213; x_wconf 90' lang='lat' dir='ltr'><strong>luror</strong></span> <span class='ocrx_word' id='word_1_287' title='bbox 707 2155 737 2212; x_wconf 92' lang='lat' dir='ltr'><strong>in</strong></span> <span class='ocrx_word' id='word_1_288' title='bbox 759 2155 915 2230; x_wconf 80' lang='lat' dir='ltr'><strong>legionem.</strong></span> <span class='ocrx_word' id='word_1_289' title='bbox 967 2157 1076 2214; x_wconf 82' lang='lat' dir='ltr'><strong>invitet</strong></span> <span class='ocrx_word' id='word_1_290' title='bbox 1092 2155 1226 2228; x_wconf 88' lang='lat' dir='ltr'><strong>princeps</strong></span> <span class='ocrx_word' id='word_1_291' title='bbox 1239 2154 1367 2227; x_wconf 86' lang='lat' dir='ltr'><strong>reliquos</strong></span> <span class='ocrx_word' id='word_1_292' title='bbox 1381 2152 1418 2210; x_wconf 90' lang='lat' dir='ltr'><strong>ed</strong></span> <span class='ocrx_word' id='word_1_293' title='bbox 1433 2171 1514 2210; x_wconf 86' lang='lat' dir='ltr'><strong>sacru</strong></span> <span class='ocrx_word' id='word_1_294' title='bbox 1528 2153 1702 2231; x_wconf 65' lang='lat' dir='ltr'><strong>deinceps.)</strong></span> 
     </span>
    </p>

    <p class='ocr_par' dir='ltr' id='par_1_22' title="bbox 95 2240 1662 2317">
     <span class='ocr_line' id='line_1_23' title="bbox 95 2240 1662 2317; baseline 0.002 -19"><span class='ocrx_word' id='word_1_295' title='bbox 95 2245 170 2298; x_wconf 86' lang='lat' dir='ltr'><strong>Dent</strong></span> <span class='ocrx_word' id='word_1_296' title='bbox 184 2242 312 2298; x_wconf 89' lang='lat' dir='ltr'><strong>decimos</strong></span> <span class='ocrx_word' id='word_1_297' title='bbox 329 2259 428 2314; x_wconf 78' lang='lat' dir='ltr'><strong>piene,</strong></span> <span class='ocrx_word' id='word_1_298' title='bbox 444 2244 519 2317; x_wconf 89' lang='lat' dir='ltr'><strong>perti</strong></span> <span class='ocrx_word' id='word_1_299' title='bbox 536 2244 680 2317; x_wconf 81' lang='lat' dir='ltr'><strong>parcendo</strong></span> <span class='ocrx_word' id='word_1_300' title='bbox 698 2261 823 2303; x_wconf 86' lang='lat' dir='ltr'><strong>novenis.</strong></span> <span class='ocrx_word' id='word_1_301' title='bbox 968 2244 999 2303; x_wconf 87' lang='lat' dir='ltr'><strong>Si</strong></span> <span class='ocrx_word' id='word_1_302' title='bbox 1015 2248 1219 2301; x_wconf 87' lang='lat' dir='ltr'><strong>contemnatur</strong></span> <span class='ocrx_word' id='word_1_303' title='bbox 1233 2259 1288 2298; x_wconf 89' lang='lat' dir='ltr'><strong>sue</strong></span> <span class='ocrx_word' id='word_1_304' title='bbox 1298 2240 1406 2314; x_wconf 79' lang='lat' dir='ltr'><strong>jussio,</strong></span> <span class='ocrx_word' id='word_1_305' title='bbox 1422 2242 1496 2299; x_wconf 89' lang='lat' dir='ltr'><strong>duro</strong></span> <span class='ocrx_word' id='word_1_306' title='bbox 1511 2241 1662 2301; x_wconf 82' lang='lat' dir='ltr'><strong>minetur.</strong></span> 
     </span>
    </p>

    <p class='ocr_par' dir='ltr' id='par_1_23' title="bbox 93 2330 1664 2405">
     <span class='ocr_line' id='line_1_24' title="bbox 93 2330 1664 2405; baseline -0.001 -14"><span class='ocrx_word' id='word_1_307' title='bbox 93 2330 155 2391; x_wconf 77' lang='lat' dir='ltr'><strong>0⁹l</strong></span> <span class='ocrx_word' id='word_1_308' title='bbox 169 2348 256 2403; x_wconf 90' lang='lat' dir='ltr'><strong>quam</strong></span> <span class='ocrx_word' id='word_1_309' title='bbox 273 2331 400 2389; x_wconf 88' lang='lat' dir='ltr'><strong>crudelis</strong></span> <span class='ocrx_word' id='word_1_310' title='bbox 417 2333 510 2404; x_wconf 86' lang='lat' dir='ltr'><strong>pietas</strong></span> <span class='ocrx_word' id='word_1_311' title='bbox 524 2331 532 2389; x_wconf 88' lang='lat' dir='ltr'><strong>i</strong></span> <span class='ocrx_word' id='word_1_312' title='bbox 547 2332 570 2390; x_wconf 89' lang='lat'>0</span> <span class='ocrx_word' id='word_1_313' title='bbox 585 2333 647 2389; x_wconf 82' lang='lat' dir='ltr'><strong>rixa</strong></span> <span class='ocrx_word' id='word_1_314' title='bbox 660 2332 756 2391; x_wconf 87' lang='lat' dir='ltr'><strong>tidelis</strong></span> <span class='ocrx_word' id='word_1_315' title='bbox 772 2333 779 2391; x_wconf 93' lang='lat' dir='ltr'><strong>l</strong></span> <span class='ocrx_word' id='word_1_316' title='bbox 968 2336 1023 2395; x_wconf 77' lang='lat' dir='ltr'><strong>Sed</strong></span> <span class='ocrx_word' id='word_1_317' title='bbox 1036 2333 1103 2392; x_wconf 81' lang='lat' dir='ltr'><strong>nest</strong></span> <span class='ocrx_word' id='word_1_318' title='bbox 1119 2331 1244 2405; x_wconf 88' lang='lat' dir='ltr'><strong>pugiles,</strong></span> <span class='ocrx_word' id='word_1_319' title='bbox 1259 2331 1423 2402; x_wconf 88' lang='lat' dir='ltr'><strong>reputando</strong></span> <span class='ocrx_word' id='word_1_320' title='bbox 1438 2331 1569 2404; x_wconf 80' lang='lat' dir='ltr'><strong>premia,</strong></span> <span class='ocrx_word' id='word_1_321' title='bbox 1584 2332 1664 2389; x_wconf 86' lang='lat' dir='ltr'><strong>viles</strong></span> 
     </span>
    </p>

    <p class='ocr_par' dir='ltr' id='par_1_24' title="bbox 91 2419 1704 2496">
     <span class='ocr_line' id='line_1_25' title="bbox 91 2419 1704 2496; baseline -0.002 -15"><span class='ocrx_word' id='word_1_322' title='bbox 91 2422 173 2481; x_wconf 79' lang='lat' dir='ltr'><strong>Miles</strong></span> <span class='ocrx_word' id='word_1_323' title='bbox 188 2426 220 2477; x_wconf 92' lang='lat' dir='ltr'><strong>ut</strong></span> <span class='ocrx_word' id='word_1_324' title='bbox 233 2421 347 2478; x_wconf 82' lang='lat' dir='ltr'><strong>cecidet</strong></span> <span class='ocrx_word' id='word_1_325' title='bbox 363 2422 464 2493; x_wconf 86' lang='lat' dir='ltr'><strong>parcit,</strong></span> <span class='ocrx_word' id='word_1_326' title='bbox 481 2422 648 2479; x_wconf 88' lang='lat' dir='ltr'><strong>miserendo</strong></span> <span class='ocrx_word' id='word_1_327' title='bbox 662 2425 790 2480; x_wconf 86' lang='lat' dir='ltr'><strong>trucidet</strong></span> <span class='ocrx_word' id='word_1_328' title='bbox 806 2448 814 2494; x_wconf 68' lang='grc' dir='ltr'><strong>ς</strong></span> <span class='ocrx_word' id='word_1_329' title='bbox 967 2425 1173 2496; x_wconf 78' lang='lat' dir='ltr'><strong>Cesareasque</strong></span> <span class='ocrx_word' id='word_1_330' title='bbox 1189 2421 1296 2491; x_wconf 87' lang='lat' dir='ltr'><strong>minas,</strong></span> <span class='ocrx_word' id='word_1_331' title='bbox 1313 2425 1342 2477; x_wconf 88' lang='lat' dir='ltr'><strong>et</strong></span> <span class='ocrx_word' id='word_1_332' title='bbox 1357 2419 1578 2494; x_wconf 87' lang='lat' dir='ltr'><strong>qualescunque</strong></span> <span class='ocrx_word' id='word_1_333' title='bbox 1594 2421 1704 2479; x_wconf 83' lang='lat' dir='ltr'><strong>ruinas</strong></span> 
     </span>
    </p>

    <p class='ocr_par' dir='ltr' id='par_1_25' title="bbox 92 2510 1756 2586">
     <span class='ocr_line' id='line_1_26' title="bbox 92 2510 1756 2586; baseline 0.002 -19"><span class='ocrx_word' id='word_1_334' title='bbox 92 2514 127 2567; x_wconf 84' lang='lat' dir='ltr'><strong>Et</strong></span> <span class='ocrx_word' id='word_1_335' title='bbox 144 2510 209 2583; x_wconf 87' lang='lat' dir='ltr'><strong>pius</strong></span> <span class='ocrx_word' id='word_1_336' title='bbox 225 2517 257 2566; x_wconf 87' lang='lat' dir='ltr'><strong>ut</strong></span> <span class='ocrx_word' id='word_1_337' title='bbox 273 2511 359 2579; x_wconf 86' lang='lat' dir='ltr'><strong>rivet,</strong></span> <span class='ocrx_word' id='word_1_338' title='bbox 375 2527 407 2567; x_wconf 89' lang='lat' dir='ltr'><strong>se</strong></span> <span class='ocrx_word' id='word_1_339' title='bbox 421 2511 486 2566; x_wconf 85' lang='lat' dir='ltr'><strong>vitre</strong></span> <span class='ocrx_word' id='word_1_340' title='bbox 503 2528 623 2568; x_wconf 85' lang='lat' dir='ltr'><strong>munere</strong></span> <span class='ocrx_word' id='word_1_341' title='bbox 639 2513 743 2584; x_wconf 85' lang='lat' dir='ltr'><strong>privat.</strong></span> <span class='ocrx_word' id='word_1_342' title='bbox 967 2512 1177 2586; x_wconf 80' lang='lat' dir='ltr'><strong>Corporisesse</strong></span> <span class='ocrx_word' id='word_1_343' title='bbox 1193 2514 1308 2584; x_wconf 89' lang='lat' dir='ltr'><strong>putant,</strong></span> <span class='ocrx_word' id='word_1_344' title='bbox 1320 2512 1389 2584; x_wconf 88' lang='lat' dir='ltr'><strong>quia</strong></span> <span class='ocrx_word' id='word_1_345' title='bbox 1401 2510 1493 2582; x_wconf 81' lang='lat' dir='ltr'><strong>poenis</strong></span> <span class='ocrx_word' id='word_1_346' title='bbox 1508 2513 1615 2582; x_wconf 86' lang='lat' dir='ltr'><strong>gaudie</strong></span> <span class='ocrx_word' id='word_1_347' title='bbox 1631 2516 1756 2570; x_wconf 76' lang='lat' dir='ltr'><strong>mutent</strong></span> 
     </span>
    </p>

    <p class='ocr_par' dir='ltr' id='par_1_26' title="bbox 93 2599 1663 2676">
     <span class='ocr_line' id='line_1_27' title="bbox 93 2599 1663 2676; baseline 0 -19"><span class='ocrx_word' id='word_1_348' title='bbox 93 2601 146 2657; x_wconf 82' lang='lat' dir='ltr'><strong>nte</strong></span> <span class='ocrx_word' id='word_1_349' title='bbox 163 2600 261 2655; x_wconf 82' lang='lat' dir='ltr'><strong>studet</strong></span> <span class='ocrx_word' id='word_1_350' title='bbox 275 2601 309 2654; x_wconf 83' lang='lat' dir='ltr'><strong>sd</strong></span> <span class='ocrx_word' id='word_1_351' title='bbox 325 2599 426 2655; x_wconf 87' lang='lat' dir='ltr'><strong>ilatum</strong></span> <span class='ocrx_word' id='word_1_352' title='bbox 443 2601 600 2657; x_wconf 75' lang='lat' dir='ltr'><strong>transferre</strong></span> <span class='ocrx_word' id='word_1_353' title='bbox 617 2601 670 2657; x_wconf 92' lang='lat' dir='ltr'><strong>luti</strong></span> <span class='ocrx_word' id='word_1_354' title='bbox 686 2602 860 2661; x_wconf 81' lang='lat' dir='ltr'><strong>cruciatum.</strong></span> <span class='ocrx_word' id='word_1_355' title='bbox 968 2602 1074 2676; x_wconf 86' lang='lat' dir='ltr'><strong>Optsnt</strong></span> <span class='ocrx_word' id='word_1_356' title='bbox 1087 2617 1156 2674; x_wconf 83' lang='lat' dir='ltr'><strong>ergo</strong></span> <span class='ocrx_word' id='word_1_357' title='bbox 1172 2600 1254 2674; x_wconf 80' lang='lat' dir='ltr'><strong>sequi</strong></span> <span class='ocrx_word' id='word_1_358' title='bbox 1270 2600 1375 2667; x_wconf 84' lang='lat' dir='ltr'><strong>socios,</strong></span> <span class='ocrx_word' id='word_1_359' title='bbox 1392 2605 1421 2655; x_wconf 88' lang='lat' dir='ltr'><strong>st</strong></span> <span class='ocrx_word' id='word_1_360' title='bbox 1436 2600 1566 2656; x_wconf 89' lang='lat' dir='ltr'><strong>muneris</strong></span> <span class='ocrx_word' id='word_1_361' title='bbox 1581 2601 1663 2673; x_wconf 73' lang='lat' dir='ltr'><strong>equi</strong></span> 
     </span>
    </p>

    <p class='ocr_par' dir='ltr' id='par_1_27' title="bbox 94 2686 1654 2765">
     <span class='ocr_line' id='line_1_28' title="bbox 94 2686 1654 2765; baseline 0.001 -20"><span class='ocrx_word' id='word_1_362' title='bbox 94 2687 152 2745; x_wconf 89' lang='lat' dir='ltr'><strong>Iste</strong></span> <span class='ocrx_word' id='word_1_363' title='bbox 166 2686 263 2743; x_wconf 89' lang='lat' dir='ltr'><strong>labore</strong></span> <span class='ocrx_word' id='word_1_364' title='bbox 280 2686 344 2750; x_wconf 89' lang='lat' dir='ltr'><strong>luti,</strong></span> <span class='ocrx_word' id='word_1_365' title='bbox 357 2687 443 2743; x_wconf 82' lang='lat' dir='ltr'><strong>ilatus</strong></span> <span class='ocrx_word' id='word_1_366' title='bbox 459 2689 567 2744; x_wconf 87' lang='lat' dir='ltr'><strong>servire</strong></span> <span class='ocrx_word' id='word_1_367' title='bbox 582 2689 681 2745; x_wconf 86' lang='lat' dir='ltr'><strong>saluti.</strong></span> <span class='ocrx_word' id='word_1_368' title='bbox 967 2693 1126 2765; x_wconf 86' lang='lat' dir='ltr'><strong>Pariioipes</strong></span> <span class='ocrx_word' id='word_1_369' title='bbox 1141 2692 1204 2747; x_wconf 80' lang='lat' dir='ltr'><strong>llrri</strong></span> <span class='ocrx_word' id='word_1_370' title='bbox 1219 2691 1344 2764; x_wconf 89' lang='lat' dir='ltr'><strong>cupiunt</strong></span> <span class='ocrx_word' id='word_1_371' title='bbox 1357 2690 1506 2747; x_wconf 89' lang='lat' dir='ltr'><strong>moriendo</strong></span> <span class='ocrx_word' id='word_1_372' title='bbox 1522 2693 1628 2747; x_wconf 83' lang='lat' dir='ltr'><strong>mereri</strong></span> <span class='ocrx_word' id='word_1_373' title='bbox 1643 2705 1654 2760; x_wconf 73' lang='grc' dir='ltr'><strong>ς</strong></span> 
     </span>
    </p>

    <p class='ocr_par' dir='ltr' id='par_1_28' title="bbox 94 2775 1759 2848">
     <span class='ocr_line' id='line_1_29' title="bbox 94 2775 1759 2848; baseline 0.003 -15"><span class='ocrx_word' id='word_1_374' title='bbox 94 2776 145 2834; x_wconf 89' lang='lat' dir='ltr'><strong>illa</strong></span> <span class='ocrx_word' id='word_1_375' title='bbox 161 2792 260 2833; x_wconf 75' lang='lat' dir='ltr'><strong>neseio</strong></span> <span class='ocrx_word' id='word_1_376' title='bbox 277 2775 375 2831; x_wconf 82' lang='lat' dir='ltr'><strong>ditiori</strong></span> <span class='ocrx_word' id='word_1_377' title='bbox 391 2796 398 2845; x_wconf 90' lang='lat'>;</span> <span class='ocrx_word' id='word_1_378' title='bbox 416 2777 462 2832; x_wconf 85' lang='lat' dir='ltr'><strong>bic</strong></span> <span class='ocrx_word' id='word_1_379' title='bbox 478 2793 510 2834; x_wconf 88' lang='lat' dir='ltr'><strong>se</strong></span> <span class='ocrx_word' id='word_1_380' title='bbox 521 2779 712 2836; x_wconf 85' lang='lat' dir='ltr'><strong>mucronibus</strong></span> <span class='ocrx_word' id='word_1_381' title='bbox 728 2778 764 2816; x_wconf 76' lang='lat'><strong>¹⁶⁰</strong></span> <span class='ocrx_word' id='word_1_382' title='bbox 779 2780 877 2838; x_wconf 88' lang='lat' dir='ltr'><strong>inlert.</strong></span> <span class='ocrx_word' id='word_1_383' title='bbox 966 2785 1043 2839; x_wconf 81' lang='lat' dir='ltr'><strong>Neve</strong></span> <span class='ocrx_word' id='word_1_384' title='bbox 1056 2782 1107 2838; x_wconf 87' lang='lat' dir='ltr'><strong>diu</strong></span> <span class='ocrx_word' id='word_1_385' title='bbox 1121 2781 1247 2845; x_wconf 88' lang='lat' dir='ltr'><strong>tardent,</strong></span> <span class='ocrx_word' id='word_1_386' title='bbox 1263 2777 1327 2836; x_wconf 89' lang='lat' dir='ltr'><strong>sine</strong></span> <span class='ocrx_word' id='word_1_387' title='bbox 1342 2783 1420 2835; x_wconf 88' lang='lat' dir='ltr'><strong>sorte</strong></span> <span class='ocrx_word' id='word_1_388' title='bbox 1437 2778 1508 2834; x_wconf 89' lang='lat' dir='ltr'><strong>mori</strong></span> <span class='ocrx_word' id='word_1_389' title='bbox 1524 2778 1615 2835; x_wconf 87' lang='lat' dir='ltr'><strong>simul</strong></span> <span class='ocrx_word' id='word_1_390' title='bbox 1630 2779 1759 2848; x_wconf 81' lang='lat' dir='ltr'><strong>sudent,</strong></span> 
     </span>
    </p>

    <p class='ocr_par' dir='ltr' id='par_1_29' title="bbox 93 2864 1698 2944">
     <span class='ocr_line' id='line_1_30' title="bbox 93 2864 1698 2944; baseline 0.002 -22"><span class='ocrx_word' id='word_1_391' title='bbox 93 2864 234 2922; x_wconf 75' lang='lat' dir='ltr'><strong>Provenit</strong></span> <span class='ocrx_word' id='word_1_392' title='bbox 248 2864 297 2922; x_wconf 89' lang='lat' dir='ltr'><strong>bio</strong></span> <span class='ocrx_word' id='word_1_393' title='bbox 312 2866 462 2933; x_wconf 85' lang='lat' dir='ltr'><strong>comitem,</strong></span> <span class='ocrx_word' id='word_1_394' title='bbox 477 2872 598 2940; x_wconf 83' lang='lat' dir='ltr'><strong>general</strong></span> <span class='ocrx_word' id='word_1_395' title='bbox 615 2869 694 2926; x_wconf 87' lang='lat' dir='ltr'><strong>necis</strong></span> <span class='ocrx_word' id='word_1_396' title='bbox 719 2869 798 2942; x_wconf 86' lang='lat' dir='ltr'><strong>optio</strong></span> <span class='ocrx_word' id='word_1_397' title='bbox 820 2871 913 2943; x_wconf 89' lang='lat' dir='ltr'><strong>litem,</strong></span> <span class='ocrx_word' id='word_1_398' title='bbox 965 2869 1096 2944; x_wconf 72' lang='lat' dir='ltr'><strong>Martyrii</strong></span> <span class='ocrx_word' id='word_1_399' title='bbox 1114 2869 1225 2941; x_wconf 89' lang='lat' dir='ltr'><strong>primos</strong></span> <span class='ocrx_word' id='word_1_400' title='bbox 1241 2867 1332 2924; x_wconf 82' lang='lat' dir='ltr'><strong>deciis</strong></span> <span class='ocrx_word' id='word_1_401' title='bbox 1348 2874 1377 2922; x_wconf 92' lang='lat' dir='ltr'><strong>ut</strong></span> <span class='ocrx_word' id='word_1_402' title='bbox 1394 2868 1545 2940; x_wconf 85' lang='lat' dir='ltr'><strong>conlingat</strong></span> <span class='ocrx_word' id='word_1_403' title='bbox 1559 2872 1589 2923; x_wconf 90' lang='lat' dir='ltr'><strong>et</strong></span> <span class='ocrx_word' id='word_1_404' title='bbox 1605 2869 1698 2927; x_wconf 86' lang='lat' dir='ltr'><strong>inrue.</strong></span> 
     </span>
    </p>

    <p class='ocr_par' dir='ltr' id='par_1_30' title="bbox 91 2953 1789 3028">
     <span class='ocr_line' id='line_1_31' title="bbox 91 2953 1789 3028; baseline 0.003 -16"><span class='ocrx_word' id='word_1_405' title='bbox 91 2955 127 3012; x_wconf 70' lang='lat' dir='ltr'><strong>tit</strong></span> <span class='ocrx_word' id='word_1_406' title='bbox 143 2953 372 3012; x_wconf 82' lang='lat' dir='ltr'><strong>doletexsurtem</strong></span> <span class='ocrx_word' id='word_1_407' title='bbox 388 2954 525 3028; x_wconf 88' lang='lat' dir='ltr'><strong>quisquis</strong></span> <span class='ocrx_word' id='word_1_408' title='bbox 542 2973 599 3012; x_wconf 92' lang='lat' dir='ltr'><strong>non</strong></span> <span class='ocrx_word' id='word_1_409' title='bbox 615 2967 876 3018; x_wconf 88' lang='lat' dir='ltr'><strong>sumeremortem.</strong></span> <span class='ocrx_word' id='word_1_410' title='bbox 1001 2962 1095 3016; x_wconf 82' lang='lat' dir='ltr'><strong>Cissei</strong></span> <span class='ocrx_word' id='word_1_411' title='bbox 1110 2965 1143 3015; x_wconf 92' lang='lat' dir='ltr'><strong>ut</strong></span> <span class='ocrx_word' id='word_1_412' title='bbox 1158 2956 1399 3015; x_wconf 88' lang='lat' dir='ltr'><strong>adletbumvidet</strong></span> <span class='ocrx_word' id='word_1_413' title='bbox 1418 2972 1504 3013; x_wconf 90' lang='lat' dir='ltr'><strong>umus</strong></span> <span class='ocrx_word' id='word_1_414' title='bbox 1527 2959 1649 3013; x_wconf 87' lang='lat' dir='ltr'><strong>tendere</strong></span> <span class='ocrx_word' id='word_1_415' title='bbox 1664 2965 1789 3025; x_wconf 79' lang='lat' dir='ltr'><strong>ceron.</strong></span> 
     </span>
    </p>

    <p class='ocr_par' dir='ltr' id='par_1_31' title="bbox 90 3045 1594 3119">
     <span class='ocr_line' id='line_1_32' title="bbox 90 3045 1594 3119; baseline 0 -17"><span class='ocrx_word' id='word_1_416' title='bbox 90 3045 145 3111; x_wconf 82' lang='lat' dir='ltr'><strong>Qui</strong></span> <span class='ocrx_word' id='word_1_417' title='bbox 161 3048 220 3100; x_wconf 88' lang='lat' dir='ltr'><strong>stet</strong></span> <span class='ocrx_word' id='word_1_418' title='bbox 236 3049 302 3117; x_wconf 87' lang='lat' dir='ltr'><strong>post</strong></span> <span class='ocrx_word' id='word_1_419' title='bbox 316 3061 437 3113; x_wconf 88' lang='lat' dir='ltr'><strong>nonum,</strong></span> <span class='ocrx_word' id='word_1_420' title='bbox 455 3050 536 3117; x_wconf 87' lang='lat' dir='ltr'><strong>putat</strong></span> <span class='ocrx_word' id='word_1_421' title='bbox 552 3046 657 3119; x_wconf 86' lang='lat' dir='ltr'><strong>ingene</strong></span> <span class='ocrx_word' id='word_1_422' title='bbox 668 3049 912 3108; x_wconf 87' lang='lat' dir='ltr'><strong>sumeredonum.</strong></span> <span class='ocrx_word' id='word_1_423' title='bbox 971 3052 990 3106; x_wconf 83' lang='lat' dir='ltr'><strong>t</strong></span> <span class='ocrx_word' id='word_1_424' title='bbox 1006 3046 1093 3106; x_wconf 89' lang='lat' dir='ltr'><strong>solito</strong></span> <span class='ocrx_word' id='word_1_425' title='bbox 1106 3049 1196 3117; x_wconf 87' lang='lat' dir='ltr'><strong>cultu,</strong></span> <span class='ocrx_word' id='word_1_426' title='bbox 1212 3045 1293 3102; x_wconf 93' lang='lat' dir='ltr'><strong>nullo</strong></span> <span class='ocrx_word' id='word_1_427' title='bbox 1307 3046 1437 3102; x_wconf 89' lang='lat' dir='ltr'><strong>titubare</strong></span> <span class='ocrx_word' id='word_1_428' title='bbox 1453 3046 1594 3117; x_wconf 92' lang='lat' dir='ltr'><strong>tumultu,</strong></span> 
     </span>
    </p>

    <p class='ocr_par' dir='ltr' id='par_1_32' title="bbox 90 3134 1796 3212">
     <span class='ocr_line' id='line_1_33' title="bbox 90 3134 1796 3212; baseline 0 -18"><span class='ocrx_word' id='word_1_429' title='bbox 90 3136 146 3194; x_wconf 80' lang='lat' dir='ltr'><strong>&#39;ier</strong></span> <span class='ocrx_word' id='word_1_430' title='bbox 159 3136 254 3191; x_wconf 90' lang='lat' dir='ltr'><strong>tribus</strong></span> <span class='ocrx_word' id='word_1_431' title='bbox 270 3135 420 3205; x_wconf 81' lang='lat' dir='ltr'><strong>expositis,</strong></span> <span class='ocrx_word' id='word_1_432' title='bbox 437 3153 493 3193; x_wconf 92' lang='lat' dir='ltr'><strong>non</strong></span> <span class='ocrx_word' id='word_1_433' title='bbox 510 3145 553 3193; x_wconf 90' lang='lat' dir='ltr'><strong>est</strong></span> <span class='ocrx_word' id='word_1_434' title='bbox 567 3137 667 3194; x_wconf 82' lang='lat' dir='ltr'><strong>dilatio</strong></span> <span class='ocrx_word' id='word_1_435' title='bbox 684 3138 691 3174; x_wconf 86' lang='lat'>¹</span> <span class='ocrx_word' id='word_1_436' title='bbox 709 3140 822 3195; x_wconf 87' lang='lat' dir='ltr'><strong>mortis.</strong></span> <span class='ocrx_word' id='word_1_437' title='bbox 969 3137 1099 3212; x_wconf 82' lang='lat' dir='ltr'><strong>Plusque</strong></span> <span class='ocrx_word' id='word_1_438' title='bbox 1113 3152 1165 3211; x_wconf 89' lang='lat' dir='ltr'><strong>per</strong></span> <span class='ocrx_word' id='word_1_439' title='bbox 1178 3152 1262 3192; x_wconf 88' lang='lat' dir='ltr'><strong>erma</strong></span> <span class='ocrx_word' id='word_1_440' title='bbox 1273 3135 1450 3208; x_wconf 89' lang='lat' dir='ltr'><strong>mori,quem</strong></span> <span class='ocrx_word' id='word_1_441' title='bbox 1467 3136 1568 3191; x_wconf 89' lang='lat' dir='ltr'><strong>cedere</strong></span> <span class='ocrx_word' id='word_1_442' title='bbox 1582 3134 1659 3192; x_wconf 85' lang='lat' dir='ltr'><strong>velle</strong></span> <span class='ocrx_word' id='word_1_443' title='bbox 1687 3138 1796 3208; x_wconf 82' lang='lat' dir='ltr'><strong>pavori,</strong></span> 
     </span>
    </p>

    <p class='ocr_par' dir='ltr' id='par_1_33' title="bbox 93 3225 1795 3299">
     <span class='ocr_line' id='line_1_34' title="bbox 93 3225 1795 3299; baseline 0.002 -15"><span class='ocrx_word' id='word_1_444' title='bbox 93 3225 144 3284; x_wconf 83' lang='lat' dir='ltr'><strong>lile</strong></span> <span class='ocrx_word' id='word_1_445' title='bbox 160 3225 211 3281; x_wconf 78' lang='lat' dir='ltr'><strong>sod</strong></span> <span class='ocrx_word' id='word_1_446' title='bbox 228 3231 344 3283; x_wconf 78' lang='lat' dir='ltr'><strong>exsulat</strong></span> <span class='ocrx_word' id='word_1_447' title='bbox 357 3241 444 3297; x_wconf 84' lang='lat' dir='ltr'><strong>quent</strong></span> <span class='ocrx_word' id='word_1_448' title='bbox 457 3242 523 3282; x_wconf 89' lang='lat' dir='ltr'><strong>ninii</strong></span> <span class='ocrx_word' id='word_1_449' title='bbox 537 3227 693 3284; x_wconf 86' lang='lat' dir='ltr'><strong>decimatio</strong></span> <span class='ocrx_word' id='word_1_450' title='bbox 707 3227 825 3287; x_wconf 89' lang='lat' dir='ltr'><strong>multet.</strong></span> <span class='ocrx_word' id='word_1_451' title='bbox 969 3227 1031 3288; x_wconf 83' lang='lat' dir='ltr'><strong>lion</strong></span> <span class='ocrx_word' id='word_1_452' title='bbox 1048 3243 1203 3285; x_wconf 84' lang='lat' dir='ltr'><strong>numerare</strong></span> <span class='ocrx_word' id='word_1_453' title='bbox 1219 3231 1311 3298; x_wconf 86' lang='lat' dir='ltr'><strong>paret,</strong></span> <span class='ocrx_word' id='word_1_454' title='bbox 1322 3242 1398 3299; x_wconf 92' lang='lat' dir='ltr'><strong>quos</strong></span> <span class='ocrx_word' id='word_1_455' title='bbox 1415 3228 1521 3282; x_wconf 83' lang='lat' dir='ltr'><strong>trustra</strong></span> <span class='ocrx_word' id='word_1_456' title='bbox 1537 3227 1581 3282; x_wconf 89' lang='lat' dir='ltr'><strong>bis</strong></span> <span class='ocrx_word' id='word_1_457' title='bbox 1610 3232 1795 3287; x_wconf 77' lang='lat' dir='ltr'><strong>numerarat</strong></span> 
     </span>
    </p>

    <p class='ocr_par' dir='ltr' id='par_1_34' title="bbox 76 3302 1592 3390">
     <span class='ocr_line' id='line_1_35' title="bbox 76 3302 1592 3390; baseline 0.001 -21"><span class='ocrx_word' id='word_1_458' title='bbox 76 3302 223 3371; x_wconf 74' lang='lat' dir='ltr'><strong>&#39;sitirent</strong></span> <span class='ocrx_word' id='word_1_459' title='bbox 239 3314 313 3382; x_wconf 85' lang='lat' dir='ltr'><strong>iteri,</strong></span> <span class='ocrx_word' id='word_1_460' title='bbox 328 3314 457 3370; x_wconf 88' lang='lat' dir='ltr'><strong>decimus</strong></span> <span class='ocrx_word' id='word_1_461' title='bbox 473 3315 555 3387; x_wconf 90' lang='lat' dir='ltr'><strong>cupit</strong></span> <span class='ocrx_word' id='word_1_462' title='bbox 568 3316 664 3373; x_wconf 90' lang='lat' dir='ltr'><strong>omnis</strong></span> <span class='ocrx_word' id='word_1_463' title='bbox 680 3317 793 3376; x_wconf 87' lang='lat' dir='ltr'><strong>baberi.</strong></span> <span class='ocrx_word' id='word_1_464' title='bbox 969 3318 1025 3377; x_wconf 81' lang='lat' dir='ltr'><strong>Sed</strong></span> <span class='ocrx_word' id='word_1_465' title='bbox 1043 3318 1154 3390; x_wconf 87' lang='lat' dir='ltr'><strong>parites</strong></span> <span class='ocrx_word' id='word_1_466' title='bbox 1169 3315 1237 3374; x_wconf 89' lang='lat' dir='ltr'><strong>lidsi</strong></span> <span class='ocrx_word' id='word_1_467' title='bbox 1253 3313 1304 3370; x_wconf 90' lang='lat' dir='ltr'><strong>toti</strong></span> <span class='ocrx_word' id='word_1_468' title='bbox 1320 3315 1398 3388; x_wconf 89' lang='lat' dir='ltr'><strong>quod</strong></span> <span class='ocrx_word' id='word_1_469' title='bbox 1416 3315 1493 3371; x_wconf 90' lang='lat' dir='ltr'><strong>inest</strong></span> <span class='ocrx_word' id='word_1_470' title='bbox 1509 3314 1592 3384; x_wconf 85' lang='lat' dir='ltr'><strong>aciei,</strong></span> 
     </span>
    </p>

    <p class='ocr_par' dir='ltr' id='par_1_35' title="bbox 92 3403 1717 3479">
     <span class='ocr_line' id='line_1_36' title="bbox 92 3403 1717 3479; baseline 0.003 -22"><span class='ocrx_word' id='word_1_471' title='bbox 92 3403 145 3470; x_wconf 81' lang='lat' dir='ltr'><strong>oui</strong></span> <span class='ocrx_word' id='word_1_472' title='bbox 163 3407 287 3475; x_wconf 88' lang='lat' dir='ltr'><strong>pereunt</strong></span> <span class='ocrx_word' id='word_1_473' title='bbox 301 3403 418 3471; x_wconf 89' lang='lat' dir='ltr'><strong>decimi,</strong></span> <span class='ocrx_word' id='word_1_474' title='bbox 434 3404 557 3460; x_wconf 80' lang='lat' dir='ltr'><strong>veniunt</strong></span> <span class='ocrx_word' id='word_1_475' title='bbox 571 3405 606 3460; x_wconf 78' lang='lat' dir='ltr'><strong>ad</strong></span> <span class='ocrx_word' id='word_1_476' title='bbox 625 3407 745 3476; x_wconf 79' lang='lat' dir='ltr'><strong>premia</strong></span> <span class='ocrx_word' id='word_1_477' title='bbox 761 3405 859 3479; x_wconf 90' lang='lat' dir='ltr'><strong>primi.</strong></span> <span class='ocrx_word' id='word_1_478' title='bbox 969 3405 1107 3462; x_wconf 80' lang='lat' dir='ltr'><strong>Vindicat</strong></span> <span class='ocrx_word' id='word_1_479' title='bbox 1125 3405 1155 3460; x_wconf 93' lang='lat' dir='ltr'><strong>in</strong></span> <span class='ocrx_word' id='word_1_480' title='bbox 1171 3410 1242 3466; x_wconf 80' lang='lat' dir='ltr'><strong>tota,</strong></span> <span class='ocrx_word' id='word_1_481' title='bbox 1259 3403 1374 3459; x_wconf 90' lang='lat' dir='ltr'><strong>numeri</strong></span> <span class='ocrx_word' id='word_1_482' title='bbox 1391 3419 1480 3475; x_wconf 87' lang='lat' dir='ltr'><strong>quam</strong></span> <span class='ocrx_word' id='word_1_483' title='bbox 1494 3408 1573 3460; x_wconf 89' lang='lat' dir='ltr'><strong>sorta</strong></span> <span class='ocrx_word' id='word_1_484' title='bbox 1587 3409 1717 3473; x_wconf 67' lang='lat' dir='ltr'><strong>remon,</strong></span> 
     </span>
    </p>

    <p class='ocr_par' dir='ltr' id='par_1_36' title="bbox 90 3491 1566 3566">
     <span class='ocr_line' id='line_1_37' title="bbox 90 3491 1566 3566; baseline -0.001 -17"><span class='ocrx_word' id='word_1_485' title='bbox 90 3492 162 3550; x_wconf 82' lang='lat' dir='ltr'><strong>Cum</strong></span> <span class='ocrx_word' id='word_1_486' title='bbox 182 3508 231 3548; x_wconf 85' lang='lat' dir='ltr'><strong>sei</strong></span> <span class='ocrx_word' id='word_1_487' title='bbox 248 3493 382 3548; x_wconf 91' lang='lat' dir='ltr'><strong>centenis</strong></span> <span class='ocrx_word' id='word_1_488' title='bbox 396 3493 581 3566; x_wconf 86' lang='lat' dir='ltr'><strong>geminisque</strong></span> <span class='ocrx_word' id='word_1_489' title='bbox 592 3510 694 3550; x_wconf 87' lang='lat' dir='ltr'><strong>novem</strong></span> <span class='ocrx_word' id='word_1_490' title='bbox 708 3495 861 3566; x_wconf 87' lang='lat' dir='ltr'><strong>duodenis,</strong></span> <span class='ocrx_word' id='word_1_491' title='bbox 969 3494 1141 3552; x_wconf 82' lang='lat' dir='ltr'><strong>conditione</strong></span> <span class='ocrx_word' id='word_1_492' title='bbox 1156 3491 1218 3566; x_wconf 87' lang='lat' dir='ltr'><strong>pari</strong></span> <span class='ocrx_word' id='word_1_493' title='bbox 1229 3491 1361 3548; x_wconf 88' lang='lat' dir='ltr'><strong>decernit</strong></span> <span class='ocrx_word' id='word_1_494' title='bbox 1373 3493 1541 3549; x_wconf 82' lang='lat' dir='ltr'><strong>martillcari</strong></span> <span class='ocrx_word' id='word_1_495' title='bbox 1556 3506 1566 3562; x_wconf 67' lang='grc' dir='ltr'><strong>ς</strong></span> 
     </span>
    </p>

    <p class='ocr_par' dir='ltr' id='par_1_37' title="bbox 92 3581 1747 3656">
     <span class='ocr_line' id='line_1_38' title="bbox 92 3581 1747 3656; baseline 0.004 -22"><span class='ocrx_word' id='word_1_496' title='bbox 92 3584 224 3649; x_wconf 80' lang='lat' dir='ltr'><strong>ouatuor</strong></span> <span class='ocrx_word' id='word_1_497' title='bbox 238 3583 355 3648; x_wconf 87' lang='lat' dir='ltr'><strong>occisis,</strong></span> <span class='ocrx_word' id='word_1_498' title='bbox 371 3588 431 3638; x_wconf 83' lang='lat' dir='ltr'><strong>stet</strong></span> <span class='ocrx_word' id='word_1_499' title='bbox 447 3597 515 3654; x_wconf 85' lang='lat' dir='ltr'><strong>pars</strong></span> <span class='ocrx_word' id='word_1_500' title='bbox 532 3598 588 3638; x_wconf 93' lang='lat' dir='ltr'><strong>nnn</strong></span> <span class='ocrx_word' id='word_1_501' title='bbox 604 3582 704 3638; x_wconf 88' lang='lat' dir='ltr'><strong>territe</strong></span> <span class='ocrx_word' id='word_1_502' title='bbox 715 3583 800 3649; x_wconf 87' lang='lat' dir='ltr'><strong>visis,</strong></span> <span class='ocrx_word' id='word_1_503' title='bbox 970 3583 1122 3656; x_wconf 80' lang='lat' dir='ltr'><strong>Frenaque</strong></span> <span class='ocrx_word' id='word_1_504' title='bbox 1137 3586 1209 3638; x_wconf 83' lang='lat' dir='ltr'><strong>dene</strong></span> <span class='ocrx_word' id='word_1_505' title='bbox 1220 3581 1281 3649; x_wconf 89' lang='lat' dir='ltr'><strong>irre,</strong></span> <span class='ocrx_word' id='word_1_506' title='bbox 1295 3583 1379 3638; x_wconf 80' lang='lat' dir='ltr'><strong>velut</strong></span> <span class='ocrx_word' id='word_1_507' title='bbox 1394 3584 1429 3640; x_wconf 88' lang='lat' dir='ltr'><strong>ed</strong></span> <span class='ocrx_word' id='word_1_508' title='bbox 1447 3597 1574 3655; x_wconf 87' lang='lat' dir='ltr'><strong>pugnem</strong></span> <span class='ocrx_word' id='word_1_509' title='bbox 1595 3582 1687 3654; x_wconf 76' lang='lat' dir='ltr'><strong>jubet</strong></span> <span class='ocrx_word' id='word_1_510' title='bbox 1703 3583 1747 3641; x_wconf 90' lang='lat' dir='ltr'><strong>ire</strong></span> 
     </span>
    </p>

    <p class='ocr_par' dir='ltr' id='par_1_38' title="bbox 92 3670 1765 3748">
     <span class='ocr_line' id='line_1_39' title="bbox 92 3670 1765 3748; baseline 0.003 -23"><span class='ocrx_word' id='word_1_511' title='bbox 92 3671 186 3736; x_wconf 76' lang='lat' dir='ltr'><strong>Quem</strong></span> <span class='ocrx_word' id='word_1_512' title='bbox 202 3670 290 3726; x_wconf 87' lang='lat' dir='ltr'><strong>veluti</strong></span> <span class='ocrx_word' id='word_1_513' title='bbox 307 3672 439 3739; x_wconf 86' lang='lat' dir='ltr'><strong>ireotsm,</strong></span> <span class='ocrx_word' id='word_1_514' title='bbox 456 3672 617 3744; x_wconf 87' lang='lat' dir='ltr'><strong>mortisque</strong></span> <span class='ocrx_word' id='word_1_515' title='bbox 632 3676 713 3729; x_wconf 90' lang='lat' dir='ltr'><strong>metu</strong></span> <span class='ocrx_word' id='word_1_516' title='bbox 729 3671 914 3748; x_wconf 82' lang='lat' dir='ltr'><strong>lubslecleni,</strong></span> <span class='ocrx_word' id='word_1_517' title='bbox 970 3673 1012 3732; x_wconf 81' lang='lat' dir='ltr'><strong>ed</strong></span> <span class='ocrx_word' id='word_1_518' title='bbox 1027 3671 1169 3729; x_wconf 88' lang='lat' dir='ltr'><strong>comitum</strong></span> <span class='ocrx_word' id='word_1_519' title='bbox 1182 3677 1290 3728; x_wconf 88' lang='lat' dir='ltr'><strong>mortes</strong></span> <span class='ocrx_word' id='word_1_520' title='bbox 1305 3672 1379 3728; x_wconf 84' lang='lat' dir='ltr'><strong>tides</strong></span> <span class='ocrx_word' id='word_1_521' title='bbox 1395 3671 1463 3740; x_wconf 90' lang='lat' dir='ltr'><strong>sibi,</strong></span> <span class='ocrx_word' id='word_1_522' title='bbox 1479 3672 1584 3744; x_wconf 89' lang='lat' dir='ltr'><strong>disque</strong></span> <span class='ocrx_word' id='word_1_523' title='bbox 1610 3671 1765 3731; x_wconf 84' lang='lat' dir='ltr'><strong>cobortes.</strong></span> 
     </span>
    </p>

    <p class='ocr_par' dir='ltr' id='par_1_39' title="bbox 94 3759 1748 3834">
     <span class='ocr_line' id='line_1_40' title="bbox 94 3759 1748 3834; baseline 0.002 -20"><span class='ocrx_word' id='word_1_524' title='bbox 94 3760 174 3818; x_wconf 88' lang='lat' dir='ltr'><strong>Velle</strong></span> <span class='ocrx_word' id='word_1_525' title='bbox 185 3760 335 3827; x_wconf 85' lang='lat' dir='ltr'><strong>reservari,</strong></span> <span class='ocrx_word' id='word_1_526' title='bbox 353 3760 510 3834; x_wconf 86' lang='lat' dir='ltr'><strong>plusquam</strong></span> <span class='ocrx_word' id='word_1_527' title='bbox 526 3765 620 3818; x_wconf 88' lang='lat' dir='ltr'><strong>socios</strong></span> <span class='ocrx_word' id='word_1_528' title='bbox 637 3761 758 3832; x_wconf 85' lang='lat' dir='ltr'><strong>imitari,</strong></span> <span class='ocrx_word' id='word_1_529' title='bbox 970 3762 1031 3821; x_wconf 85' lang='lat' dir='ltr'><strong>Neu</strong></span> <span class='ocrx_word' id='word_1_530' title='bbox 1049 3761 1162 3817; x_wconf 87' lang='lat' dir='ltr'><strong>lacinus</strong></span> <span class='ocrx_word' id='word_1_531' title='bbox 1178 3759 1324 3829; x_wconf 81' lang='lat' dir='ltr'><strong>dubitent,</strong></span> <span class='ocrx_word' id='word_1_532' title='bbox 1342 3777 1397 3817; x_wconf 89' lang='lat' dir='ltr'><strong>neu</strong></span> <span class='ocrx_word' id='word_1_533' title='bbox 1414 3759 1504 3817; x_wconf 85' lang='lat' dir='ltr'><strong>cirion</strong></span> <span class='ocrx_word' id='word_1_534' title='bbox 1520 3759 1622 3832; x_wconf 80' lang='lat' dir='ltr'><strong>pretia</strong></span> <span class='ocrx_word' id='word_1_535' title='bbox 1637 3761 1748 3830; x_wconf 85' lang='lat' dir='ltr'><strong>vitent,</strong></span> 
     </span>
    </p>

    <p class='ocr_par' dir='ltr' id='par_1_40' title="bbox 95 3849 1733 3925">
     <span class='ocr_line' id='line_1_41' title="bbox 95 3849 1733 3925; baseline 0.002 -18"><span class='ocrx_word' id='word_1_536' title='bbox 95 3849 192 3907; x_wconf 79' lang='lat' dir='ltr'><strong>Cesar</strong></span> <span class='ocrx_word' id='word_1_537' title='bbox 204 3849 354 3919; x_wconf 87' lang='lat' dir='ltr'><strong>opinatur.</strong></span> <span class='ocrx_word' id='word_1_538' title='bbox 368 3849 457 3906; x_wconf 79' lang='lat' dir='ltr'><strong>iubet</strong></span> <span class='ocrx_word' id='word_1_539' title='bbox 472 3853 505 3906; x_wconf 91' lang='lat' dir='ltr'><strong>ut</strong></span> <span class='ocrx_word' id='word_1_540' title='bbox 515 3866 570 3905; x_wconf 91' lang='lat' dir='ltr'><strong>sue</strong></span> <span class='ocrx_word' id='word_1_541' title='bbox 581 3850 668 3921; x_wconf 84' lang='lat' dir='ltr'><strong>jussa</strong></span> <span class='ocrx_word' id='word_1_542' title='bbox 689 3858 841 3925; x_wconf 86' lang='lat' dir='ltr'><strong>sequatur,</strong></span> <span class='ocrx_word' id='word_1_543' title='bbox 972 3851 1094 3910; x_wconf 82' lang='lat' dir='ltr'><strong>Priemia</strong></span> <span class='ocrx_word' id='word_1_544' title='bbox 1108 3850 1246 3908; x_wconf 81' lang='lat' dir='ltr'><strong>cedentis</strong></span> <span class='ocrx_word' id='word_1_545' title='bbox 1261 3849 1389 3921; x_wconf 86' lang='lat' dir='ltr'><strong>spolium</strong></span> <span class='ocrx_word' id='word_1_546' title='bbox 1402 3850 1486 3921; x_wconf 76' lang='lat' dir='ltr'><strong>lubet</strong></span> <span class='ocrx_word' id='word_1_547' title='bbox 1500 3865 1566 3906; x_wconf 86' lang='lat' dir='ltr'><strong>esee</strong></span> <span class='ocrx_word' id='word_1_548' title='bbox 1583 3852 1733 3909; x_wconf 79' lang='lat' dir='ltr'><strong>radentis.</strong></span> 
     </span>
    </p>

    <p class='ocr_par' dir='ltr' id='par_1_41' title="bbox 95 3936 1749 4104">
     <span class='ocr_line' id='line_1_42' title="bbox 95 3936 1749 4015; baseline 0.003 -20"><span class='ocrx_word' id='word_1_549' title='bbox 95 3936 159 3995; x_wconf 80' lang='lat' dir='ltr'><strong>Sive</strong></span> <span class='ocrx_word' id='word_1_550' title='bbox 176 3937 369 4007; x_wconf 87' lang='lat' dir='ltr'><strong>reluctantur,</strong></span> <span class='ocrx_word' id='word_1_551' title='bbox 383 3936 396 3976; x_wconf 81' lang='lat'><strong>¹</strong></span> <span class='ocrx_word' id='word_1_552' title='bbox 411 3955 513 3995; x_wconf 87' lang='lat' dir='ltr'><strong>rursus</strong></span> <span class='ocrx_word' id='word_1_553' title='bbox 528 3940 633 3996; x_wconf 87' lang='lat' dir='ltr'><strong>decimi</strong></span> <span class='ocrx_word' id='word_1_554' title='bbox 650 3942 843 4012; x_wconf 85' lang='lat' dir='ltr'><strong>perimentur.</strong></span> <span class='ocrx_word' id='word_1_555' title='bbox 1007 3942 1074 4001; x_wconf 80' lang='lat' dir='ltr'><strong>Mox</strong></span> <span class='ocrx_word' id='word_1_556' title='bbox 1089 3947 1168 3998; x_wconf 88' lang='lat' dir='ltr'><strong>turor</strong></span> <span class='ocrx_word' id='word_1_557' title='bbox 1180 3940 1217 3999; x_wconf 87' lang='lat' dir='ltr'><strong>ed</strong></span> <span class='ocrx_word' id='word_1_558' title='bbox 1234 3958 1333 4014; x_wconf 81' lang='lat' dir='ltr'><strong>pesnas</strong></span> <span class='ocrx_word' id='word_1_559' title='bbox 1349 3940 1494 3997; x_wconf 88' lang='lat' dir='ltr'><strong>sociorum</strong></span> <span class='ocrx_word' id='word_1_560' title='bbox 1506 3939 1586 3997; x_wconf 83' lang='lat' dir='ltr'><strong>laxat</strong></span> <span class='ocrx_word' id='word_1_561' title='bbox 1596 3941 1749 4015; x_wconf 85' lang='lat' dir='ltr'><strong>bebenae,</strong></span> 
     </span>
     <span class='ocr_line' id='line_1_43' title="bbox 133 4026 1710 4104; baseline 0.003 -20"><span class='ocrx_word' id='word_1_562' title='bbox 133 4030 205 4084; x_wconf 83' lang='lat' dir='ltr'><strong>liinc</strong></span> <span class='ocrx_word' id='word_1_563' title='bbox 221 4027 381 4099; x_wconf 77' lang='lat' dir='ltr'><strong>Exuperius</strong></span> <span class='ocrx_word' id='word_1_564' title='bbox 393 4026 518 4099; x_wconf 87' lang='lat' dir='ltr'><strong>legionis</strong></span> <span class='ocrx_word' id='word_1_565' title='bbox 533 4028 656 4100; x_wconf 78' lang='lat' dir='ltr'><strong>signiter</strong></span> <span class='ocrx_word' id='word_1_566' title='bbox 671 4047 759 4100; x_wconf 92' lang='lat' dir='ltr'><strong>unus,</strong></span> <span class='ocrx_word' id='word_1_567' title='bbox 971 4037 1026 4089; x_wconf 78' lang='lat' dir='ltr'><strong>Peu</strong></span> <span class='ocrx_word' id='word_1_568' title='bbox 1040 4048 1093 4104; x_wconf 87' lang='lat' dir='ltr'><strong>epe</strong></span> <span class='ocrx_word' id='word_1_569' title='bbox 1107 4030 1250 4088; x_wconf 86' lang='lat' dir='ltr'><strong>mercedis</strong></span> <span class='ocrx_word' id='word_1_570' title='bbox 1266 4036 1456 4087; x_wconf 88' lang='lat' dir='ltr'><strong>contemnens</strong></span> <span class='ocrx_word' id='word_1_571' title='bbox 1467 4029 1591 4085; x_wconf 90' lang='lat' dir='ltr'><strong>crimine</strong></span> <span class='ocrx_word' id='word_1_572' title='bbox 1605 4030 1710 4088; x_wconf 74' lang='lat' dir='ltr'><strong>credis.</strong></span> 
     </span>
    </p>

    <p class='ocr_par' dir='ltr' id='par_1_42' title="bbox 95 4115 1805 4194">
     <span class='ocr_line' id='line_1_44' title="bbox 95 4115 1805 4194; baseline 0.002 -19"><span class='ocrx_word' id='word_1_573' title='bbox 95 4116 183 4191; x_wconf 83' lang='lat' dir='ltr'><strong>Regis</strong></span> <span class='ocrx_word' id='word_1_574' title='bbox 197 4115 281 4182; x_wconf 78' lang='lat' dir='ltr'><strong>sigua</strong></span> <span class='ocrx_word' id='word_1_575' title='bbox 293 4132 408 4190; x_wconf 88' lang='lat' dir='ltr'><strong>gerens,</strong></span> <span class='ocrx_word' id='word_1_576' title='bbox 423 4116 474 4173; x_wconf 90' lang='lat' dir='ltr'><strong>sed</strong></span> <span class='ocrx_word' id='word_1_577' title='bbox 492 4133 549 4173; x_wconf 94' lang='lat' dir='ltr'><strong>non</strong></span> <span class='ocrx_word' id='word_1_578' title='bbox 564 4132 599 4173; x_wconf 85' lang='lat' dir='ltr'><strong>en</strong></span> <span class='ocrx_word' id='word_1_579' title='bbox 611 4117 623 4154; x_wconf 79' lang='lat'>⁸</span> <span class='ocrx_word' id='word_1_580' title='bbox 637 4120 755 4190; x_wconf 80' lang='lat' dir='ltr'><strong>premia</strong></span> <span class='ocrx_word' id='word_1_581' title='bbox 769 4136 915 4194; x_wconf 79' lang='lat' dir='ltr'><strong>querens.</strong></span> <span class='ocrx_word' id='word_1_582' title='bbox 972 4121 1027 4188; x_wconf 84' lang='lat' dir='ltr'><strong>Qui</strong></span> <span class='ocrx_word' id='word_1_583' title='bbox 1042 4121 1108 4177; x_wconf 88' lang='lat' dir='ltr'><strong>licet</strong></span> <span class='ocrx_word' id='word_1_584' title='bbox 1120 4136 1203 4177; x_wconf 84' lang='lat' dir='ltr'><strong>arma</strong></span> <span class='ocrx_word' id='word_1_585' title='bbox 1219 4120 1323 4188; x_wconf 84' lang='lat' dir='ltr'><strong>lerant,</strong></span> <span class='ocrx_word' id='word_1_586' title='bbox 1339 4135 1406 4175; x_wconf 89' lang='lat' dir='ltr'><strong>uum</strong></span> <span class='ocrx_word' id='word_1_587' title='bbox 1424 4136 1480 4176; x_wconf 91' lang='lat' dir='ltr'><strong>oon</strong></span> <span class='ocrx_word' id='word_1_588' title='bbox 1497 4119 1620 4175; x_wconf 85' lang='lat' dir='ltr'><strong>evadere</strong></span> <span class='ocrx_word' id='word_1_589' title='bbox 1650 4125 1805 4193; x_wconf 73' lang='lat' dir='ltr'><strong>quierunt,</strong></span> 
     </span>
    </p>

    <p class='ocr_par' dir='ltr' id='par_1_43' title="bbox 93 4206 1768 4283">
     <span class='ocr_line' id='line_1_45' title="bbox 93 4206 1768 4283; baseline 0 -17"><span class='ocrx_word' id='word_1_590' title='bbox 93 4207 171 4266; x_wconf 86' lang='lat' dir='ltr'><strong>Perti</strong></span> <span class='ocrx_word' id='word_1_591' title='bbox 187 4223 251 4280; x_wconf 85' lang='lat' dir='ltr'><strong>quei</strong></span> <span class='ocrx_word' id='word_1_592' title='bbox 265 4211 355 4262; x_wconf 86' lang='lat' dir='ltr'><strong>restat</strong></span> <span class='ocrx_word' id='word_1_593' title='bbox 370 4207 447 4262; x_wconf 83' lang='lat' dir='ltr'><strong>vires</strong></span> <span class='ocrx_word' id='word_1_594' title='bbox 460 4207 496 4262; x_wconf 88' lang='lat' dir='ltr'><strong>ed</strong></span> <span class='ocrx_word' id='word_1_595' title='bbox 512 4206 634 4264; x_wconf 86' lang='lat' dir='ltr'><strong>vulnere</strong></span> <span class='ocrx_word' id='word_1_596' title='bbox 650 4213 779 4280; x_wconf 74' lang='lat' dir='ltr'><strong>prestet.</strong></span> <span class='ocrx_word' id='word_1_597' title='bbox 971 4210 1030 4268; x_wconf 88' lang='lat' dir='ltr'><strong>Neu</strong></span> <span class='ocrx_word' id='word_1_598' title='bbox 1044 4209 1153 4283; x_wconf 88' lang='lat' dir='ltr'><strong>tegitur</strong></span> <span class='ocrx_word' id='word_1_599' title='bbox 1166 4225 1268 4280; x_wconf 86' lang='lat' dir='ltr'><strong>parma</strong></span> <span class='ocrx_word' id='word_1_600' title='bbox 1282 4208 1452 4280; x_wconf 68' lang='lat' dir='ltr'><strong>quisquam,</strong></span> <span class='ocrx_word' id='word_1_601' title='bbox 1469 4223 1522 4264; x_wconf 92' lang='lat' dir='ltr'><strong>nec</strong></span> <span class='ocrx_word' id='word_1_602' title='bbox 1536 4206 1640 4279; x_wconf 82' lang='lat' dir='ltr'><strong>dirigit</strong></span> <span class='ocrx_word' id='word_1_603' title='bbox 1655 4225 1745 4266; x_wconf 80' lang='lat' dir='ltr'><strong>arms</strong></span> <span class='ocrx_word' id='word_1_604' title='bbox 1759 4226 1768 4278; x_wconf 90' lang='lat'>;</span> 
     </span>
    </p>

    <p class='ocr_par' dir='ltr' id='par_1_44' title="bbox 91 4294 1616 4370">
     <span class='ocr_line' id='line_1_46' title="bbox 91 4294 1616 4370; baseline -0.001 -16"><span class='ocrx_word' id='word_1_605' title='bbox 91 4296 169 4354; x_wconf 87' lang='lat' dir='ltr'><strong>Dum</strong></span> <span class='ocrx_word' id='word_1_606' title='bbox 183 4296 225 4351; x_wconf 91' lang='lat' dir='ltr'><strong>sic</strong></span> <span class='ocrx_word' id='word_1_607' title='bbox 241 4294 374 4351; x_wconf 83' lang='lat' dir='ltr'><strong>bortatur</strong></span> <span class='ocrx_word' id='word_1_608' title='bbox 389 4312 424 4352; x_wconf 91' lang='lat' dir='ltr'><strong>ne</strong></span> <span class='ocrx_word' id='word_1_609' title='bbox 440 4296 619 4369; x_wconf 89' lang='lat' dir='ltr'><strong>supplicium</strong></span> <span class='ocrx_word' id='word_1_610' title='bbox 641 4297 789 4368; x_wconf 89' lang='lat' dir='ltr'><strong>timeatur,</strong></span> <span class='ocrx_word' id='word_1_611' title='bbox 972 4299 1027 4356; x_wconf 78' lang='lat' dir='ltr'><strong>Sed</strong></span> <span class='ocrx_word' id='word_1_612' title='bbox 1044 4297 1151 4354; x_wconf 83' lang='lat' dir='ltr'><strong>similia</strong></span> <span class='ocrx_word' id='word_1_613' title='bbox 1164 4297 1260 4370; x_wconf 80' lang='lat' dir='ltr'><strong>peruri</strong></span> <span class='ocrx_word' id='word_1_614' title='bbox 1275 4295 1416 4369; x_wconf 77' lang='lat' dir='ltr'><strong>patientie</strong></span> <span class='ocrx_word' id='word_1_615' title='bbox 1428 4301 1510 4353; x_wconf 90' lang='lat' dir='ltr'><strong>mule</strong></span> <span class='ocrx_word' id='word_1_616' title='bbox 1525 4296 1616 4353; x_wconf 88' lang='lat' dir='ltr'><strong>lurori</strong></span> 
     </span>
    </p>

    <p class='ocr_par' dir='ltr' id='par_1_45' title="bbox 93 4382 1803 4462">
     <span class='ocr_line' id='line_1_47' title="bbox 93 4382 1803 4462; baseline 0.003 -22"><span class='ocrx_word' id='word_1_617' title='bbox 93 4385 173 4452; x_wconf 80' lang='lat' dir='ltr'><strong>Quod</strong></span> <span class='ocrx_word' id='word_1_618' title='bbox 190 4400 248 4440; x_wconf 90' lang='lat' dir='ltr'><strong>non</strong></span> <span class='ocrx_word' id='word_1_619' title='bbox 259 4384 413 4440; x_wconf 80' lang='lat' dir='ltr'><strong>tormentis</strong></span> <span class='ocrx_word' id='word_1_620' title='bbox 428 4382 512 4441; x_wconf 84' lang='lat' dir='ltr'><strong>cedit</strong></span> <span class='ocrx_word' id='word_1_621' title='bbox 526 4387 692 4442; x_wconf 86' lang='lat' dir='ltr'><strong>constantie</strong></span> <span class='ocrx_word' id='word_1_622' title='bbox 709 4387 817 4444; x_wconf 87' lang='lat' dir='ltr'><strong>mentis</strong></span> <span class='ocrx_word' id='word_1_623' title='bbox 832 4405 841 4447; x_wconf 79' lang='lat' dir='ltr'><strong>r</strong></span> <span class='ocrx_word' id='word_1_624' title='bbox 972 4389 1112 4461; x_wconf 74' lang='lat' dir='ltr'><strong>subjacet</strong></span> <span class='ocrx_word' id='word_1_625' title='bbox 1125 4387 1249 4460; x_wconf 86' lang='lat' dir='ltr'><strong>abjectis</strong></span> <span class='ocrx_word' id='word_1_626' title='bbox 1264 4386 1383 4458; x_wconf 78' lang='lat' dir='ltr'><strong>clypeis,</strong></span> <span class='ocrx_word' id='word_1_627' title='bbox 1396 4386 1570 4459; x_wconf 77' lang='lat' dir='ltr'><strong>jugulisque</strong></span> <span class='ocrx_word' id='word_1_628' title='bbox 1585 4387 1708 4459; x_wconf 82' lang='lat' dir='ltr'><strong>rejectis</strong></span> <span class='ocrx_word' id='word_1_629' title='bbox 1719 4390 1803 4462; x_wconf 72' lang='lat' dir='ltr'><strong>[ise-</strong></span> 
     </span>
    </p>
   </div>
   <div class='ocr_carea' id='block_1_3' title="bbox 92 4448 1806 4996">
    <p class='ocr_par' dir='ltr' id='par_1_46' title="bbox 92 4448 1806 4996">
     <span class='ocr_line' id='line_1_48' title="bbox 92 4448 1789 4552; baseline 0.001 -22"><span class='ocrx_word' id='word_1_630' title='bbox 92 4471 239 4530; x_wconf 80' lang='lat' dir='ltr'><strong>Hactenus</strong></span> <span class='ocrx_word' id='word_1_631' title='bbox 255 4472 389 4537; x_wconf 87' lang='lat' dir='ltr'><strong>audistis,</strong></span> <span class='ocrx_word' id='word_1_632' title='bbox 405 4488 481 4528; x_wconf 90' lang='lat' dir='ltr'><strong>nuno</strong></span> <span class='ocrx_word' id='word_1_633' title='bbox 498 4488 615 4529; x_wconf 88' lang='lat' dir='ltr'><strong>cernere</strong></span> <span class='ocrx_word' id='word_1_634' title='bbox 631 4476 846 4546; x_wconf 88' lang='lat' dir='ltr'><strong>promeruistis.</strong></span> <span class='ocrx_word' id='word_1_635' title='bbox 932 4448 956 4515; x_wconf 71' lang='lat'>⁰</span> <span class='ocrx_word' id='word_1_636' title='bbox 1671 4477 1789 4552; x_wconf 85' lang='lat' dir='ltr'><strong>[tectis]</strong></span> 
     </span>
     <span class='ocr_line' id='line_1_49' title="bbox 93 4560 1803 4639; baseline 0.002 -21"><span class='ocrx_word' id='word_1_637' title='bbox 93 4561 122 4618; x_wconf 79' lang='lat' dir='ltr'><strong>tii</strong></span> <span class='ocrx_word' id='word_1_638' title='bbox 142 4560 175 4635; x_wconf 67' lang='lat' dir='ltr'><strong>[t.</strong></span> <span class='ocrx_word' id='word_1_639' title='bbox 191 4560 244 4634; x_wconf 75' lang='lat' dir='ltr'><strong>liii]</strong></span> <span class='ocrx_word' id='word_1_640' title='bbox 259 4566 382 4617; x_wconf 87' lang='lat' dir='ltr'><strong>comites</strong></span> <span class='ocrx_word' id='word_1_641' title='bbox 398 4561 484 4617; x_wconf 85' lang='lat' dir='ltr'><strong>vestri</strong></span> <span class='ocrx_word' id='word_1_642' title='bbox 503 4562 564 4618; x_wconf 87' lang='lat' dir='ltr'><strong>lieri</strong></span> <span class='ocrx_word' id='word_1_643' title='bbox 582 4577 715 4620; x_wconf 86' lang='lat' dir='ltr'><strong>meruere</strong></span> <span class='ocrx_word' id='word_1_644' title='bbox 731 4564 877 4638; x_wconf 88' lang='lat' dir='ltr'><strong>magistri.</strong></span> <span class='ocrx_word' id='word_1_645' title='bbox 969 4566 1027 4625; x_wconf 87' lang='lat' dir='ltr'><strong>Nee</strong></span> <span class='ocrx_word' id='word_1_646' title='bbox 1042 4564 1149 4639; x_wconf 84' lang='lat' dir='ltr'><strong>gladiis</strong></span> <span class='ocrx_word' id='word_1_647' title='bbox 1163 4563 1267 4621; x_wconf 88' lang='lat' dir='ltr'><strong>debent</strong></span> <span class='ocrx_word' id='word_1_648' title='bbox 1283 4562 1579 4635; x_wconf 70' lang='lat' dir='ltr'><strong>moderationique</strong></span> <span class='ocrx_word' id='word_1_649' title='bbox 1587 4564 1646 4620; x_wconf 90' lang='lat' dir='ltr'><strong>sibi</strong></span> <span class='ocrx_word' id='word_1_650' title='bbox 1656 4568 1803 4637; x_wconf 77' lang='lat' dir='ltr'><strong>praebent,</strong></span> 
     </span>
     <span class='ocr_line' id='line_1_50' title="bbox 93 4649 1806 4727; baseline 0.005 -24"><span class='ocrx_word' id='word_1_651' title='bbox 93 4653 113 4703; x_wconf 87' lang='grc' dir='ltr'><strong>Δ</strong></span> <span class='ocrx_word' id='word_1_652' title='bbox 127 4665 252 4720; x_wconf 92' lang='lat' dir='ltr'><strong>quorum</strong></span> <span class='ocrx_word' id='word_1_653' title='bbox 266 4649 375 4705; x_wconf 83' lang='lat' dir='ltr'><strong>meritis</strong></span> <span class='ocrx_word' id='word_1_654' title='bbox 392 4664 426 4704; x_wconf 89' lang='lat' dir='ltr'><strong>ne</strong></span> <span class='ocrx_word' id='word_1_655' title='bbox 437 4650 614 4721; x_wconf 85' lang='lat' dir='ltr'><strong>degenerare</strong></span> <span class='ocrx_word' id='word_1_656' title='bbox 628 4652 735 4710; x_wconf 87' lang='lat' dir='ltr'><strong>velitis.</strong></span> <span class='ocrx_word' id='word_1_657' title='bbox 969 4656 1080 4714; x_wconf 88' lang='lat' dir='ltr'><strong>lctibus</strong></span> <span class='ocrx_word' id='word_1_658' title='bbox 1093 4655 1105 4690; x_wconf 77' lang='lat'>⁷</span> <span class='ocrx_word' id='word_1_659' title='bbox 1119 4653 1247 4726; x_wconf 83' lang='lat' dir='ltr'><strong>aptando</strong></span> <span class='ocrx_word' id='word_1_660' title='bbox 1259 4653 1406 4725; x_wconf 73' lang='lat' dir='ltr'><strong>iugulum,</strong></span> <span class='ocrx_word' id='word_1_661' title='bbox 1418 4653 1612 4726; x_wconf 88' lang='lat' dir='ltr'><strong>gladiumque</strong></span> <span class='ocrx_word' id='word_1_662' title='bbox 1623 4659 1806 4727; x_wconf 87' lang='lat' dir='ltr'><strong>premendo.</strong></span> 
     </span>
     <span class='ocr_line' id='line_1_51' title="bbox 92 4738 1805 4818; baseline 0.005 -24"><span class='ocrx_word' id='word_1_663' title='bbox 92 4738 148 4794; x_wconf 85' lang='lat' dir='ltr'><strong>Sed</strong></span> <span class='ocrx_word' id='word_1_664' title='bbox 164 4738 285 4794; x_wconf 87' lang='lat' dir='ltr'><strong>retinete</strong></span> <span class='ocrx_word' id='word_1_665' title='bbox 301 4738 400 4806; x_wconf 85' lang='lat' dir='ltr'><strong>iidem,</strong></span> <span class='ocrx_word' id='word_1_666' title='bbox 416 4741 568 4813; x_wconf 88' lang='lat' dir='ltr'><strong>contingat</strong></span> <span class='ocrx_word' id='word_1_667' title='bbox 583 4746 615 4796; x_wconf 92' lang='lat' dir='ltr'><strong>ut</strong></span> <span class='ocrx_word' id='word_1_668' title='bbox 629 4741 724 4800; x_wconf 85' lang='lat' dir='ltr'><strong>exitus</strong></span> <span class='ocrx_word' id='word_1_669' title='bbox 740 4744 827 4801; x_wconf 87' lang='lat' dir='ltr'><strong>idem.</strong></span> <span class='ocrx_word' id='word_1_670' title='bbox 969 4749 1108 4818; x_wconf 85' lang='lat' dir='ltr'><strong>Prompta</strong></span> <span class='ocrx_word' id='word_1_671' title='bbox 1123 4759 1228 4799; x_wconf 87' lang='lat' dir='ltr'><strong>manus</strong></span> <span class='ocrx_word' id='word_1_672' title='bbox 1243 4742 1357 4811; x_wconf 89' lang='lat' dir='ltr'><strong>sceleri,</strong></span> <span class='ocrx_word' id='word_1_673' title='bbox 1370 4742 1501 4815; x_wconf 88' lang='lat' dir='ltr'><strong>nullique</strong></span> <span class='ocrx_word' id='word_1_674' title='bbox 1526 4742 1629 4800; x_wconf 85' lang='lat' dir='ltr'><strong>rolens</strong></span> <span class='ocrx_word' id='word_1_675' title='bbox 1651 4745 1805 4814; x_wconf 85' lang='lat' dir='ltr'><strong>misereri,</strong></span> 
     </span>
     <span class='ocr_line' id='line_1_52' title="bbox 92 4826 1769 4906; baseline 0.007 -22"><span class='ocrx_word' id='word_1_676' title='bbox 92 4826 171 4884; x_wconf 83' lang='lat' dir='ltr'><strong>Neve</strong></span> <span class='ocrx_word' id='word_1_677' title='bbox 186 4827 330 4884; x_wconf 85' lang='lat' dir='ltr'><strong>resistetis</strong></span> <span class='ocrx_word' id='word_1_678' title='bbox 346 4844 461 4899; x_wconf 88' lang='lat' dir='ltr'><strong>moneo,</strong></span> <span class='ocrx_word' id='word_1_679' title='bbox 476 4828 547 4887; x_wconf 90' lang='lat' dir='ltr'><strong>licet</strong></span> <span class='ocrx_word' id='word_1_680' title='bbox 560 4846 644 4887; x_wconf 87' lang='lat' dir='ltr'><strong>erma</strong></span> <span class='ocrx_word' id='word_1_681' title='bbox 659 4832 770 4894; x_wconf 82' lang='lat' dir='ltr'><strong>leretis.</strong></span> <span class='ocrx_word' id='word_1_682' title='bbox 968 4834 1027 4893; x_wconf 84' lang='lat' dir='ltr'><strong>Neo</strong></span> <span class='ocrx_word' id='word_1_683' title='bbox 1039 4837 1180 4906; x_wconf 77' lang='lat' dir='ltr'><strong>juvenum</strong></span> <span class='ocrx_word' id='word_1_684' title='bbox 1194 4832 1306 4899; x_wconf 78' lang='lat' dir='ltr'><strong>liorem,</strong></span> <span class='ocrx_word' id='word_1_685' title='bbox 1323 4832 1397 4890; x_wconf 91' lang='lat' dir='ltr'><strong>senii</strong></span> <span class='ocrx_word' id='word_1_686' title='bbox 1415 4848 1468 4889; x_wconf 90' lang='lat' dir='ltr'><strong>neo</strong></span> <span class='ocrx_word' id='word_1_687' title='bbox 1482 4832 1589 4888; x_wconf 88' lang='lat' dir='ltr'><strong>transit</strong></span> <span class='ocrx_word' id='word_1_688' title='bbox 1605 4832 1769 4895; x_wconf 86' lang='lat' dir='ltr'><strong>bonorem.</strong></span> 
     </span>
     <span class='ocr_line' id='line_1_53' title="bbox 94 4916 1721 4996; baseline 0.006 -22"><span class='ocrx_word' id='word_1_689' title='bbox 94 4916 165 4984; x_wconf 84' lang='lat' dir='ltr'><strong>Quis</strong></span> <span class='ocrx_word' id='word_1_690' title='bbox 180 4917 249 4974; x_wconf 86' lang='lat' dir='ltr'><strong>velit</strong></span> <span class='ocrx_word' id='word_1_691' title='bbox 264 4917 365 4974; x_wconf 89' lang='lat' dir='ltr'><strong>ulcisci</strong></span> <span class='ocrx_word' id='word_1_692' title='bbox 380 4920 479 4992; x_wconf 88' lang='lat' dir='ltr'><strong>polius</strong></span> <span class='ocrx_word' id='word_1_693' title='bbox 491 4936 581 4994; x_wconf 89' lang='lat' dir='ltr'><strong>quam</strong></span> <span class='ocrx_word' id='word_1_694' title='bbox 592 4936 682 4995; x_wconf 84' lang='lat' dir='ltr'><strong>regns</strong></span> <span class='ocrx_word' id='word_1_695' title='bbox 697 4922 832 4995; x_wconf 77' lang='lat' dir='ltr'><strong>pacisci?</strong></span> <span class='ocrx_word' id='word_1_696' title='bbox 969 4924 1031 4982; x_wconf 87' lang='lat' dir='ltr'><strong>lete</strong></span> <span class='ocrx_word' id='word_1_697' title='bbox 1044 4922 1140 4980; x_wconf 89' lang='lat' dir='ltr'><strong>libens</strong></span> <span class='ocrx_word' id='word_1_698' title='bbox 1156 4921 1270 4991; x_wconf 88' lang='lat' dir='ltr'><strong>toleret,</strong></span> <span class='ocrx_word' id='word_1_699' title='bbox 1286 4923 1336 4995; x_wconf 90' lang='lat' dir='ltr'><strong>qui</strong></span> <span class='ocrx_word' id='word_1_700' title='bbox 1352 4921 1452 4979; x_wconf 75' lang='lat' dir='ltr'><strong>crelion</strong></span> <span class='ocrx_word' id='word_1_701' title='bbox 1472 4921 1590 4995; x_wconf 81' lang='lat' dir='ltr'><strong>promte</strong></span> <span class='ocrx_word' id='word_1_702' title='bbox 1604 4930 1721 4996; x_wconf 85' lang='lat' dir='ltr'><strong>sperat,</strong></span> 
     </span>
    </p>
   </div>
   <div class='ocr_carea' id='block_1_4' title="bbox 92 5150 1829 5585">
    <p class='ocr_par' dir='ltr' id='par_1_47' title="bbox 92 5150 1829 5585">
     <span class='ocr_line' id='line_1_54' title="bbox 131 5150 1473 5230; baseline 0.002 -21"><span class='ocrx_word' id='word_1_703' title='bbox 131 5150 155 5190; x_wconf 79' lang='lat'><strong>⁸⁷</strong></span> <span class='ocrx_word' id='word_1_704' title='bbox 170 5151 232 5212; x_wconf 73' lang='lat' dir='ltr'><strong>Eln.</strong></span> <span class='ocrx_word' id='word_1_705' title='bbox 248 5152 401 5224; x_wconf 19' lang='lat' dir='ltr'><strong>Turum-,et</strong></span> <span class='ocrx_word' id='word_1_706' title='bbox 416 5152 466 5208; x_wconf 81' lang='lat' dir='ltr'><strong>lid.</strong></span> <span class='ocrx_word' id='word_1_707' title='bbox 482 5152 566 5224; x_wconf 79' lang='lat' dir='ltr'><strong>iisd,</strong></span> <span class='ocrx_word' id='word_1_708' title='bbox 583 5162 726 5220; x_wconf 72' lang='lat' dir='ltr'><strong>norsum.</strong></span> <span class='ocrx_word' id='word_1_709' title='bbox 741 5154 764 5192; x_wconf 81' lang='lat'><strong>⁹⁸</strong></span> <span class='ocrx_word' id='word_1_710' title='bbox 778 5155 860 5226; x_wconf 75' lang='lat' dir='ltr'><strong>Tun,</strong></span> <span class='ocrx_word' id='word_1_711' title='bbox 876 5155 973 5230; x_wconf 70' lang='lat' dir='ltr'><strong>ferire.</strong></span> <span class='ocrx_word' id='word_1_712' title='bbox 989 5155 1014 5194; x_wconf 76' lang='lat'><strong>⁹⁸</strong></span> <span class='ocrx_word' id='word_1_713' title='bbox 1028 5157 1076 5214; x_wconf 81' lang='lat' dir='ltr'><strong>Sic</strong></span> <span class='ocrx_word' id='word_1_714' title='bbox 1088 5161 1118 5213; x_wconf 89' lang='lat' dir='ltr'><strong>et</strong></span> <span class='ocrx_word' id='word_1_715' title='bbox 1132 5154 1202 5212; x_wconf 87' lang='lat' dir='ltr'><strong>edit.</strong></span> <span class='ocrx_word' id='word_1_716' title='bbox 1214 5155 1299 5223; x_wconf 78' lang='lat' dir='ltr'><strong>Red,</strong></span> <span class='ocrx_word' id='word_1_717' title='bbox 1315 5155 1367 5212; x_wconf 90' lang='lat' dir='ltr'><strong>sed</strong></span> <span class='ocrx_word' id='word_1_718' title='bbox 1380 5152 1473 5212; x_wconf 78' lang='lat' dir='ltr'><strong>Elnon</strong></span> 
     </span>
     <span class='ocr_line' id='line_1_55' title="bbox 609 5227 1278 5300; baseline 0.006 -21"><span class='ocrx_word' id='word_1_719' title='bbox 609 5230 772 5300; x_wconf 83' lang='lat' dir='ltr'><strong>Quanquam</strong></span> <span class='ocrx_word' id='word_1_720' title='bbox 787 5232 911 5285; x_wconf 78' lang='lat' dir='ltr'><strong>erudelis</strong></span> <span class='ocrx_word' id='word_1_721' title='bbox 927 5227 1015 5300; x_wconf 74' lang='lat' dir='ltr'><strong>aeui</strong></span> <span class='ocrx_word' id='word_1_722' title='bbox 1034 5233 1074 5285; x_wconf 87' lang='lat' dir='ltr'><strong>est</strong></span> <span class='ocrx_word' id='word_1_723' title='bbox 1088 5230 1170 5284; x_wconf 83' lang='lat' dir='ltr'><strong>misto</strong></span> <span class='ocrx_word' id='word_1_724' title='bbox 1189 5227 1278 5297; x_wconf 74' lang='lat' dir='ltr'><strong>fidelis</strong></span> 
     </span>
     <span class='ocr_line' id='line_1_56' title="bbox 93 5293 1775 5370; baseline 0.001 -18"><span class='ocrx_word' id='word_1_725' title='bbox 93 5296 129 5336; x_wconf 77' lang='lat'><strong>¹⁰0</strong></span> <span class='ocrx_word' id='word_1_726' title='bbox 141 5296 188 5353; x_wconf 81' lang='lat' dir='ltr'><strong>Sic</strong></span> <span class='ocrx_word' id='word_1_727' title='bbox 201 5300 231 5353; x_wconf 91' lang='lat' dir='ltr'><strong>et</strong></span> <span class='ocrx_word' id='word_1_728' title='bbox 245 5295 315 5353; x_wconf 87' lang='lat' dir='ltr'><strong>edil.</strong></span> <span class='ocrx_word' id='word_1_729' title='bbox 333 5295 416 5361; x_wconf 71' lang='lat' dir='ltr'><strong>neu,</strong></span> <span class='ocrx_word' id='word_1_730' title='bbox 432 5295 483 5350; x_wconf 90' lang='lat' dir='ltr'><strong>sed</strong></span> <span class='ocrx_word' id='word_1_731' title='bbox 500 5293 615 5363; x_wconf 75' lang='lat' dir='ltr'><strong>utnon..</strong></span> <span class='ocrx_word' id='word_1_732' title='bbox 631 5298 719 5370; x_wconf 69' lang='lat' dir='ltr'><strong>offere.</strong></span> <span class='ocrx_word' id='word_1_733' title='bbox 737 5303 744 5336; x_wconf 90' lang='lat'><strong>¹</strong></span> <span class='ocrx_word' id='word_1_734' title='bbox 763 5300 813 5355; x_wconf 82' lang='lat' dir='ltr'><strong>tio.</strong></span> <span class='ocrx_word' id='word_1_735' title='bbox 831 5300 901 5357; x_wconf 87' lang='lat' dir='ltr'><strong>lled.</strong></span> <span class='ocrx_word' id='word_1_736' title='bbox 915 5308 944 5357; x_wconf 93' lang='lat' dir='ltr'><strong>et</strong></span> <span class='ocrx_word' id='word_1_737' title='bbox 959 5299 1074 5369; x_wconf 71' lang='lat' dir='ltr'><strong>bioca,</strong></span> <span class='ocrx_word' id='word_1_738' title='bbox 1089 5300 1177 5364; x_wconf 82' lang='lat' dir='ltr'><strong>mitis,</strong></span> <span class='ocrx_word' id='word_1_739' title='bbox 1193 5298 1205 5334; x_wconf 71' lang='lat'><strong>³</strong></span> <span class='ocrx_word' id='word_1_740' title='bbox 1220 5299 1295 5366; x_wconf 73' lang='lat' dir='ltr'><strong>din,</strong></span> <span class='ocrx_word' id='word_1_741' title='bbox 1306 5297 1389 5370; x_wconf 75' lang='lat' dir='ltr'><strong>jubet</strong></span> <span class='ocrx_word' id='word_1_742' title='bbox 1402 5301 1433 5352; x_wconf 83' lang='lat' dir='ltr'><strong>ut</strong></span> <span class='ocrx_word' id='word_1_743' title='bbox 1447 5295 1561 5354; x_wconf 78' lang='lat' dir='ltr'><strong>decimi·</strong></span> <span class='ocrx_word' id='word_1_744' title='bbox 1576 5294 1590 5333; x_wconf 83' lang='lat'>⁸</span> <span class='ocrx_word' id='word_1_745' title='bbox 1610 5296 1678 5354; x_wconf 80' lang='lat' dir='ltr'><strong>lid.</strong></span> <span class='ocrx_word' id='word_1_746' title='bbox 1711 5304 1775 5361; x_wconf 69' lang='lat' dir='ltr'><strong>aad</strong></span> 
     </span>
     <span class='ocr_line' id='line_1_57' title="bbox 93 5343 1803 5450; baseline 0.005 -24"><span class='ocrx_word' id='word_1_747' title='bbox 93 5369 158 5426; x_wconf 80' lang='lat' dir='ltr'><strong>tito.</strong></span> <span class='ocrx_word' id='word_1_748' title='bbox 174 5373 203 5424; x_wconf 87' lang='lat' dir='ltr'><strong>st</strong></span> <span class='ocrx_word' id='word_1_749' title='bbox 216 5368 338 5435; x_wconf 65' lang='lat' dir='ltr'><strong>Turno„</strong></span> <span class='ocrx_word' id='word_1_750' title='bbox 354 5369 466 5437; x_wconf 81' lang='lat' dir='ltr'><strong>praeli&#39;o.</strong></span> <span class='ocrx_word' id='word_1_751' title='bbox 481 5366 554 5450; x_wconf 44' lang='lat' dir='ltr'><strong>{Sto</strong></span> <span class='ocrx_word' id='word_1_752' title='bbox 568 5368 614 5422; x_wconf 85' lang='lat' dir='ltr'><strong>sd.</strong></span> <span class='ocrx_word' id='word_1_753' title='bbox 630 5368 701 5424; x_wconf 87' lang='lat' dir='ltr'><strong>Red.</strong></span> <span class='ocrx_word' id='word_1_754' title='bbox 717 5370 775 5426; x_wconf 72' lang='lat' dir='ltr'><strong>Sed</strong></span> <span class='ocrx_word' id='word_1_755' title='bbox 789 5371 837 5426; x_wconf 93' lang='lat' dir='ltr'><strong>bio</strong></span> <span class='ocrx_word' id='word_1_756' title='bbox 851 5387 952 5427; x_wconf 86' lang='lat' dir='ltr'><strong>rsrsue</strong></span> <span class='ocrx_word' id='word_1_757' title='bbox 968 5386 976 5429; x_wconf 79' lang='lat' dir='ltr'><strong>r</strong></span> <span class='ocrx_word' id='word_1_758' title='bbox 993 5372 1060 5441; x_wconf 80' lang='lat' dir='ltr'><strong>Qua</strong></span> <span class='ocrx_word' id='word_1_759' title='bbox 1074 5388 1135 5436; x_wconf 83' lang='lat' dir='ltr'><strong>suc,</strong></span> <span class='ocrx_word' id='word_1_760' title='bbox 1150 5380 1218 5437; x_wconf 83' lang='lat' dir='ltr'><strong>eto,</strong></span> <span class='ocrx_word' id='word_1_761' title='bbox 1233 5370 1316 5427; x_wconf 86' lang='lat' dir='ltr'><strong>deest</strong></span> <span class='ocrx_word' id='word_1_762' title='bbox 1330 5371 1360 5426; x_wconf 92' lang='lat' dir='ltr'><strong>ln</strong></span> <span class='ocrx_word' id='word_1_763' title='bbox 1375 5369 1475 5425; x_wconf 78' lang='lat' dir='ltr'><strong>ttloou.</strong></span> <span class='ocrx_word' id='word_1_764' title='bbox 1487 5366 1500 5404; x_wconf 77' lang='lat'>⁵</span> <span class='ocrx_word' id='word_1_765' title='bbox 1514 5367 1567 5435; x_wconf 76' lang='lat' dir='ltr'><strong>lid,</strong></span> <span class='ocrx_word' id='word_1_766' title='bbox 1581 5367 1656 5426; x_wconf 77' lang='lat' dir='ltr'><strong>nan.</strong></span> <span class='ocrx_word' id='word_1_767' title='bbox 1675 5369 1746 5433; x_wconf 81' lang='lat' dir='ltr'><strong>uta.</strong></span> <span class='ocrx_word' id='word_1_768' title='bbox 1772 5343 1803 5434; x_wconf 65' lang='lat' dir='ltr'><strong>ei</strong></span> 
     </span>
     <span class='ocr_line' id='line_1_58' title="bbox 92 5439 1803 5512; baseline 0.005 -14"><span class='ocrx_word' id='word_1_769' title='bbox 92 5439 201 5498; x_wconf 81' lang='lat' dir='ltr'><strong>Turno.</strong></span> <span class='ocrx_word' id='word_1_770' title='bbox 219 5443 329 5497; x_wconf 87' lang='lat' dir='ltr'><strong>babent</strong></span> <span class='ocrx_word' id='word_1_771' title='bbox 342 5455 404 5495; x_wconf 86' lang='lat' dir='ltr'><strong>cum</strong></span> <span class='ocrx_word' id='word_1_772' title='bbox 419 5440 564 5493; x_wconf 72' lang='lat' dir='ltr'><strong>Mauritius</strong></span> <span class='ocrx_word' id='word_1_773' title='bbox 579 5444 761 5509; x_wconf 59' lang='lat' dir='ltr'><strong>mammonin</strong></span> <span class='ocrx_word' id='word_1_774' title='bbox 800 5446 853 5500; x_wconf 89' lang='lat' dir='ltr'><strong>uod</strong></span> <span class='ocrx_word' id='word_1_775' title='bbox 870 5443 986 5500; x_wconf 81' lang='lat' dir='ltr'><strong>nultum</strong></span> <span class='ocrx_word' id='word_1_776' title='bbox 1000 5444 1089 5499; x_wconf 88' lang='lat' dir='ltr'><strong>bebet</strong></span> <span class='ocrx_word' id='word_1_777' title='bbox 1102 5439 1262 5500; x_wconf 77' lang='lat' dir='ltr'><strong>sensum·</strong></span> <span class='ocrx_word' id='word_1_778' title='bbox 1289 5441 1376 5512; x_wconf 86' lang='lat' dir='ltr'><strong>Sorte,</strong></span> <span class='ocrx_word' id='word_1_779' title='bbox 1401 5446 1457 5498; x_wconf 88' lang='lat' dir='ltr'><strong>eto.</strong></span> <span class='ocrx_word' id='word_1_780' title='bbox 1481 5440 1533 5499; x_wconf 89' lang='lat' dir='ltr'><strong>llic</strong></span> <span class='ocrx_word' id='word_1_781' title='bbox 1557 5456 1664 5502; x_wconf 74' lang='lat' dir='ltr'><strong>remus</strong></span> <span class='ocrx_word' id='word_1_782' title='bbox 1679 5451 1714 5502; x_wconf 90' lang='lat' dir='ltr'><strong>et</strong></span> <span class='ocrx_word' id='word_1_783' title='bbox 1742 5447 1803 5508; x_wconf 87' lang='lat' dir='ltr'><strong>dno</strong></span> 
     </span>
     <span class='ocr_line' id='line_1_59' title="bbox 94 5459 1829 5585; baseline 0.003 -16"><span class='ocrx_word' id='word_1_784' title='bbox 94 5517 251 5585; x_wconf 85' lang='lat' dir='ltr'><strong>sequentes</strong></span> <span class='ocrx_word' id='word_1_785' title='bbox 265 5513 371 5569; x_wconf 84' lang='lat' dir='ltr'><strong>desunt</strong></span> <span class='ocrx_word' id='word_1_786' title='bbox 387 5511 416 5565; x_wconf 92' lang='lat' dir='ltr'><strong>in</strong></span> <span class='ocrx_word' id='word_1_787' title='bbox 430 5511 553 5577; x_wconf 61' lang='lat' dir='ltr'><strong>Elnon„</strong></span> <span class='ocrx_word' id='word_1_788' title='bbox 570 5526 627 5566; x_wconf 89' lang='lat' dir='ltr'><strong>non</strong></span> <span class='ocrx_word' id='word_1_789' title='bbox 638 5525 705 5566; x_wconf 87' lang='lat' dir='ltr'><strong>vero</strong></span> <span class='ocrx_word' id='word_1_790' title='bbox 719 5513 749 5570; x_wconf 91' lang='lat' dir='ltr'><strong>io</strong></span> <span class='ocrx_word' id='word_1_791' title='bbox 764 5459 834 5572; x_wconf 67' lang='lat' dir='ltr'><strong>eiii.</strong></span> <span class='ocrx_word' id='word_1_792' title='bbox 846 5513 1020 5574; x_wconf 81' lang='lat' dir='ltr'><strong>Reduoenei.</strong></span> <span class='ocrx_word' id='word_1_793' title='bbox 1036 5513 1139 5582; x_wconf 68' lang='lat' dir='ltr'><strong>litio„</strong></span> <span class='ocrx_word' id='word_1_794' title='bbox 1153 5513 1286 5572; x_wconf 78' lang='lat' dir='ltr'><strong>ridendo.</strong></span> <span class='ocrx_word' id='word_1_795' title='bbox 1820 5530 1829 5547; x_wconf 75' lang='lat'><em>⁰</em></span> 
     </span>
    </p>
   </div>
   <div class='ocr_carea' id='block_1_5' title="bbox 0 0 1907 6030">
    <p class='ocr_par' dir='ltr' id='par_1_48' title="bbox 0 0 1907 6030">
     <span class='ocr_line' id='line_1_60' title="bbox 0 0 1907 6030; baseline 0 0"><span class='ocrx_word' id='word_1_796' title='bbox 0 0 1907 6030; x_wconf 95' lang='lat' dir='ltr'><strong> </strong></span> 
     </span>
    </p>
   </div>
  </div>
 </body>
</html>
