3802 6030
48 254 126 317 {dli
623 255 717 318 VITA
741 252 775 314 S.
800 235 990 308 tttualtll.
1018 267 1054 280 ·-
1077 233 1151 295 LlB.
1174 232 1211 293 ll.
1683 240 1762 302 1642

51 389 180 446 Indoluit
194 395 324 458 sancius,
339 388 479 463 zelusque
494 390 550 447 luit
563 391 621 447 sibi
640 394 740 447 tantos
892 381 918 447 Α
933 369 1056 427 N⁰⁸⁰il¹⁸
1070 369 1182 425 Willis
1196 384 1382 442 ⁰⁰¹1¹P⁰⁸⁰⁰¹⁸0
1397 370 1471 427 dim
1482 371 1602 445 lullum,

51 479 131 545 Quod
147 479 247 552 gravis
261 478 388 552 exempli
404 479 491 537 nimis
506 483 552 537 est
566 479 684 536 violatio
698 474 800 549 templi
934 464 991 515 0?ss
1006 458 1198 530 ⁸⁰P⁰lb⁰l⁰ffl
1216 474 1315 515 ⁸0³⁸⁰l
1329 458 1466 516 ⁸¹¹hlimi⁸
1479 476 1622 533 0l¹¹⁰f¹¹m

50 574 89 626 ut
104 570 200 625 terror
213 568 266 625 zeii
283 573 394 642 peieret
408 568 549 626 sublimia
564 568 640 626 cmii.
933 547 1027 618 Terga
1042 546 1211 604 'elutillss‘iss
1226 549 1383 619 81)οΝιθὴειι
1397 548 1491 622 quadr
1494 550 1662 622 ⁰P⁰d⁸¹¹llsse

52 656 124 712 Nem
141 658 231 713 simul
243 674 277 713 eo
293 658 572 715 meotemconvertit
587 658 623 713 ed
632 657 880 730 omnipotentem,
934 634 1057 694 flium
1072 636 1102 692 in
1119 635 1199 708 ll⁰¹¹⁰
1219 637 1295 694 smil
1312 639 1467 710 procedere
1483 638 1574 711 ⁰⁰¹¹⁰s

53 746 88 801 lit
102 750 186 802 terre
203 751 317 802 stratos
332 748 475 819 gemitum
497 746 586 814 dedit,
602 751 705 818 estque
734 746 879 815 precatus,
934 724 1051 782 ⁸⁰l¹¹0⁰i
1065 742 1082 781 ⁸
1095 725 1212 782 Chli⁸l⁰
1229 727 1304 783 ‘⁸⁰²0
1319 728 1486 801 praedoctus
1501 729 1531 784 5¹¹
1547 729 1614 786 ῑθῑθ·

53 817 105 871 lrae
122 817 251 874 ccelesiis
267 835 347 876 mors
364 819 449 874 irruit
465 820 553 892 impia
568 819 662 886 testis,
934 815 1026 880 Quem
1043 815 1091 870 ior
1105 814 1217 873 invisus
1233 821 1319 874 noctu
1336 817 1499 874 subdocere
1515 817 1597 875 nisus

54 904 89 961 lit
104 907 254 963 violatoris
271 907 429 964 manifeste
443 908 551 965 luroris
565 932 573 978 ς
933 902 1069 960 Daemone
1084 911 1236 977 correptus
1253 907 1419 978 nescitque
1435 908 1535 965 tendet
1549 908 1676 981 ineptus.

55 993 162 1067 Sicque
177 997 330 1068 repentina
345 997 450 1054 cecidit
462 997 553 1054 miser
567 995 616 1053 iile
631 995 724 1051 ruine.
935 996 1010 1048 Nem
1025 992 1198 1050 celebrando
1214 997 1289 1051 redit
1303 996 1373 1052 dum
1390 1014 1421 1053 se
1436 999 1591 1070 procedere
1603 997 1707 1066 credit,

53 1081 163 1140 Cetera
177 1085 262 1141 turbe
282 1089 410 1142 tremens
425 1088 562 1142 sanetum
579 1088 708 1158 rogatui
735 1081 791 1139 sibi
820 1079 879 1137 cle·
936 1084 981 1150 Et,
998 1083 1076 1139 dictu
1094 1083 1217 1139 mirumi
1237 1085 1340 1157 nequit
1354 1085 1433 1143 bunc
1448 1087 1576 1144 evolvere
1591 1105 1707 1163 gyrum.

732 1171 828 1245 [meus
933 1175 1018 1229 Mene
1033 1176 1092 1228 stat
1106 1177 1172 1228 ants
1188 1173 1265 1229 iores
1280 1179 1347 1247 post
1361 1176 1470 1233 tractos
1484 1179 1566 1234 nocte
1581 1178 1708 1247 iabores,

56 1262 160 1319 Parcet
174 1267 203 1319 et
217 1262 381 1320 exanimem
397 1264 460 1320 vite
476 1265 526 1322 det
541 1262 633 1321 risere
648 1262 739 1319 limen
933 1266 1007 1322 itate
1018 1281 1135 1322 sacrum
1151 1264 1240 1322 limen
1259 1266 1431 1340 compulsus
1447 1268 1568 1342 prodere
1579 1271 1689 1327 crimen

56 1352 107 1409 Bis
120 1353 346 1410 condemnatum
363 1370 414 1427 per
428 1359 563 1422 mortem,
579 1368 688 1426 perque
704 1355 827 1408 reatum.
935 1355 1056 1411 Furtum
1072 1360 1238 1426 praesentat,
1255 1356 1438 1430 demensque
1452 1359 1586 1415 recedere
1600 1362 1703 1431 tentet,

57 1441 108 1498 lile
123 1446 230 1499 timens
245 1442 358 1513 animm,
375 1460 411 1499 ne
426 1458 523 1499 mersa
539 1445 612 1500 soret
626 1442 691 1498 sine
706 1441 775 1510 ilos,
934 1444 1009 1502 Dum
1024 1460 1061 1501 na
1076 1448 1195 1502 curetur
1209 1446 1335 1517 trepidet
1352 1449 1402 1521 qui
1422 1447 1541 1505 clausus
1556 1447 1690 1505 hebetur.

56 1530 160 1588 Tendit
176 1531 266 1588 bomo
281 1532 372 1589 besue
387 1533 490 1589 mortis
505 1547 590 1606 prece
605 1531 718 1588 solvere
734 1545 836 1587 nexus.
934 1533 986 1590 Cui
1001 1532 1069 1591 licet
1083 1534 1204 1607 indigno
1219 1532 1303 1606 pulso
1316 1538 1398 1608 prius
1415 1540 1498 1595 bosio
1513 1537 1642 1611 maligno

55 1622 126 1679 Rem
142 1622 246 1679 miram
262 1622 362 1694 rcisrs,
377 1622 426 1679 sed
442 1638 506 1695 qne
521 1621 560 1679 sit
575 1635 791 1690 ccnsooeuero,
934 1623 1035 1681 1651
1057 1622 1174 1680 Crimen
1190 1623 1348 1694 condonet,
1367 1625 1425 1682 tria
1452 1626 1558 1684 deinde
1586 1626 1766 1686 numismate

56 1713 214 1784 Imperium
233 1715 332 1770 mortis
347 1729 492 1788 superans
506 1714 600 1770 oratio
615 1712 699 1769 tortis
895 1742 920 1810 B
1615 1715 1729 1788 [douai,

56 1807 111 1859 Per
124 1803 239 1860 Domini
255 1809 361 1861 nutum
376 1808 491 1860 revocet
505 1803 565 1875 jam
581 1816 668 1859 carne
683 1801 834 1869 solutum
934 1801 1031 1857 Credit
1045 1800 1082 1856 ed
1099 1803 1152 1858 boc
1169 1803 1278 1859 iactum
1295 1802 1366 1875 quie
1381 1807 1552 1877 paupertate
1567 1808 1710 1862 coactum.

58 1892 184 1949 Sanctus
201 1893 290 1949 bumo
305 1895 410 1965 surgit,
426 1908 533 1965 corpus
549 1892 585 1948 de
614 1896 707 1947 morte
734 1888 861 1961 resurgit
869 1905 882 1955 ,⁸
935 1893 1003 1958 oua
1018 1891 1113 1963 pietas
1128 1893 1222 1949 sancii
1238 1894 1314 1950 bona
1329 1897 1448 1965 prestet
1464 1892 1569 1965 inique
1584 1894 1710 1966 patranti

58 1981 142 2038 Liber
157 1983 290 2055 captivus
305 1982 412 2054 gaudet
427 1981 515 2040 simui
530 1986 559 2036 et
572 1979 732 2050 redivivus,
937 1980 1045 2036 Fenore
1060 1980 1216 2054 multipiici
1229 1981 1327 2039 scelos
1342 1980 1532 2040 accumulans
1547 1982 1660 2040 inimici
1668 2000 1680 2048 ;

59 2075 180 2128 Munere
195 2073 266 2128 dant
282 2071 338 2127 leti
354 2088 406 2144 pro
422 2069 524 2144 tempii
539 2070 663 2127 crimine
672 2069 776 2142 spreti.
936 2067 994 2124 l'ur
1009 2069 1132 2125 reddens
1147 2070 1264 2127 asinum
1280 2070 1382 2143 recipit
1397 2088 1449 2145 pro
1465 2070 1603 2143 simplice
1619 2073 1731 2129 trinum

95 2162 168 2217 Dum
178 2161 415 2232 laboringantcm
426 2161 475 2216 sed
487 2160 884 2232 pondusenormsgarentem
935 2159 1013 2213 Auro
1029 2158 1151 2225 ditatus,
1173 2175 1287 2232 sospes,
1302 2158 1436 2234 liberque
1451 2165 1564 2230 reatus,

58 2249 200 2306 Nauticus
215 2249 395 2322 andegavim
412 2253 504 2306 certat
520 2247 680 2322 pmpellere
697 2247 806 2315 navim,
973 2246 1134 2304 itmeiinsm
1151 2250 1309 2322 quemdem
1325 2249 1407 2307 nulla
1423 2251 1703 2323 rationejuvendam

59 2339 114 2405 Qui
130 2338 212 2396 labor
226 2339 256 2394 in
272 2339 366 2412 Ligari
380 2339 456 2397 solet
471 2339 650 2411 irrequietus
665 2336 778 2403 baberi,
939 2336 1079 2394 Dicebant
1093 2338 1212 2406 medici,
1229 2341 1482 2397 contristabantur
1497 2341 1594 2407 amici,

59 2429 185 2485 Horrida
198 2433 358 2501 tempestas
369 2445 473 2485 causas
490 2432 586 2485 moret
599 2443 665 2485 ecce
681 2425 832 2494 molestas,
938 2425 1038 2500 Deque
1051 2427 1205 2500 sepultura
1215 2430 1278 2501 jam
1295 2435 1425 2487 creverat
1440 2430 1526 2487 anxia
1539 2447 1619 2489 cure.

59 2520 115 2576 Aer
129 2518 279 2591 nigrescit,
292 2518 403 2575 sensim
418 2518 516 2591 gravis
530 2518 611 2575 unde
624 2517 782 2585 tumescit;
938 2514 991 2571 illa
1007 2518 1200 2589 superborum
1212 2518 1287 2575 serie
1302 2518 1441 2576 sublimis
1456 2536 1590 2590 avorum,

59 2608 206 2665 Incumbit
218 2613 333 2677 venius,
350 2608 477 2682 trepidat
499 2624 551 2682 per
578 2609 710 2664 transtra
733 2607 885 2677 iuventus,
939 2603 1023 2660 Dives
1042 2621 1141 2676 opum,
1159 2622 1279 2680 compos
1294 2609 1416 2681 proprii,
1432 2609 1484 2666 ssd
1501 2609 1634 2682 corporis
1658 2610 1771 2693 impos,

59 2694 117 2752 Nee
132 2697 234 2753 retinet
248 2700 368 2753 ventum
384 2696 447 2754 velo
463 2696 508 2753 vis
519 2697 624 2768 juncta
639 2694 809 2762 rudentum,
939 2692 985 2751 Sic
996 2692 1061 2766 Jem
1077 2694 1212 2753 bissenos
1227 2706 1291 2753 erat
1305 2696 1456 2755 iniirmata
1483 2715 1538 2771 par
1550 2715 1654 2768 annos,

60 2785 155 2842 Maius
170 2791 200 2842 et
215 2793 347 2843 antenna
363 2787 511 2844 contracta
526 2786 661 2842 teruntur
673 2785 710 2841 ab
725 2799 822 2841 amne.
939 2780 975 2839 Ut
990 2800 1047 2856 quo
1062 2783 1130 2857 plus
1145 2784 1238 2855 lieret,
1255 2786 1311 2842 sibi
1327 2786 1393 2858 plus
1409 2786 1557 2844 medicina
1577 2793 1704 2847 noceret.

60 2878 127 2930 tam
144 2891 249 2932 manus
264 2875 386 2948 aplustri
409 2877 512 2949 nequit
539 2874 710 2948 imperitare
739 2871 886 2946 magistri,
939 2872 1270 2944 ldoestadomusiiebat,
1287 2876 1650 2949 quiedesperatajacsbat

59 2967 124 3020 tem
137 2969 226 3022 ductu
242 2965 358 3037 plenam
375 2983 464 3038 prope
480 2964 595 3022 sorbuit
611 2965 691 3020 unde
705 2963 836 3020 carinam
938 2961 1010 3018 Cum
1022 2962 1099 3018 redit
1114 2962 1149 3019 od
1167 2969 1294 3020 mentam
1310 2981 1367 3021 non
1383 2965 1481 3021 delore
1506 2966 1580 3022 mire
1607 2971 1768 3040 gerentem,

60 3054 158 3111 Turbo
175 3059 267 3112 ratem
283 3055 382 3121 volvit,
399 3072 487 3128 paror
502 3055 602 3112 omnia
618 3052 705 3110 corda
721 3051 848 3110 resolvit.
945 3050 981 3105 Et
996 3066 1080 3124 prere
1097 3051 1149 3107 lisa
1164 3052 1219 3108 viri
1234 3069 1265 3108 se
1281 3068 1367 3124 posse
1382 3052 1477 3110 salute
1492 3052 1589 3126 potiri.

59 3145 225 3202 Mamilium
242 3150 357 3202 tentum
373 3143 481 3201 clamat
496 3161 549 3200 vox
565 3147 670 3200 maesia
686 3147 855 3212 natantum,
907 3129 996 3198 cerr
1012 3138 1147 3206 medicis,
1162 3138 1270 3212 inquit,
1286 3141 1350 3198 sine
1365 3157 1417 3214 spe
1432 3156 1479 3197 me
1497 3145 1594 3198 vestra
1617 3140 1768 3219 relinquit,

62 3235 184 3307 binaque
200 3237 256 3292 ileo
267 3240 369 3307 gratus
383 3233 500 3290 festinat
514 3233 617 3289 adessa
633 3235 765 3288 vocatus.
941 3230 995 3286 Sed
1015 3247 1093 3287 nunc
1105 3229 1151 3288 vei
1166 3247 1243 3303 sero,
1259 3231 1380 3289 meliora
1391 3232 1542 3304 juramina
1556 3249 1673 3308 quaero:

58 3324 161 3397 Signat
176 3342 225 3382 eoa
240 3326 352 3393 dextra,
368 3329 451 3380 stans
467 3323 561 3395 ripam
578 3321 709 3378 iluminis
723 3326 816 3389 extra,
943 3318 994 3388 lte,
1012 3319 1076 3375 suis
1092 3318 1175 3389 dixit,
1190 3319 1260 3393 quis
1274 3337 1341 3393 spes
1355 3321 1500 3379 exstincte
1516 3323 1640 3393 revixit,

60 3415 161 3470 Cesset
175 3418 346 3487 tempestas,
362 3412 458 3469 crucis
473 3416 517 3469 est
532 3411 687 3470 manifesta
700 3413 850 3485 potestes3
945 3406 1069 3475 Currite,
1085 3424 1197 3482 queso,
1213 3409 1272 3483 citi,
1288 3413 1411 3483 patrono
1427 3407 1515 3468 dicite
1530 3411 1597 3468 miti

60 3503 186 3575 imperio
203 3503 269 3558 fidei
287 3504 362 3559 redit
377 3502 448 3558 bora
464 3518 565 3559 serena
580 3501 650 3573 dici,
945 3495 980 3552 Ui
993 3496 1060 3570 pius
1071 3497 1211 3556 sillictam
1227 3498 1498 3572 nulloquejuvente
1512 3500 1644 3559 relictam

62 3591 190 3664 Emergit
203 3592 295 3662 naris,
310 3591 362 3647 ilat
376 3591 510 3663 protinus
523 3606 595 3647 aura
610 3590 729 3655 auaris,·
944 3589 1043 3645 Visere
1057 3589 1206 3663 dignetur,
1221 3589 1290 3662 quis
1308 3606 1384 3664 supe
1399 3589 1523 3648 videndo
1539 3593 1683 3651 medetur.

62 3680 97 3735 Et
111 3680 189 3736 sebit
204 3680 239 3736 ad
256 3685 383 3753 portum,
399 3680 435 3736 de
455 3680 557 3736 limine
585 3680 698 3748 mortis,
713 3680 749 3736 ad
778 3684 887 3747 ortum,
943 3679 997 3746 Qui
1011 3695 1205 3752 quoscunque
1221 3679 1305 3749 solet,
1322 3679 1457 3754 nunquid
1474 3696 1521 3737 me
1543 3682 1638 3739 visere
1667 3682 1771 3743 coleti

65 3769 140 3834 Quos
154 3769 239 3839 quasi
254 3768 406 3826 defunctos
422 3777 537 3841 poteras
554 3768 638 3825 modo
655 3769 793 3842 plangere
815 3782 888 3824 cun·
941 3771 983 3823 Nc
998 3767 1095 3825 lenius
1109 3769 1177 3826 ilem
1194 3786 1246 3842 per
1260 3769 1377 3826 inanem
1393 3769 1613 3844 macrologiam.

749 3859 833 3927 [ctos.
942 3858 1089 3926 Curritur,
1104 3859 1223 3928 ascitur,
1239 3859 1296 3916 cito
1311 3875 1379 3916 cunr
1395 3859 1529 3917 veniente
1542 3861 1672 3932 reditor;

100 3947 162 4004 Mos
178 3952 240 4003 erat
253 3947 321 4004 huic
335 3953 449 4019 saneto,
469 3949 555 4019 cujus
571 3946 716 4020 preconia
730 3951 828 4014 canto,
944 3945 1012 4002 Oret
1024 3946 1108 4003 bumi
1123 3950 1246 4014 stratus,
1262 3949 1354 4022 surgit
1371 3965 1427 4004 non
1444 3948 1538 4005 multa
1552 3954 1698 4023 precatus,

63 4043 117 4094 Per
132 4036 217 4093 viiias
232 4039 260 4093 ei
278 4053 362 4108 egros
377 4036 501 4093 invisere
517 4035 665 4109 quoslibet
679 4051 781 4106 egros,
941 4035 1109 4091 Adiectum
1125 4040 1271 4110 properet,
1288 4037 1393 4093 meiius
1405 4038 1468 4108 jem
1496 4037 1637 4111 languida
1662 4044 1773 4113 sperat.

63 4127 127 4184 Sive
142 4143 192 4200 per
207 4127 346 4184 ecclesias
363 4127 483 4185 recitare
491 4143 591 4184 sacres
604 4125 757 4195 homelias,
944 4123 1034 4198 Ungit
1047 4142 1110 4183 sam
1127 4127 1272 4195 medicus,
1289 4126 1361 4198 iugit
1375 4125 1453 4183 illico
1483 4125 1610 4199 languor
1636 4128 1774 4204 iniquus.

65 4218 105 4272 Ac
121 4217 245 4274 Domino
260 4215 324 4274 cmii
336 4217 425 4273 verbo
440 4215 548 4272 servire
564 4214 654 4272 ildeii.
947 4211 1082 4286 Unguine
1096 4222 1208 4273 secrato
1223 4214 1318 4289 surgit
1331 4214 1421 4273 semel
1441 4220 1530 4272 uncia
1547 4217 1678 4289 grabato.

67 4305 129 4361 Neu
146 4305 245 4363 minus
261 4306 316 4363 boc
331 4309 440 4378 ageret,
457 4304 611 4376 fessusque
626 4302 724 4360 labore
739 4299 848 4368 sileret,
908 4294 932 4360 b
948 4303 1095 4361 Hactenus
1110 4308 1177 4361 acia
1187 4306 1289 4363 datum
1305 4321 1368 4378 que
1384 4304 1476 4377 gessit
1491 4305 1696 4379 pontiiicatum

70 4391 173 4464 Utpota
188 4395 340 4452 districtus
356 4394 461 4451 modici
476 4392 617 4450 libamine
631 4392 725 4449 victus
950 4392 1105 4450 Mauritius
1120 4392 1236 4466 scripsi,
1253 4396 1331 4467 quod
1346 4397 1462 4467 gratum
1474 4393 1524 4463 sit,
1541 4411 1655 4469 precor,
1671 4397 1738 4471 ipsi.

67 4481 214 4556 Obsequio
232 4482 312 4541 sellae
327 4482 441 4557 pallum
458 4483 593 4557 pascebat
608 4481 713 4550 eseliae,
947 4485 1058 4539 cetera
1072 4483 1206 4558 scriptori
1220 4482 1363 4541 servanda
1377 4485 1473 4541 forent
1487 4485 1602 4543 meliori

619 4812 815 4912 LIBER
853 4815 1198 4914 SECUNDUS.

73 5170 210 5230 blaurilic
225 5175 326 5230 sancto
342 5169 444 5246 pingui
458 5170 528 5227 dum
544 5172 674 5229 carmina
686 5176 784 5244 nanto,
956 5175 1137 5249 Obsequium
1149 5177 1254 5250 lingue
1267 5177 1372 5237 saltem
1387 5179 1440 5238 tibi
1460 5179 1558 5240 deiero
1572 5182 1694 5257 pingue,

72 5261 185 5317 Laudes
201 5259 325 5317 illustris
341 5259 444 5316 recitat
454 5258 540 5332 quasi
555 5276 650 5317 canna
666 5259 815 5334 palustris.
957 5264 1061 5323 Penset
1077 5271 1109 5322 ot
1123 5267 1261 5325 aiieetum
1273 5269 1336 5327 rios
1350 5270 1482 5329 moneris
1494 5272 1607 5330 estimo
1621 5279 1742 5343 tectum,

73 5350 128 5406 scd
145 5349 287 5422 quoniam
301 5349 369 5423 pius
384 5354 438 5418 est,
455 5351 483 5405 st
497 5349 523 5404 ei
540 5366 586 5406 mc
601 5348 726 5421 psallere
736 5351 790 5421 lus
804 5358 859 5422 est,
957 5355 988 5412 st
1003 5371 1119 5428 possem
1136 5356 1243 5414 melius
1258 5360 1378 5416 tederet
1392 5361 1522 5419 muneris
1534 5361 1636 5435 bajus.

71 5439 220 5496 sciliceta
235 5455 324 5512 puero
341 5437 470 5512 proprio,
486 5454 572 5511 quem
585 5440 710 5514 jungere
724 5442 805 5499 clerc
956 5442 1032 5499 Dum
1048 5444 1141 5517 signis
1157 5446 1265 5505 crebris
1280 5446 1406 5504 radiaret
1419 5449 1529 5521 ubique
1542 5451 1666 5507 oeiebris

71 5528 217 5600 Dignatus
233 5526 324 5600 perit,
336 5526 529 5599 juvenemque
545 5527 674 5585 docendo
690 5526 805 5602 levavit,
958 5538 1033 5591 Laus
1047 5535 1236 5603 contessoris,
1252 5536 1333 5595 nullo
1346 5538 1450 5596 urtam
1466 5540 1601 5597 minoris.

235 5648 369 5711 Parnon.
392 5645 520 5710 cmm.
1643 5658 1683 5721 η
