3802 6030
155 256 233 320 {³35
633 255 725 317 VNN.
748 251 988 316 ulnuuttlttt't'i
1008 246 1219 311 CNNONAN.
1242 243 1365 306 belse.
1782 232 1849 295 lest

154 402 271 477 Frigore
286 408 428 459 nocturno
445 401 533 472 rigeo,
548 414 662 456 cremor
677 398 743 471 igne
758 397 874 462 diurno,
993 385 1019 454 Α
1036 388 1155 448 Femina
1169 390 1212 448 sic
1226 386 1340 460 superis
1356 400 1409 458 par
1423 385 1468 439 est
1482 379 1601 437 habitus
1617 378 1761 436 mulieris.

157 495 192 552 itt
208 509 351 565 nusquam
368 501 430 547 tute
441 491 525 563 jaceo
541 489 624 561 quasi
642 493 734 544 morte
750 486 858 544 soluta.
1035 479 1082 538 Sic
1097 485 1142 538 est
1157 496 1214 538 non
1229 475 1354 535 bominis
1369 477 1474 541 status,
1491 487 1534 540 os,
1552 467 1687 542 abiectio,
1706 467 1804 525 cinis:
1882 478 1888 553 g

157 584 283 641 Additur
298 582 365 638 buic
381 599 470 654 posue
486 581 528 637 vis
544 579 681 652 pulveris,
698 579 903 647 arderemus,
1032 571 1056 607 ⁸¹
1070 571 1129 628 Hoc
1143 574 1172 628 et
1186 569 1248 627 sola
1263 567 1321 624 lere
1337 560 1448 630 recolit,
1464 565 1638 635 captamque
1648 557 1769 658 ⁸videre:
1883 556 1888 601 ἲ

159 676 217 734 Nec
232 674 359 747 graviter
375 672 478 729 horum
495 672 602 729 lenitur
616 676 693 728 sorte
708 668 851 736 lucorum,
1033 656 1058 694 ⁷⁰
1073 658 1132 716 Hoc
1148 657 1280 714 Zosimss
1290 668 1373 726 equs
1384 649 1514 723 suspirat
1529 652 1613 705 nocte
1625 647 1742 718 dieque.

159 764 231 821 Naar
247 762 341 827 locus,
358 766 390 817 ut
419 762 527 833 cernis,
551 765 635 818 vacat
663 760 776 829 arbore,
803 760 911 823 monte,
932 769 980 810 oa-
1034 746 1191 805 Terminus
1205 747 1393 819 optaturque
1408 755 1479 813 grex
1493 754 1576 796 sacer
1590 736 1770 810 egrediatur.
1886 770 1889 781 ·

826 843 945 918 [vernis
1035 836 1191 895 Terminus
1206 850 1272 893 ecce
1286 832 1381 900 redit;
1399 832 1562 887 conventus
1577 829 1613 883 ab
1628 825 1689 883 ede
1704 824 1827 882 recedit:

156 939 191 995 ut
205 937 314 1011 quibus
328 943 442 997 arcetur
456 937 540 995 cenis
552 938 641 996 ardor
655 937 784 994 hiemsve
798 937 927 992 cavetur.
1035 929 1070 983 ltt
1084 925 1186 983 morbo
1201 928 1297 981 tactus
1312 920 1455 991 Zosimas,
1470 921 1499 974 et
1514 920 1593 974 stare
1608 919 1740 983 coactns,

12 1012 17 1019 ⁵
32 990 36 999 Ι
70 1082 73 1087 .
157 1027 221 1085 Scis
235 1027 384 1085 bominem
399 1044 469 1085 esne
485 1045 542 1085 uon
558 1027 620 1084 solo
635 1027 734 1084 vivere
750 1039 835 1097 pane,
1037 1015 1134 1073 betae
1150 1013 1210 1089 agit
1224 1016 1331 1087 gretes,
1346 1010 1416 1083 quia
1431 1008 1507 1080 quod
1521 1005 1577 1063 eibi
1590 1003 1700 1061 lemine
1714 1008 1796 1062 rates

157 1114 215 1172 Nec
230 1116 414 1174 vestimentis
427 1123 479 1173 aut
490 1118 551 1174 ede
565 1115 701 1173 resistere
716 1113 826 1170 sentis:
1037 1105 1164 1175 Dixerat,
1181 1103 1329 1176 impietur.
1343 1101 1434 1165 tacet,
1450 1101 1481 1154 et
1495 1095 1672 1169 quandoque
1686 1103 1828 1168 sequetur.

63 1261 65 1265 ,
158 1202 304 1263 Omnibus
318 1209 364 1263 est
379 1205 474 1264 victus
490 1211 575 1272 tirus,
591 1200 981 1262 omuibueomntsamictus
1037 1202 1114 1252 nura
1130 1193 1225 1250 libens
1239 1192 1343 1248 toleret
1357 1186 1493 1261 quisquis
1507 1184 1647 1243 sublimia
1662 1188 1771 1257 speret.

158 1293 267 1351 ectum
285 1295 344 1352 Rea
359 1295 422 1352 cmii
437 1296 615 1360 moderatur,
631 1298 771 1366 adestque
786 1290 874 1348 fideli.
1037 1285 1110 1358 Spes
1124 1279 1276 1355 egrotanti
1292 1278 1446 1345 mesecho,
1462 1274 1596 1347 lectoque
1610 1273 1732 1332 cubanti

160 1390 231 1440 cum
246 1385 317 1441 lurit
333 1402 405 1442 auru
421 1386 501 1454 ibris,
521 1385 625 1456 premit
639 1401 740 1440 uuraru
754 1384 847 1440 iervor
861 1381 982 1454 amoris,
1038 1380 1189 1448 Subvenit,
1202 1377 1306 1435 alludit
1318 1374 1461 1450 gemitum
1476 1372 1681 1445 lacrymasque
1693 1369 1824 1441 retrudit,

159 1471 218 1529 Nec
234 1474 310 1538 nire,
326 1491 378 1532 neo
394 1473 488 1531 ventis
504 1473 581 1546 uiget
595 1474 710 1530 devotio
727 1473 844 1529 meotis.
1036 1471 1130 1528 Anxie
1144 1470 1282 1534 refrenat,
1300 1480 1387 1523 curas
1402 1463 1490 1531 levat,
1508 1476 1558 1517 ora
1572 1464 1700 1519 serenat.

160 1560 260 1618 Ardua
272 1562 353 1619 nulla
364 1561 448 1620 bonis
464 1580 532 1636 spes
547 1563 666 1619 siderea
685 1559 825 1629 regionis,
1038 1562 1154 1632 Necspe
1170 1559 1328 1614 frustretur
1341 1555 1412 1627 quie
1427 1551 1524 1625 prisce
1538 1548 1620 1607 salus
1635 1554 1798 1623 reparatur,

159 1651 184 1687 ¹⁸
198 1652 231 1707 Et
244 1653 316 1708 mibi
332 1653 474 1726 despondi
494 1654 638 1708 reundum
655 1651 729 1709 ursle
741 1653 856 1710 console
869 1649 982 1708 mundi.
1038 1648 1278 1719 incolumemque
1293 1642 1372 1701 brevi
1388 1641 1518 1699 deiectus
1534 1638 1639 1696 debilis
1654 1638 1706 1696 evi

161 1746 224 1798 Nou
242 1741 312 1798 nribi
327 1742 480 1816 scripture
496 1743 587 1809 cordi,
600 1759 657 1799 uon
674 1743 758 1800 lectio
773 1759 860 1814 curu,
998 1743 1098 1821 gNou
1111 1741 1191 1797 tenet
1204 1756 1212 1809 ;
1226 1735 1385 1810 egreditur,
1400 1732 1484 1790 labor
1498 1735 1652 1803 exoptatus
1667 1730 1778 1800 initum

159 1831 218 1889 Nec
230 1831 433 1889 doctrinarum
449 1830 493 1888 uel
511 1832 617 1890 ruentis
628 1832 692 1889 sols
706 1847 868 1890 sacrarum.
1040 1828 1071 1885 lit
1088 1827 1173 1902 quasi
1189 1824 1360 1900 pulmentis,
1376 1827 1427 1880 aut
1442 1819 1626 1877 multimodis
1638 1819 1785 1876 elimentis

92 1958 95 1963 -
161 1920 224 1980 Una
240 1923 294 1979 tuit
309 1927 424 1979 tantum
441 1922 570 1988 devotio,
584 1920 686 1995 iepsus
697 1929 860 1989 amentum,
1037 1919 1157 1975 Femina
1171 1917 1294 1983 letetur,
1310 1929 1373 1986 que
1387 1911 1508 1969 uomina
1518 1909 1582 1967 sola
1595 1912 1723 1975 seretur,

160 2014 254 2087 Inque
270 2013 403 2087 lupanari
417 2013 524 2085 populu
540 2013 617 2070 male
630 2014 811 2084 morigerari.
1038 2006 1096 2064 Vas
1111 2007 1252 2064 elixarum
1269 2004 1325 2061 lert
1339 2017 1440 2060 secum
1455 2001 1476 2037 ⁷¹
1492 1998 1713 2066 lenticularum,

51 2092 52 2097 ¹
159 2103 190 2162 st
206 2103 277 2175 quid
294 2103 502 2171 honestatis,ei
520 2119 648 2168 morum,
665 2103 690 2160 si
710 2103 838 2177 pietatis,
1040 2097 1186 2169 Tectaque
1200 2093 1325 2153 sollicite
1340 2090 1537 2166 superaddens
1552 2087 1663 2145 iercuia
1676 2088 1752 2143 sita.

159 2193 188 2248 Si
205 2193 370 2249 divinorum
387 2192 569 2248 monimenta
584 2194 709 2248 retracto
724 2192 863 2249 librorum
1041 2187 1125 2259 Capit
1139 2187 1194 2243 iter
1209 2187 1301 2258 plene
1316 2183 1370 2240 sub
1386 2197 1475 2239 secra
1490 2194 1611 2252 vespero
1625 2195 1726 2250 coene,

160 2281 282 2340 Caelites
296 2298 363 2340 ecce
374 2281 472 2348 datur,
489 2280 565 2338 Deus
576 2280 637 2336 heo
653 2281 746 2349 docet,
763 2281 823 2338 bec
837 2284 985 2354 operatur.
1040 2280 1154 2349 Speque
1169 2275 1285 2347 ildcque
1300 2273 1378 2331 citus
1394 2273 1529 2344 properat
1543 2269 1713 2340 contingere
1724 2267 1828 2325 littus:

160 2373 286 2447 Spiritus
297 2373 407 2445 absque
426 2388 507 2428 more
524 2374 651 2427 mentem
667 2371 768 2443 reptet,
781 2371 878 2428 erudit
891 2386 959 2428 ora:
1040 2363 1134 2435 thue
1149 2362 1273 2436 gradum
1290 2360 1362 2431 lixit,
1379 2358 1532 2431 suspirans
1548 2357 1620 2414 talia
1632 2355 1728 2413 dixit:

161 2462 267 2520 Nullus
283 2462 418 2529 discenti,
434 2460 535 2516 nullus
549 2459 632 2516 labor
647 2460 812 2516 erudiendi.
1041 2463 1092 2520 Hei
1108 2461 1199 2519 mihil
1216 2462 1265 2535 qui
1284 2463 1393 2517 trustra
1403 2474 1510 2530 sequor
1524 2457 1624 2513 baecat
1638 2455 1747 2513 circuio
1757 2455 1861 2528 lustra,

161 2551 208 2607 sio
224 2551 296 2607 mibi
310 2549 462 2623 praeterite
479 2549 625 2605 duxerunt
639 2552 773 2621 tempora
787 2548 871 2605 vite:
1039 2559 1096 2610 Aut
1111 2551 1202 2611 oblita
1216 2552 1295 2609 senis
1311 2550 1393 2618 latet,
1409 2555 1461 2606 eut
1476 2549 1607 2604 tardatur
1621 2547 1731 2617 arenis,

160 2637 743 2712 Temporaquercetautmercedisspem
755 2637 985 2711 mihiprestant,
1040 2644 1098 2699 Aut
1113 2641 1193 2716 prior
1206 2642 1340 2710 accessit,
1357 2640 1408 2697 sed
1425 2654 1477 2711 epe
1493 2639 1633 2694 frustrata
1648 2637 1792 2706 recessit;

161 2726 186 2764 ⁶⁸
199 2729 301 2786 liertis
316 2727 467 2798 solemnis,
478 2728 547 2799 quia
561 2741 673 2783 merces
688 2728 747 2783 vite
758 2727 905 2800 perennis.
1039 2737 1074 2790 ut
1088 2734 1158 2790 dum
1175 2738 1258 2790 necto
1275 2748 1384 2800 moras,
1396 2730 1466 2787 adiit
1483 2745 1558 2803 ques
1573 2728 1674 2785 incolit
1689 2745 1766 2785 oras.

474 2814 615 2874 citisus
634 2817 672 2873 X.
1041 2822 1185 2880 Fortassis
1200 2821 1307 2889 veniet,
1322 2821 1373 2877 sed
1384 2836 1447 2890 tque
1464 2817 1535 2874 mihi
1552 2816 1634 2890 copia
1648 2816 1708 2883 fist,

162 2909 271 2966 Ordine
286 2906 395 2980 digessi
411 2905 555 2980 quidquid
571 2905 647 2962 male
660 2904 704 2963 vel
720 2907 792 2963 bene
807 2907 896 2980 gessi,
1038 2913 1092 2971 vel
1108 2930 1191 2971 sacra
1203 2911 1350 2978 tradendi,
1366 2911 1408 2966 vet
1425 2927 1491 2966 cnm
1511 2909 1633 2965 muliere
1647 2906 1812 2981 loquendis

11 2960 15 2967 ἱ
38 3070 42 3075 ¹
158 3001 217 3059 Nec
234 3000 341 3075 puduit
354 2999 444 3074 retegi
456 3016 520 3072 que
536 2998 711 3073 flagitiosius
727 2999 784 3074 egi.
1040 3002 1146 3060 Obstat
1161 3000 1312 3069 Jordenie,
1326 3000 1380 3056 niti
1397 3000 1469 3072 pede
1484 2999 1569 3056 nisus
1583 2996 1696 3054 inanis:

158 3089 205 3147 Nil
220 3098 353 3164 superest
368 3089 466 3164 operis
481 3106 534 3148 cur
546 3088 676 3161 amplius
690 3087 738 3146 hic
753 3090 929 3148 remoreris:
1005 3116 1027 3186 c
1040 3092 1153 3166 Quippe
1166 3093 1274 3149 vadum
1295 3105 1452 3162 nusquam,
1478 3091 1527 3145 sed
1544 3103 1597 3144 nec
1625 3103 1712 3160 pone,
1728 3101 1782 3143 nec
1795 3087 1867 3145 ratis

34 3172 37 3177 ’
156 3177 985 3252 Umbrsprocrescunr,venithesperucestranitercnnt,
1679 3175 1830 3248 [usquam.

157 3266 221 3327 Nox
234 3285 321 3326 cursu
336 3269 433 3341 solito,
450 3269 577 3326 reditum
593 3268 689 3340 jubet:
708 3285 778 3344 ergo
794 3270 898 3329 redito.
1042 3270 1127 3328 Plura
1142 3287 1230 3328 senex
1245 3277 1367 3343 questus
1377 3266 1546 3324 circumfert
1556 3265 1671 3322 lumina
1686 3271 1822 3334 mrestus,

163 3358 289 3433 dureque
303 3358 392 3416 “tibi
408 3357 462 3416 soli
479 3357 624 3428 commisi,
642 3359 769 3432 paudere
785 3359 855 3418 noli.
1042 3360 1186 3434 Prospicit
1200 3364 1322 3427 attente,
1339 3355 1453 3415 mensi¹
1467 3357 1545 3413 enim
1561 3359 1638 3413 tacet
1651 3371 1701 3412 ore
1717 3360 1842 3412 tacente.

165 3449 286 3516 Quando
305 3448 518 3507 monasterinm
528 3446 703 3506 claustrales
712 3449 908 3521 egredientur,
1041 3452 1113 3509 iitccs
1122 3452 1213 3523 gradu
1229 3464 1363 3524 propero,
1380 3448 1459 3505 nudo
1474 3448 1558 3520 pede,
1572 3462 1692 3520 vespere
1707 3462 1783 3517 sero,

160 3537 197 3595 Ni
213 3539 321 3612 pariter
335 3537 458 3595 dorium
469 3536 485 3593 J
489 3535 609 3593 ordenis
622 3535 645 3572 ⁶²
658 3537 871 3610 ingredientur,
1041 3541 1125 3598 Sicut
1140 3537 1286 3613 promisit,
1302 3537 1382 3594 venit
1396 3537 1455 3608 ille,
1472 3552 1627 3609 senemque
1643 3535 1762 3604 revisit;

161 3627 228 3699 lpse
243 3627 323 3684 domi
339 3625 473 3682 residens
489 3625 591 3682 morbo
607 3625 773 3683 remanebis
790 3633 905 3700 agente,
1041 3628 1268 3702 subsistensque
1283 3643 1384 3700 perum
1400 3625 1484 3697 quasi
1503 3627 1579 3681 leasa
1594 3624 1694 3682 labore
1708 3624 1831 3692 viarum,

160 3714 252 3781 Quem
269 3721 368 3772 tamen
381 3715 485 3771 evades
500 3714 624 3771 Domino
639 3714 690 3771 tibi
701 3715 901 3775 subveniente.
1040 3717 1132 3791 Erigit
1146 3717 1182 3775 ad
1195 3733 1319 3790 superos
1332 3715 1462 3773 animum
1476 3715 1635 3786 vultusque
1650 3729 1779 3784 serenos,

161 3805 323 3863 incolumis
339 3807 432 3862 iectus
447 3805 503 3874 exi,
520 3806 706 3863 cunctamine
720 3807 848 3881 dempto,
1040 3812 1076 3865 Bt
1090 3811 1162 3864 nene
1176 3806 1306 3864 tecundae
1321 3805 1438 3878 signum
1454 3803 1549 3860 crucis
1565 3802 1710 3875 imprimit
1721 3802 1817 3859 unde.

163 3893 326 3966 literisque
341 3894 441 3950 cibum
458 3900 553 3951 tecum
567 3894 679 3952 deterre
695 3901 860 3954 memento:
1041 3896 1088 3953 Sic
1102 3912 1137 3952 aa
1152 3900 1286 3970 portento
1302 3893 1409 3951 similis
1424 3894 1497 3966 pede
1512 3891 1716 3966 pulverulento

162 3983 254 4049 Quem
270 3983 352 4040 oretis
367 3998 463 4055 spero,
476 3982 562 4040 terris
574 3998 750 4056 presumere
766 4001 874 4058 quaero.
1041 3983 1265 4057 luterJ'cotarum
1280 3982 1387 4039 transit
1401 3981 1559 4037 discrimen
1576 3996 1733 4053 uquarum.

161 4074 249 4145 Spero
265 4090 325 4132 rem
342 4089 457 4147 puram,
474 4078 541 4147 peto
557 4090 631 4143 rem,
645 4073 745 4148 reique
760 4075 905 4148 liguram:
1039 4071 1120 4130 Nulli
1133 4073 1182 4146 qui
1199 4070 1292 4128 credit
1306 4087 1337 4128 se
1353 4070 1474 4137 mundo,
1491 4070 1621 4126 mundus
1637 4069 1748 4136 obedit,

164 4163 268 4222 1218
284 4164 342 4221 Neo
357 4161 489 4221 animata
503 4162 579 4231 cibo,
591 4179 649 4235 quo
664 4165 751 4220 tendo
767 4164 862 4222 tutius
872 4165 931 4223 ibo.
1039 4163 1130 4219 Menti
1147 4160 1270 4219 sinceris
1282 4165 1392 4217 norunt
1406 4160 1552 4216 elementa
1563 4159 1679 4227 larerc;

160 4245 212 4304 Hic
224 4244 297 4303 mihi
312 4245 487 4311 conductus,
503 4250 611 4313 vector,
625 4243 682 4317 via,
698 4245 805 4318 petria,
821 4246 942 4305 tructus.
1040 4260 1152 4333 Quique
1167 4259 1253 4316 honis
1268 4258 1385 4331 gaudet,
1403 4256 1477 4313 bonu
1488 4271 1607 4328 poscere
1619 4254 1858 4329 qumitbutaudet.

160 4335 220 4394 5⁰⁰
234 4335 309 4393 ⁶⁰⁰⁰
324 4350 410 4409 ⁰⁰PP0
426 4334 514 4404 Viam·
531 4333 640 4400 iibirffli
656 4335 748 4404 P⁸¹⁰b
761 4335 844 4394 ⁰bii²
855 4337 935 4397 ss⁸¹1²·
1039 4349 1087 4407 Nil
1101 4350 1210 4406 irustra
1224 4352 1333 4421 captat,
1349 4346 1400 4420 qui
1416 4361 1448 4402 se
1463 4345 1527 4403 sine
1546 4344 1666 4403 vulnere
1677 4352 1797 4404 mactat.

160 4422 316 4482 ilisooulis
330 4425 436 4481 iterum
447 4427 476 4481 te
491 4424 620 4481 conteret
636 4439 695 4481 uua
706 4422 832 4495 dierum,
1041 4439 1123 4496 gum
1138 4436 1309 4511 fgfquebgq
1326 4452 1378 4492 „00
1392 4436 1468 4498 [ηοω
1484 4435 1573 4493 raim
1588 4435 1714 4504 sinebat·

162 4512 306 4583 &institis
321 4518 351 4571 0⁸
364 4514 497 4587 (tumim
515 4529 580 4586 <1¹¹ae
595 4512 709 4585 timisti
724 4513 863 4573 ffiifibufl
874 4516 970 4576 idw-
999 4487 1024 4555 υ
1039 4531 1081 4586 ed
1098 4528 1197 4586 radios
1212 4528 1298 4600 cujus
1313 4526 1465 4600 patefactis
1481 4526 1592 4582 visibus
1603 4526 1703 4598 hujus,

159 4607 241 4661 'luno
256 4619 319 4675 ego,
335 4611 402 4661 tuno
417 4604 537 4660 demum
548 4618 615 4659 sum
630 4606 660 4659 te
674 4602 771 4661 visure
782 4621 965 4679 supremum.
1039 4611 1075 4667 Et
1088 4624 1159 4667 sene
1173 4608 1363 4668 multimodas
1374 4610 1526 4679 extorquet
1540 4612 1569 4663 ct
1584 4606 1660 4663 elicit
1675 4608 1758 4664 odes.

160 4694 230 4751 Inde
245 4693 389 4750 valedicto
401 4693 518 4749 Zosime
530 4692 605 4765 lugit
620 4691 671 4749 illa
684 4693 798 4751 relicto.
1039 4700 1111 4757 Ecce
1126 4698 1183 4773 piis
1197 4697 1283 4768 votis,
1298 4697 1474 4768 ambagibus
1484 4695 1552 4753 inde
1569 4697 1704 4769 remotis,

156 4789 225 4852 ipse
236 4781 432 4847 recedentem,
448 4798 502 4837 nec
517 4781 561 4836 vel
582 4798 666 4854 prece
681 4782 896 4856 respicientem,
1038 4789 1157 4846 Femina
1171 4790 1273 4863 virque
1284 4792 1398 4858 vacant,
1412 4803 1590 4860 secraprece
1601 4788 1860 4862 numinaplacant,

156 4869 347 4943 Prosequitur
360 4871 435 4937 risu,
452 4884 539 4942 quem
555 4874 711 4943 postquam
737 4874 885 4946 prepete⁸⁸
900 4875 964 4932 visu
1039 4877 1169 4936 Fletibus
1186 4896 1236 4936 ora
1252 4878 1358 4951 rigant,
1374 4876 1506 4949 singultu
1522 4878 1611 4933 verba
1627 4877 1762 4952 fatigant,

157 4960 206 5019 sic
215 4957 360 5032 asportari
374 4959 461 5024 videt,
475 4962 503 5014 et
518 4958 625 5014 trustra
637 4962 775 5030 revocari,
1039 4972 1092 5025 Pro
1104 4968 1239 5042 reprobis
1255 4971 1350 5033 orent,
1365 4965 1507 5038 exemplis
1522 4967 1608 5023 serbe
1624 4965 1758 5024 colorant

159 5050 305 5112 Convertit
320 5065 452 5124 gressus,
465 5048 550 5117 redit,
565 5051 773 5123 egrediturque
788 5068 928 5111 recessus.
1039 5061 1171 5116 Gaudent
1186 5059 1298 5117 sincere
1313 5056 1511 5127 melisenses,
1526 5057 1572 5114 vir
1587 5058 1730 5129 muliersr

159 5140 239 5199 cotta
252 5141 405 5198 revertenti
423 5143 510 5212 patet,
528 5141 616 5195 beret
632 5139 741 5196 lemine
751 5141 852 5210 ruenti,
1037 5150 1218 5219 Summaque
1233 5146 1388 5203 verborum
1405 5142 1485 5201 Deus
1500 5149 1553 5214 est,
1570 5150 1622 5202 aut
1637 5146 1722 5203 lectio
1737 5163 1860 5205 morum.

45 5262 48 5269 ·
155 5231 282 5298 Femina,
297 5233 432 5288 versetur
447 5231 476 5285 in
493 5236 618 5302 pectore,
634 5228 740 5301 virque
755 5236 877 5302 putatur
1038 5237 1091 5294 His
1105 5253 1141 5294 ea
1155 5236 1278 5311 patratis
1292 5234 1372 5293 uenit
1386 5234 1422 5291 ed
1438 5233 1559 5291 calicem
1575 5233 1705 5309 pietatis,

196 5449 312 5514 “Em'’
342 5446 467 5507 mmm·
516 5444 540 5480 ⁸⁵
555 5443 635 5509 Eme
650 5444 760 5502 '‘W“
799 5447 822 5484 ⁸⁰
837 5446 916 5517 Ele·
932 5448 1051 5527 osaequ
1078 5452 1178 5510 diter
1193 5451 1259 5509 uu.
1308 5451 1330 5488 ⁸¹
1345 5450 1409 5518 ss..
1437 5451 1697 5522 succrecens,
1748 5452 1863 5523 eser..

157 5558 234 5604 erse.
285 5538 406 5607 ηπ,
421 5533 613 5596 desciscis.
665 5531 690 5570 ⁷·
710 5533 1011 5604 thematum,
1057 5538 1080 5580 rr
1095 5541 1178 5614 pbr„
1193 5541 1319 5613 ,mm
1369 5537 1395 5578 7,
1418 5537 1502 5614 Q,
1516 5542 1575 5599 m
1589 5545 1671 5604 Μ
