<?xml version="1.0" encoding="UTF-8"?>
<!DOCTYPE html PUBLIC "-//W3C//DTD XHTML 1.0 Transitional//EN"
    "http://www.w3.org/TR/xhtml1/DTD/xhtml1-transitional.dtd">
<html xmlns="http://www.w3.org/1999/xhtml" xml:lang="en" lang="en">
 <head>
  <title>
</title>
<meta http-equiv="Content-Type" content="text/html;charset=utf-8" />
  <meta name='ocr-system' content='tesseract 3.04.00' />
  <meta name='ocr-capabilities' content='ocr_page ocr_carea ocr_par ocr_line ocrx_word'/>
</head>
<body>
  <div class='ocr_page' id='page_1' title='image "./patrologiaecurs35unkngoog_0863.png"; bbox 0 0 3802 6030; ppageno 0'>
   <div class='ocr_carea' id='block_1_1' title="bbox 139 195 1864 266">
    <p class='ocr_par' dir='ltr' id='par_1_1' title="bbox 139 195 1864 266">
     <span class='ocr_line' id='line_1_1' title="bbox 139 195 1864 266; baseline -0.001 -1"><span class='ocrx_word' id='word_1_1' title='bbox 139 200 214 266; x_wconf 76' lang='lat'><strong>{727</strong></span> <span class='ocrx_word' id='word_1_2' title='bbox 672 195 851 260; x_wconf 71' lang='lat' dir='ltr'><strong>trouhout</strong></span> <span class='ocrx_word' id='word_1_3' title='bbox 876 197 1114 263; x_wconf 79' lang='lat' dir='ltr'><strong>aunquNSls</strong></span> <span class='ocrx_word' id='word_1_4' title='bbox 1135 203 1313 266; x_wconf 73' lang='lat' dir='ltr'><strong>episcopt</strong></span> <span class='ocrx_word' id='word_1_5' title='bbox 1789 204 1864 264; x_wconf 68' lang='lat'><strong>{728</strong></span> 
     </span>
    </p>
   </div>
   <div class='ocr_carea' id='block_1_2' title="bbox 136 329 1841 1030">
    <p class='ocr_par' dir='ltr' id='par_1_2' title="bbox 138 329 1822 588">
     <span class='ocr_line' id='line_1_2' title="bbox 139 329 1822 412; baseline -0.001 -17"><span class='ocrx_word' id='word_1_6' title='bbox 139 336 229 395; x_wconf 82' lang='lat' dir='ltr'><strong>Plena</strong></span> <span class='ocrx_word' id='word_1_7' title='bbox 242 333 328 402; x_wconf 91' lang='lat' dir='ltr'><strong>dolis,</strong></span> <span class='ocrx_word' id='word_1_8' title='bbox 345 331 444 389; x_wconf 88' lang='lat' dir='ltr'><strong>odiosa</strong></span> <span class='ocrx_word' id='word_1_9' title='bbox 459 329 544 403; x_wconf 76' lang='lat' dir='ltr'><strong>polla,</strong></span> <span class='ocrx_word' id='word_1_10' title='bbox 560 331 624 387; x_wconf 74' lang='lat' dir='ltr'><strong>sine</strong></span> <span class='ocrx_word' id='word_1_11' title='bbox 639 329 751 386; x_wconf 71' lang='lat' dir='ltr'><strong>lumine</strong></span> <span class='ocrx_word' id='word_1_12' title='bbox 766 330 847 400; x_wconf 71' lang='lat' dir='ltr'><strong>solis,</strong></span> <span class='ocrx_word' id='word_1_13' title='bbox 976 333 1005 400; x_wconf 75' lang='lat' dir='ltr'>A</span> <span class='ocrx_word' id='word_1_14' title='bbox 1063 335 1190 394; x_wconf 82' lang='lat' dir='ltr'><strong>XXXIX.</strong></span> <span class='ocrx_word' id='word_1_15' title='bbox 1204 338 1346 412; x_wconf 79' lang='lat' dir='ltr'><em>Quomodo</em></span> <span class='ocrx_word' id='word_1_16' title='bbox 1361 339 1499 407; x_wconf 76' lang='lat' dir='ltr'><strong><em>decipitur</em></strong></span> <span class='ocrx_word' id='word_1_17' title='bbox 1513 339 1563 410; x_wconf 86' lang='lat' dir='ltr'><strong>qui</strong></span> <span class='ocrx_word' id='word_1_18' title='bbox 1576 353 1702 393; x_wconf 75' lang='lat' dir='ltr'><strong>saumuro</strong></span> <span class='ocrx_word' id='word_1_19' title='bbox 1718 340 1822 394; x_wconf 74' lang='lat' dir='ltr'><strong>seruit.</strong></span> 
     </span>
     <span class='ocr_line' id='line_1_3' title="bbox 140 420 1757 498; baseline -0.004 -12"><span class='ocrx_word' id='word_1_20' title='bbox 140 431 172 486; x_wconf 93' lang='lat' dir='ltr'><strong>In</strong></span> <span class='ocrx_word' id='word_1_21' title='bbox 185 425 315 484; x_wconf 90' lang='lat' dir='ltr'><strong>tenebris</strong></span> <span class='ocrx_word' id='word_1_22' title='bbox 329 427 413 476; x_wconf 88' lang='lat' dir='ltr'><strong>vacat</strong></span> <span class='ocrx_word' id='word_1_23' title='bbox 427 420 582 492; x_wconf 77' lang='lat' dir='ltr'>illecebris,</span> <span class='ocrx_word' id='word_1_24' title='bbox 599 423 763 494; x_wconf 85' lang='lat' dir='ltr'><strong>gaudetque</strong></span> <span class='ocrx_word' id='word_1_25' title='bbox 777 421 907 479; x_wconf 82' lang='lat' dir='ltr'><strong>latebris.</strong></span> <span class='ocrx_word' id='word_1_26' title='bbox 1109 426 1141 498; x_wconf 76' lang='lat' dir='ltr'><strong>(li</strong></span> <span class='ocrx_word' id='word_1_27' title='bbox 1157 444 1212 483; x_wconf 90' lang='lat' dir='ltr'><strong>ms.</strong></span> <span class='ocrx_word' id='word_1_28' title='bbox 1230 429 1259 484; x_wconf 86' lang='lat' dir='ltr'><strong>S.</strong></span> <span class='ocrx_word' id='word_1_29' title='bbox 1277 428 1379 484; x_wconf 63' lang='lat' dir='ltr'><strong>datlen</strong></span> <span class='ocrx_word' id='word_1_30' title='bbox 1395 429 1502 483; x_wconf 83' lang='lat' dir='ltr'><strong>Toron</strong></span> <span class='ocrx_word' id='word_1_31' title='bbox 1520 426 1584 482; x_wconf 85' lang='lat' dir='ltr'><strong>Non</strong></span> <span class='ocrx_word' id='word_1_32' title='bbox 1602 426 1757 498; x_wconf 84' lang='lat' dir='ltr'><strong>editum.)</strong></span> 
     </span>
     <span class='ocr_line' id='line_1_4' title="bbox 138 511 1744 588; baseline -0.002 -14"><span class='ocrx_word' id='word_1_33' title='bbox 138 516 285 575; x_wconf 74' lang='lat' dir='ltr'>Desidiam</span> <span class='ocrx_word' id='word_1_34' title='bbox 303 517 386 584; x_wconf 88' lang='lat' dir='ltr'><strong>putot</strong></span> <span class='ocrx_word' id='word_1_35' title='bbox 401 511 547 583; x_wconf 82' lang='lat' dir='ltr'><strong>egregiam</strong></span> <span class='ocrx_word' id='word_1_36' title='bbox 564 511 734 583; x_wconf 76' lang='lat' dir='ltr'><strong>spernitque</strong></span> <span class='ocrx_word' id='word_1_37' title='bbox 749 511 893 582; x_wconf 85' lang='lat' dir='ltr'><strong>sophiam.</strong></span> <span class='ocrx_word' id='word_1_38' title='bbox 1016 514 1094 569; x_wconf 85' lang='lat' dir='ltr'><strong>Heu!</strong></span> <span class='ocrx_word' id='word_1_39' title='bbox 1112 533 1163 570; x_wconf 89' lang='lat' dir='ltr'><strong>cur</strong></span> <span class='ocrx_word' id='word_1_40' title='bbox 1178 515 1224 573; x_wconf 82' lang='lat' dir='ltr'><strong>lex</strong></span> <span class='ocrx_word' id='word_1_41' title='bbox 1239 521 1347 572; x_wconf 88' lang='lat' dir='ltr'><strong>temere</strong></span> <span class='ocrx_word' id='word_1_42' title='bbox 1362 516 1412 571; x_wconf 86' lang='lat' dir='ltr'><strong>vili</strong></span> <span class='ocrx_word' id='word_1_43' title='bbox 1428 516 1635 588; x_wconf 79' lang='lat' dir='ltr'><strong>corrumpitur</strong></span> <span class='ocrx_word' id='word_1_44' title='bbox 1649 515 1744 571; x_wconf 78' lang='lat' dir='ltr'><strong>cerei</strong></span> 
     </span>
    </p>

    <p class='ocr_par' dir='ltr' id='par_1_3' title="bbox 136 601 1841 1030">
     <span class='ocr_line' id='line_1_5' title="bbox 136 601 1841 678; baseline -0.003 -15"><span class='ocrx_word' id='word_1_45' title='bbox 136 608 190 664; x_wconf 76' lang='lat' dir='ltr'><strong>lus</strong></span> <span class='ocrx_word' id='word_1_46' title='bbox 205 610 486 659; x_wconf 79' lang='lat' dir='ltr'><strong>atrumencutomnc</strong></span> <span class='ocrx_word' id='word_1_47' title='bbox 499 601 958 673; x_wconf 84' lang='lat' dir='ltr'><strong>patrum,meriturubarathrum.</strong></span> <span class='ocrx_word' id='word_1_48' title='bbox 1015 608 1084 671; x_wconf 88' lang='lat' dir='ltr'><strong>Cur,</strong></span> <span class='ocrx_word' id='word_1_49' title='bbox 1101 604 1199 676; x_wconf 90' lang='lat' dir='ltr'><strong>homo,</strong></span> <span class='ocrx_word' id='word_1_50' title='bbox 1215 605 1378 678; x_wconf 75' lang='lat' dir='ltr'><strong>deciperis?</strong></span> <span class='ocrx_word' id='word_1_51' title='bbox 1394 622 1447 661; x_wconf 90' lang='lat' dir='ltr'><strong>cur</strong></span> <span class='ocrx_word' id='word_1_52' title='bbox 1461 605 1563 661; x_wconf 89' lang='lat' dir='ltr'><strong>mundi</strong></span> <span class='ocrx_word' id='word_1_53' title='bbox 1579 604 1676 661; x_wconf 89' lang='lat' dir='ltr'><strong>luudc</strong></span> <span class='ocrx_word' id='word_1_54' title='bbox 1694 604 1841 662; x_wconf 73' lang='lat' dir='ltr'><strong>teneris?</strong></span> 
     </span>
     <span class='ocr_line' id='line_1_6' title="bbox 138 688 1753 766; baseline -0.001 -15"><span class='ocrx_word' id='word_1_55' title='bbox 138 693 306 752; x_wconf 76' lang='lat' dir='ltr'><strong>causidicos</strong></span> <span class='ocrx_word' id='word_1_56' title='bbox 322 707 372 762; x_wconf 87' lang='lat' dir='ltr'><strong>per</strong></span> <span class='ocrx_word' id='word_1_57' title='bbox 387 688 536 745; x_wconf 79' lang='lat' dir='ltr'><strong>falsidicos</strong></span> <span class='ocrx_word' id='word_1_58' title='bbox 551 688 676 745; x_wconf 89' lang='lat' dir='ltr'><strong>absolvit</strong></span> <span class='ocrx_word' id='word_1_59' title='bbox 691 689 818 761; x_wconf 90' lang='lat' dir='ltr'><strong>iniquos.</strong></span> <span class='ocrx_word' id='word_1_60' title='bbox 1016 691 1082 759; x_wconf 87' lang='lat' dir='ltr'><strong>Cur,</strong></span> <span class='ocrx_word' id='word_1_61' title='bbox 1098 693 1195 764; x_wconf 86' lang='lat' dir='ltr'><strong>homo,</strong></span> <span class='ocrx_word' id='word_1_62' title='bbox 1211 699 1239 750; x_wconf 89' lang='lat' dir='ltr'><strong>tc</strong></span> <span class='ocrx_word' id='word_1_63' title='bbox 1254 693 1360 750; x_wconf 75' lang='lat' dir='ltr'><strong>laedis?</strong></span> <span class='ocrx_word' id='word_1_64' title='bbox 1375 709 1426 749; x_wconf 88' lang='lat' dir='ltr'><strong>eur</strong></span> <span class='ocrx_word' id='word_1_65' title='bbox 1441 710 1458 749; x_wconf 83' lang='lat' dir='ltr'><strong>a</strong></span> <span class='ocrx_word' id='word_1_66' title='bbox 1475 693 1582 766; x_wconf 86' lang='lat' dir='ltr'><strong>pietate</strong></span> <span class='ocrx_word' id='word_1_67' title='bbox 1599 693 1753 751; x_wconf 80' lang='lat' dir='ltr'><strong>recedis?</strong></span> 
     </span>
     <span class='ocr_line' id='line_1_7' title="bbox 138 778 1784 855; baseline -0.001 -17"><span class='ocrx_word' id='word_1_68' title='bbox 138 781 289 839; x_wconf 86' lang='lat' dir='ltr'><strong>Veridicos</strong></span> <span class='ocrx_word' id='word_1_69' title='bbox 304 785 333 835; x_wconf 89' lang='lat' dir='ltr'><strong>et</strong></span> <span class='ocrx_word' id='word_1_70' title='bbox 348 779 485 852; x_wconf 86' lang='lat' dir='ltr'><strong>pacificos</strong></span> <span class='ocrx_word' id='word_1_71' title='bbox 500 778 677 834; x_wconf 86' lang='lat' dir='ltr'><strong>condemnat</strong></span> <span class='ocrx_word' id='word_1_72' title='bbox 692 779 812 836; x_wconf 88' lang='lat' dir='ltr'><strong>amicos.</strong></span> <span class='ocrx_word' id='word_1_73' title='bbox 1016 780 1088 836; x_wconf 91' lang='lat' dir='ltr'><strong>Cum</strong></span> <span class='ocrx_word' id='word_1_74' title='bbox 1105 782 1196 854; x_wconf 89' lang='lat' dir='ltr'><strong>legem</strong></span> <span class='ocrx_word' id='word_1_75' title='bbox 1214 782 1340 855; x_wconf 84' lang='lat' dir='ltr'><strong>spernis,</strong></span> <span class='ocrx_word' id='word_1_76' title='bbox 1357 782 1510 839; x_wconf 87' lang='lat' dir='ltr'><strong>tenebroso</strong></span> <span class='ocrx_word' id='word_1_77' title='bbox 1526 783 1644 839; x_wconf 90' lang='lat' dir='ltr'><strong>lumine</strong></span> <span class='ocrx_word' id='word_1_78' title='bbox 1662 783 1784 839; x_wconf 85' lang='lat' dir='ltr'><strong>cernis.</strong></span> 
     </span>
     <span class='ocr_line' id='line_1_8' title="bbox 140 868 1791 945; baseline 0 -17"><span class='ocrx_word' id='word_1_79' title='bbox 140 868 961 942; x_wconf 87' lang='lat' dir='ltr'><strong>Quisquebonusreputaturonus,neqnitessepatronus.</strong></span> <span class='ocrx_word' id='word_1_80' title='bbox 1016 871 1128 945; x_wconf 78' lang='lat' dir='ltr'><strong>Aspice,</strong></span> <span class='ocrx_word' id='word_1_81' title='bbox 1146 871 1292 941; x_wconf 88' lang='lat' dir='ltr'><strong>mortalis,</strong></span> <span class='ocrx_word' id='word_1_82' title='bbox 1306 887 1368 944; x_wconf 78' lang='lat' dir='ltr'><strong>qua</strong></span> <span class='ocrx_word' id='word_1_83' title='bbox 1383 869 1460 939; x_wconf 90' lang='lat' dir='ltr'><strong>laus,</strong></span> <span class='ocrx_word' id='word_1_84' title='bbox 1477 890 1540 945; x_wconf 80' lang='lat' dir='ltr'><strong>que</strong></span> <span class='ocrx_word' id='word_1_85' title='bbox 1551 872 1664 944; x_wconf 87' lang='lat' dir='ltr'><strong>gloria,</strong></span> <span class='ocrx_word' id='word_1_86' title='bbox 1683 871 1791 944; x_wconf 82' lang='lat' dir='ltr'><strong>qualis</strong></span> 
     </span>
     <span class='ocr_line' id='line_1_9' title="bbox 138 956 1793 1030; baseline -0.001 -12"><span class='ocrx_word' id='word_1_87' title='bbox 138 961 219 1018; x_wconf 88' lang='lat' dir='ltr'><strong>Bella</strong></span> <span class='ocrx_word' id='word_1_88' title='bbox 234 959 300 1023; x_wconf 89' lang='lat' dir='ltr'><strong>ciet,</strong></span> <span class='ocrx_word' id='word_1_89' title='bbox 317 973 410 1029; x_wconf 87' lang='lat' dir='ltr'><strong>neque</strong></span> <span class='ocrx_word' id='word_1_90' title='bbox 427 957 551 1024; x_wconf 86' lang='lat' dir='ltr'><strong>deliciet,</strong></span> <span class='ocrx_word' id='word_1_91' title='bbox 568 956 637 1027; x_wconf 89' lang='lat' dir='ltr'><strong>quia</strong></span> <span class='ocrx_word' id='word_1_92' title='bbox 652 956 782 1028; x_wconf 88' lang='lat' dir='ltr'><strong>pessima</strong></span> <span class='ocrx_word' id='word_1_93' title='bbox 796 957 854 1012; x_wconf 89' lang='lat' dir='ltr'><strong>sset.</strong></span> <span class='ocrx_word' id='word_1_94' title='bbox 1017 961 1060 1017; x_wconf 90' lang='lat' dir='ltr'><strong>Sit</strong></span> <span class='ocrx_word' id='word_1_95' title='bbox 1076 961 1179 1018; x_wconf 92' lang='lat' dir='ltr'><strong>mundi</strong></span> <span class='ocrx_word' id='word_1_96' title='bbox 1191 962 1323 1030; x_wconf 79' lang='lat' dir='ltr'><strong>tructus3</strong></span> <span class='ocrx_word' id='word_1_97' title='bbox 1344 960 1418 1016; x_wconf 90' lang='lat' dir='ltr'><strong>nibil</strong></span> <span class='ocrx_word' id='word_1_98' title='bbox 1434 965 1479 1016; x_wconf 91' lang='lat' dir='ltr'><strong>est</strong></span> <span class='ocrx_word' id='word_1_99' title='bbox 1489 962 1518 1016; x_wconf 92' lang='lat' dir='ltr'><strong>in</strong></span> <span class='ocrx_word' id='word_1_100' title='bbox 1535 977 1568 1017; x_wconf 89' lang='lat' dir='ltr'><strong>eo</strong></span> <span class='ocrx_word' id='word_1_101' title='bbox 1584 960 1645 1017; x_wconf 90' lang='lat' dir='ltr'><strong>nisi</strong></span> <span class='ocrx_word' id='word_1_102' title='bbox 1664 961 1793 1017; x_wconf 89' lang='lat' dir='ltr'><strong>luctus:</strong></span> 
     </span>
    </p>
   </div>
   <div class='ocr_carea' id='block_1_3' title="bbox 36 1042 1823 1122">
    <p class='ocr_par' dir='ltr' id='par_1_4' title="bbox 36 1042 1823 1122">
     <span class='ocr_line' id='line_1_10' title="bbox 36 1042 1823 1122; baseline -0.001 -15"><span class='ocrx_word' id='word_1_103' title='bbox 36 1042 39 1051; x_wconf 80' lang='lat'>&#39;</span> <span class='ocrx_word' id='word_1_104' title='bbox 137 1051 228 1108; x_wconf 89' lang='lat' dir='ltr'><strong>Nemo</strong></span> <span class='ocrx_word' id='word_1_105' title='bbox 244 1048 363 1121; x_wconf 90' lang='lat' dir='ltr'><strong>quidem</strong></span> <span class='ocrx_word' id='word_1_106' title='bbox 379 1048 433 1103; x_wconf 88' lang='lat' dir='ltr'><strong>scit</strong></span> <span class='ocrx_word' id='word_1_107' title='bbox 448 1046 556 1101; x_wconf 86' lang='lat' dir='ltr'><strong>habere</strong></span> <span class='ocrx_word' id='word_1_108' title='bbox 571 1046 657 1101; x_wconf 84' lang='lat' dir='ltr'><strong>tidem</strong></span> <span class='ocrx_word' id='word_1_109' title='bbox 676 1049 805 1102; x_wconf 87' lang='lat' dir='ltr'><strong>nutritus</strong></span> <span class='ocrx_word' id='word_1_110' title='bbox 819 1045 938 1102; x_wconf 89' lang='lat' dir='ltr'><strong>ibidem.</strong></span> <span class='ocrx_word' id='word_1_111' title='bbox 1016 1050 1129 1122; x_wconf 86' lang='lat' dir='ltr'><strong>Quippe</strong></span> <span class='ocrx_word' id='word_1_112' title='bbox 1144 1051 1222 1106; x_wconf 89' lang='lat' dir='ltr'><strong>velut</strong></span> <span class='ocrx_word' id='word_1_113' title='bbox 1239 1051 1338 1106; x_wconf 82' lang='lat' dir='ltr'><strong>lencm</strong></span> <span class='ocrx_word' id='word_1_114' title='bbox 1355 1049 1457 1106; x_wconf 92' lang='lat' dir='ltr'><strong>mnndi</strong></span> <span class='ocrx_word' id='word_1_115' title='bbox 1475 1053 1823 1108; x_wconf 86' lang='lat' dir='ltr'><strong>marcescitumoenum.</strong></span> 
     </span>
    </p>
   </div>
   <div class='ocr_carea' id='block_1_4' title="bbox 51 1135 1857 4335">
    <p class='ocr_par' dir='ltr' id='par_1_5' title="bbox 51 1135 1857 4335">
     <span class='ocr_line' id='line_1_11' title="bbox 138 1135 1622 1209; baseline -0.002 -12"><span class='ocrx_word' id='word_1_116' title='bbox 138 1141 213 1206; x_wconf 85' lang='lat' dir='ltr'><strong>Quid</strong></span> <span class='ocrx_word' id='word_1_117' title='bbox 233 1139 368 1205; x_wconf 87' lang='lat' dir='ltr'><strong>reseram,</strong></span> <span class='ocrx_word' id='word_1_118' title='bbox 386 1144 561 1209; x_wconf 85' lang='lat' dir='ltr'><strong>gentemque</strong></span> <span class='ocrx_word' id='word_1_119' title='bbox 590 1135 692 1206; x_wconf 87' lang='lat' dir='ltr'><strong>leram,</strong></span> <span class='ocrx_word' id='word_1_120' title='bbox 709 1153 872 1208; x_wconf 75' lang='lat' dir='ltr'><strong>sucumque</strong></span> <span class='ocrx_word' id='word_1_121' title='bbox 900 1136 961 1193; x_wconf 80' lang='lat' dir='ltr'><strong>llis·</strong></span> <span class='ocrx_word' id='word_1_122' title='bbox 1017 1139 1084 1197; x_wconf 88' lang='lat' dir='ltr'><strong>Vive</strong></span> <span class='ocrx_word' id='word_1_123' title='bbox 1098 1139 1155 1197; x_wconf 83' lang='lat' dir='ltr'><strong>Deo</strong></span> <span class='ocrx_word' id='word_1_124' title='bbox 1171 1139 1237 1205; x_wconf 90' lang='lat' dir='ltr'><strong>soli,</strong></span> <span class='ocrx_word' id='word_1_125' title='bbox 1255 1140 1361 1196; x_wconf 89' lang='lat' dir='ltr'><strong>mundo</strong></span> <span class='ocrx_word' id='word_1_126' title='bbox 1377 1144 1405 1195; x_wconf 86' lang='lat' dir='ltr'><strong>to</strong></span> <span class='ocrx_word' id='word_1_127' title='bbox 1418 1139 1535 1195; x_wconf 86' lang='lat' dir='ltr'><strong>credere</strong></span> <span class='ocrx_word' id='word_1_128' title='bbox 1548 1138 1622 1195; x_wconf 89' lang='lat' dir='ltr'><strong>noli.</strong></span> 
     </span>
     <span class='ocr_line' id='line_1_12' title="bbox 768 1226 1738 1300; baseline 0.005 -18"><span class='ocrx_word' id='word_1_129' title='bbox 768 1226 909 1298; x_wconf 74' lang='lat' dir='ltr'><strong>[gorumi</strong></span> <span class='ocrx_word' id='word_1_130' title='bbox 1017 1229 1069 1295; x_wconf 85' lang='lat' dir='ltr'><strong>Qui</strong></span> <span class='ocrx_word' id='word_1_131' title='bbox 1086 1228 1178 1286; x_wconf 87' lang='lat' dir='ltr'><strong>crodit</strong></span> <span class='ocrx_word' id='word_1_132' title='bbox 1195 1231 1315 1300; x_wconf 89' lang='lat' dir='ltr'><strong>mundo,</strong></span> <span class='ocrx_word' id='word_1_133' title='bbox 1331 1230 1491 1285; x_wconf 87' lang='lat' dir='ltr'><strong>lrustratur</strong></span> <span class='ocrx_word' id='word_1_134' title='bbox 1505 1227 1564 1285; x_wconf 85' lang='lat' dir='ltr'><strong>line</strong></span> <span class='ocrx_word' id='word_1_135' title='bbox 1581 1230 1738 1287; x_wconf 86' lang='lat' dir='ltr'><strong>secundo.</strong></span> 
     </span>
     <span class='ocr_line' id='line_1_13' title="bbox 141 1311 1810 1385; baseline 0.001 -10"><span class='ocrx_word' id='word_1_136' title='bbox 141 1316 286 1375; x_wconf 83' lang='lat' dir='ltr'><strong>Ruricolis</strong></span> <span class='ocrx_word' id='word_1_137' title='bbox 302 1315 334 1369; x_wconf 85' lang='lat' dir='ltr'><strong>fit</strong></span> <span class='ocrx_word' id='word_1_138' title='bbox 347 1313 383 1369; x_wconf 88' lang='lat' dir='ltr'><strong>ab</strong></span> <span class='ocrx_word' id='word_1_139' title='bbox 398 1311 546 1370; x_wconf 79' lang='lat' dir='ltr'><strong>armicolis</strong></span> <span class='ocrx_word' id='word_1_140' title='bbox 561 1312 711 1385; x_wconf 85' lang='lat' dir='ltr'><strong>oppressio</strong></span> <span class='ocrx_word' id='word_1_141' title='bbox 727 1312 807 1371; x_wconf 88' lang='lat' dir='ltr'><strong>solis.</strong></span> <span class='ocrx_word' id='word_1_142' title='bbox 1016 1321 1075 1375; x_wconf 87' lang='lat' dir='ltr'><strong>Cur</strong></span> <span class='ocrx_word' id='word_1_143' title='bbox 1086 1335 1205 1374; x_wconf 89' lang='lat' dir='ltr'><strong>numrno</strong></span> <span class='ocrx_word' id='word_1_144' title='bbox 1221 1319 1336 1375; x_wconf 81' lang='lat' dir='ltr'><strong>servis?</strong></span> <span class='ocrx_word' id='word_1_145' title='bbox 1351 1335 1403 1374; x_wconf 91' lang='lat' dir='ltr'><strong>cur</strong></span> <span class='ocrx_word' id='word_1_146' title='bbox 1418 1317 1507 1375; x_wconf 79' lang='lat' dir='ltr'><strong>heret</strong></span> <span class='ocrx_word' id='word_1_147' title='bbox 1523 1334 1649 1375; x_wconf 80' lang='lat' dir='ltr'><strong>acervos</strong></span> <span class='ocrx_word' id='word_1_148' title='bbox 1665 1320 1810 1376; x_wconf 80' lang='lat' dir='ltr'><strong>aceruis?</strong></span> 
     </span>
     <span class='ocr_line' id='line_1_14' title="bbox 142 1401 1652 1480; baseline 0 -16"><span class='ocrx_word' id='word_1_149' title='bbox 142 1408 220 1464; x_wconf 86' lang='lat' dir='ltr'><strong>Mors</strong></span> <span class='ocrx_word' id='word_1_150' title='bbox 235 1404 337 1469; x_wconf 88' lang='lat' dir='ltr'><strong>currit,</strong></span> <span class='ocrx_word' id='word_1_151' title='bbox 354 1403 423 1474; x_wconf 87' lang='lat' dir='ltr'><strong>quia</strong></span> <span class='ocrx_word' id='word_1_152' title='bbox 438 1403 535 1475; x_wconf 81' lang='lat' dir='ltr'><strong>praedo</strong></span> <span class='ocrx_word' id='word_1_153' title='bbox 552 1402 630 1468; x_wconf 85' lang='lat' dir='ltr'><strong>lucit,</strong></span> <span class='ocrx_word' id='word_1_154' title='bbox 648 1401 789 1475; x_wconf 87' lang='lat' dir='ltr'><strong>villasque</strong></span> <span class='ocrx_word' id='word_1_155' title='bbox 805 1405 925 1476; x_wconf 87' lang='lat' dir='ltr'><strong>perurit.</strong></span> <span class='ocrx_word' id='word_1_156' title='bbox 1016 1408 1058 1463; x_wconf 79' lang='lat' dir='ltr'><strong>Ad</strong></span> <span class='ocrx_word' id='word_1_157' title='bbox 1070 1406 1134 1461; x_wconf 85' lang='lat' dir='ltr'><strong>vite</strong></span> <span class='ocrx_word' id='word_1_158' title='bbox 1150 1418 1242 1464; x_wconf 88' lang='lat' dir='ltr'><strong>metas</strong></span> <span class='ocrx_word' id='word_1_159' title='bbox 1253 1423 1319 1463; x_wconf 91' lang='lat' dir='ltr'><strong>cum</strong></span> <span class='ocrx_word' id='word_1_160' title='bbox 1334 1413 1362 1463; x_wconf 93' lang='lat' dir='ltr'><strong>te</strong></span> <span class='ocrx_word' id='word_1_161' title='bbox 1378 1407 1552 1480; x_wconf 79' lang='lat' dir='ltr'><strong>pertraxerit</strong></span> <span class='ocrx_word' id='word_1_162' title='bbox 1566 1413 1652 1476; x_wconf 81' lang='lat' dir='ltr'><strong>retas,</strong></span> 
     </span>
     <span class='ocr_line' id='line_1_15' title="bbox 140 1491 1752 1568; baseline 0.001 -16"><span class='ocrx_word' id='word_1_163' title='bbox 140 1497 187 1552; x_wconf 87' lang='lat' dir='ltr'><strong>lca</strong></span> <span class='ocrx_word' id='word_1_164' title='bbox 202 1494 253 1552; x_wconf 87' lang='lat' dir='ltr'><strong>Dei</strong></span> <span class='ocrx_word' id='word_1_165' title='bbox 268 1510 327 1549; x_wconf 92' lang='lat' dir='ltr'><strong>nnn</strong></span> <span class='ocrx_word' id='word_1_166' title='bbox 345 1492 443 1549; x_wconf 87' lang='lat' dir='ltr'><strong>obstat</strong></span> <span class='ocrx_word' id='word_1_167' title='bbox 457 1492 482 1548; x_wconf 88' lang='lat' dir='ltr'><strong>ei</strong></span> <span class='ocrx_word' id='word_1_168' title='bbox 498 1493 584 1564; x_wconf 87' lang='lat' dir='ltr'><strong>plena</strong></span> <span class='ocrx_word' id='word_1_169' title='bbox 599 1491 699 1548; x_wconf 89' lang='lat' dir='ltr'><strong>rabiei.</strong></span> <span class='ocrx_word' id='word_1_170' title='bbox 1017 1496 1076 1551; x_wconf 89' lang='lat' dir='ltr'><strong>Heu</strong></span> <span class='ocrx_word' id='word_1_171' title='bbox 1096 1496 1147 1550; x_wconf 91' lang='lat' dir='ltr'><strong>tibi</strong></span> <span class='ocrx_word' id='word_1_172' title='bbox 1164 1512 1282 1553; x_wconf 86' lang='lat' dir='ltr'><strong>summa</strong></span> <span class='ocrx_word' id='word_1_173' title='bbox 1297 1496 1378 1552; x_wconf 90' lang='lat' dir='ltr'><strong>diesl</strong></span> <span class='ocrx_word' id='word_1_174' title='bbox 1393 1513 1502 1568; x_wconf 86' lang='lat' dir='ltr'><strong>pauper</strong></span> <span class='ocrx_word' id='word_1_175' title='bbox 1517 1497 1553 1553; x_wconf 87' lang='lat' dir='ltr'><strong>do</strong></span> <span class='ocrx_word' id='word_1_176' title='bbox 1569 1497 1665 1553; x_wconf 87' lang='lat' dir='ltr'><strong>divite</strong></span> <span class='ocrx_word' id='word_1_177' title='bbox 1682 1497 1752 1553; x_wconf 85' lang='lat' dir='ltr'><strong>fies.</strong></span> 
     </span>
     <span class='ocr_line' id='line_1_16' title="bbox 141 1581 1767 1658; baseline 0.002 -19"><span class='ocrx_word' id='word_1_178' title='bbox 141 1583 194 1649; x_wconf 87' lang='lat' dir='ltr'><strong>Qui</strong></span> <span class='ocrx_word' id='word_1_179' title='bbox 206 1584 337 1654; x_wconf 85' lang='lat' dir='ltr'><strong>graditur</strong></span> <span class='ocrx_word' id='word_1_180' title='bbox 348 1583 436 1638; x_wconf 88' lang='lat' dir='ltr'><strong>miser</strong></span> <span class='ocrx_word' id='word_1_181' title='bbox 451 1582 573 1650; x_wconf 86' lang='lat' dir='ltr'><strong>exuitur,</strong></span> <span class='ocrx_word' id='word_1_182' title='bbox 591 1581 758 1654; x_wconf 84' lang='lat' dir='ltr'><strong>pugnisque</strong></span> <span class='ocrx_word' id='word_1_183' title='bbox 773 1582 885 1640; x_wconf 87' lang='lat' dir='ltr'><strong>teritur.</strong></span> <span class='ocrx_word' id='word_1_184' title='bbox 1016 1585 1074 1640; x_wconf 85' lang='lat' dir='ltr'><strong>Cur</strong></span> <span class='ocrx_word' id='word_1_185' title='bbox 1090 1585 1182 1657; x_wconf 88' lang='lat' dir='ltr'><strong>igitur</strong></span> <span class='ocrx_word' id='word_1_186' title='bbox 1198 1585 1307 1658; x_wconf 78' lang='lat' dir='ltr'><strong>quaeris</strong></span> <span class='ocrx_word' id='word_1_187' title='bbox 1322 1586 1429 1656; x_wconf 88' lang='lat' dir='ltr'><strong>quibus</strong></span> <span class='ocrx_word' id='word_1_188' title='bbox 1446 1585 1522 1643; x_wconf 87' lang='lat' dir='ltr'><strong>ultra</strong></span> <span class='ocrx_word' id='word_1_189' title='bbox 1538 1602 1597 1642; x_wconf 91' lang='lat' dir='ltr'><strong>uon</strong></span> <span class='ocrx_word' id='word_1_190' title='bbox 1614 1586 1767 1658; x_wconf 87' lang='lat' dir='ltr'><strong>potieris:</strong></span> 
     </span>
     <span class='ocr_line' id='line_1_17' title="bbox 140 1671 1612 1772; baseline 0.001 -42"><span class='ocrx_word' id='word_1_191' title='bbox 140 1671 321 1747; x_wconf 84' lang='lat' dir='ltr'><strong>Pauperibus</strong></span> <span class='ocrx_word' id='word_1_192' title='bbox 337 1672 418 1727; x_wconf 84' lang='lat' dir='ltr'><strong>deest</strong></span> <span class='ocrx_word' id='word_1_193' title='bbox 433 1672 501 1728; x_wconf 90' lang='lat' dir='ltr'><strong>iude</strong></span> <span class='ocrx_word' id='word_1_194' title='bbox 517 1671 610 1740; x_wconf 88' lang='lat' dir='ltr'><strong>cibus,</strong></span> <span class='ocrx_word' id='word_1_195' title='bbox 627 1676 695 1728; x_wconf 91' lang='lat' dir='ltr'><strong>suut</strong></span> <span class='ocrx_word' id='word_1_196' title='bbox 708 1672 830 1728; x_wconf 80' lang='lat' dir='ltr'><strong>vulnera</strong></span> <span class='ocrx_word' id='word_1_197' title='bbox 844 1673 961 1744; x_wconf 89' lang='lat' dir='ltr'><strong>gibbus.</strong></span> <span class='ocrx_word' id='word_1_198' title='bbox 978 1706 1002 1772; x_wconf 78' lang='lat' dir='ltr'>B</span> <span class='ocrx_word' id='word_1_199' title='bbox 1019 1675 1152 1748; x_wconf 74' lang='lat' dir='ltr'><strong>acquiris</strong></span> <span class='ocrx_word' id='word_1_200' title='bbox 1169 1676 1260 1749; x_wconf 87' lang='lat' dir='ltr'><strong>gratis</strong></span> <span class='ocrx_word' id='word_1_201' title='bbox 1278 1675 1328 1732; x_wconf 90' lang='lat' dir='ltr'><strong>ubi</strong></span> <span class='ocrx_word' id='word_1_202' title='bbox 1346 1675 1387 1731; x_wconf 92' lang='lat' dir='ltr'><strong>nil</strong></span> <span class='ocrx_word' id='word_1_203' title='bbox 1403 1681 1448 1733; x_wconf 90' lang='lat' dir='ltr'><strong>est</strong></span> <span class='ocrx_word' id='word_1_204' title='bbox 1463 1675 1612 1732; x_wconf 87' lang='lat' dir='ltr'><strong>utilitatis.</strong></span> 
     </span>
     <span class='ocr_line' id='line_1_18' title="bbox 263 1760 1795 1837; baseline 0.002 -17"><span class='ocrx_word' id='word_1_205' title='bbox 263 1760 411 1820; x_wconf 88' lang='lat' dir='ltr'><strong>XXXVllI.</strong></span> <span class='ocrx_word' id='word_1_206' title='bbox 429 1761 566 1830; x_wconf 77' lang='lat' dir='ltr'><strong>Quomodo</strong></span> <span class='ocrx_word' id='word_1_207' title='bbox 579 1764 700 1817; x_wconf 74' lang='lat' dir='ltr'><strong>cernitur</strong></span> <span class='ocrx_word' id='word_1_208' title='bbox 715 1777 837 1819; x_wconf 84' lang='lat' dir='ltr'><strong>nummo.</strong></span> <span class='ocrx_word' id='word_1_209' title='bbox 1019 1764 1060 1821; x_wconf 91' lang='lat' dir='ltr'><strong>Ol</strong></span> <span class='ocrx_word' id='word_1_210' title='bbox 1078 1765 1128 1837; x_wconf 90' lang='lat' dir='ltr'><strong>qui</strong></span> <span class='ocrx_word' id='word_1_211' title='bbox 1146 1769 1297 1821; x_wconf 87' lang='lat' dir='ltr'><strong>consuevit</strong></span> <span class='ocrx_word' id='word_1_212' title='bbox 1312 1765 1355 1822; x_wconf 90' lang='lat' dir='ltr'><strong>sio</strong></span> <span class='ocrx_word' id='word_1_213' title='bbox 1369 1765 1475 1834; x_wconf 86' lang='lat' dir='ltr'><strong>vivere,</strong></span> <span class='ocrx_word' id='word_1_214' title='bbox 1489 1781 1577 1837; x_wconf 91' lang='lat' dir='ltr'><strong>quam</strong></span> <span class='ocrx_word' id='word_1_215' title='bbox 1596 1766 1680 1822; x_wconf 89' lang='lat' dir='ltr'><strong>male</strong></span> <span class='ocrx_word' id='word_1_216' title='bbox 1697 1767 1795 1824; x_wconf 83' lang='lat' dir='ltr'><strong>saeuit!</strong></span> 
     </span>
     <span class='ocr_line' id='line_1_19' title="bbox 236 1851 1766 1927; baseline 0.001 -17"><span class='ocrx_word' id='word_1_217' title='bbox 236 1855 278 1926; x_wconf 81' lang='lat' dir='ltr'><strong>(u.</strong></span> <span class='ocrx_word' id='word_1_218' title='bbox 296 1871 351 1908; x_wconf 88' lang='lat' dir='ltr'><strong>ms.</strong></span> <span class='ocrx_word' id='word_1_219' title='bbox 368 1852 397 1909; x_wconf 85' lang='lat' dir='ltr'><strong>S.</strong></span> <span class='ocrx_word' id='word_1_220' title='bbox 410 1851 522 1909; x_wconf 81' lang='lat' dir='ltr'><strong>Galloni</strong></span> <span class='ocrx_word' id='word_1_221' title='bbox 537 1852 645 1907; x_wconf 82' lang='lat' dir='ltr'><strong>Toron.</strong></span> <span class='ocrx_word' id='word_1_222' title='bbox 661 1851 725 1907; x_wconf 92' lang='lat' dir='ltr'><strong>Nou</strong></span> <span class='ocrx_word' id='word_1_223' title='bbox 741 1852 876 1921; x_wconf 87' lang='lat' dir='ltr'><strong>editum.)</strong></span> <span class='ocrx_word' id='word_1_224' title='bbox 1019 1856 1120 1911; x_wconf 85' lang='lat' dir='ltr'><strong>Mortis</strong></span> <span class='ocrx_word' id='word_1_225' title='bbox 1134 1854 1218 1911; x_wconf 89' lang='lat' dir='ltr'><strong>triste</strong></span> <span class='ocrx_word' id='word_1_226' title='bbox 1232 1871 1325 1924; x_wconf 86' lang='lat' dir='ltr'><strong>genus</strong></span> <span class='ocrx_word' id='word_1_227' title='bbox 1340 1860 1461 1927; x_wconf 83' lang='lat' dir='ltr'><strong>generat</strong></span> <span class='ocrx_word' id='word_1_228' title='bbox 1476 1872 1526 1926; x_wconf 86' lang='lat' dir='ltr'><strong>pec</strong></span> <span class='ocrx_word' id='word_1_229' title='bbox 1541 1855 1646 1910; x_wconf 86' lang='lat' dir='ltr'><strong>tenura</strong></span> <span class='ocrx_word' id='word_1_230' title='bbox 1662 1856 1766 1912; x_wconf 86' lang='lat' dir='ltr'><strong>fenus.</strong></span> 
     </span>
     <span class='ocr_line' id='line_1_20' title="bbox 140 1942 1753 2015; baseline -0.002 -11"><span class='ocrx_word' id='word_1_231' title='bbox 140 1947 213 2004; x_wconf 90' lang='lat' dir='ltr'><strong>Cum</strong></span> <span class='ocrx_word' id='word_1_232' title='bbox 230 1960 350 2001; x_wconf 90' lang='lat' dir='ltr'><strong>nummo</strong></span> <span class='ocrx_word' id='word_1_233' title='bbox 366 1944 452 1999; x_wconf 91' lang='lat' dir='ltr'><strong>detur</strong></span> <span class='ocrx_word' id='word_1_234' title='bbox 465 1942 584 1999; x_wconf 80' lang='lat' dir='ltr'><strong>decusa</strong></span> <span class='ocrx_word' id='word_1_235' title='bbox 600 1942 710 2009; x_wconf 89' lang='lat' dir='ltr'><strong>multis,</strong></span> <span class='ocrx_word' id='word_1_236' title='bbox 725 1946 753 1998; x_wconf 88' lang='lat' dir='ltr'><strong>ot</strong></span> <span class='ocrx_word' id='word_1_237' title='bbox 769 1945 891 2010; x_wconf 86' lang='lat' dir='ltr'><strong>eruetur,</strong></span> <span class='ocrx_word' id='word_1_238' title='bbox 1020 1944 1138 2015; x_wconf 83' lang='lat' dir='ltr'><strong>Frangit</strong></span> <span class='ocrx_word' id='word_1_239' title='bbox 1154 1947 1183 1999; x_wconf 86' lang='lat' dir='ltr'><strong>et</strong></span> <span class='ocrx_word' id='word_1_240' title='bbox 1197 1947 1315 2000; x_wconf 87' lang='lat' dir='ltr'><strong>enervat</strong></span> <span class='ocrx_word' id='word_1_241' title='bbox 1329 1960 1435 2014; x_wconf 90' lang='lat' dir='ltr'><strong>corpus</strong></span> <span class='ocrx_word' id='word_1_242' title='bbox 1451 1943 1499 2015; x_wconf 88' lang='lat' dir='ltr'><strong>qni</strong></span> <span class='ocrx_word' id='word_1_243' title='bbox 1515 1943 1600 2000; x_wconf 90' lang='lat' dir='ltr'><strong>lenus</strong></span> <span class='ocrx_word' id='word_1_244' title='bbox 1616 1950 1753 2000; x_wconf 86' lang='lat' dir='ltr'><strong>acervat.</strong></span> 
     </span>
     <span class='ocr_line' id='line_1_21' title="bbox 66 2030 1767 2105; baseline -0.001 -13"><span class='ocrx_word' id='word_1_245' title='bbox 66 2098 69 2105; x_wconf 57' lang='grc'>,</span> <span class='ocrx_word' id='word_1_246' title='bbox 141 2034 226 2092; x_wconf 79' lang='lat' dir='ltr'><strong>Fallit</strong></span> <span class='ocrx_word' id='word_1_247' title='bbox 239 2034 417 2090; x_wconf 84' lang='lat' dir='ltr'><strong>honorantes</strong></span> <span class='ocrx_word' id='word_1_248' title='bbox 428 2031 527 2098; x_wconf 78' lang='lat' dir='ltr'><strong>sallus,</strong></span> <span class='ocrx_word' id='word_1_249' title='bbox 541 2037 570 2088; x_wconf 87' lang='lat' dir='ltr'><strong>ct</strong></span> <span class='ocrx_word' id='word_1_250' title='bbox 585 2030 658 2087; x_wconf 88' lang='lat' dir='ltr'><strong>lsllit</strong></span> <span class='ocrx_word' id='word_1_251' title='bbox 670 2038 814 2088; x_wconf 87' lang='lat' dir='ltr'><strong>amantes.</strong></span> <span class='ocrx_word' id='word_1_252' title='bbox 1020 2032 1141 2088; x_wconf 80' lang='lat' dir='ltr'><strong>Funeris</strong></span> <span class='ocrx_word' id='word_1_253' title='bbox 1157 2031 1291 2104; x_wconf 84' lang='lat' dir='ltr'><strong>ignarum</strong></span> <span class='ocrx_word' id='word_1_254' title='bbox 1308 2032 1414 2105; x_wconf 83' lang='lat' dir='ltr'><strong>duplex</strong></span> <span class='ocrx_word' id='word_1_255' title='bbox 1430 2031 1513 2088; x_wconf 87' lang='lat' dir='ltr'><strong>labor</strong></span> <span class='ocrx_word' id='word_1_256' title='bbox 1525 2033 1604 2104; x_wconf 85' lang='lat' dir='ltr'><strong>angit</strong></span> <span class='ocrx_word' id='word_1_257' title='bbox 1624 2049 1767 2090; x_wconf 88' lang='lat' dir='ltr'><strong>avarum.</strong></span> 
     </span>
     <span class='ocr_line' id='line_1_22' title="bbox 141 2120 1751 2196; baseline -0.002 -15"><span class='ocrx_word' id='word_1_258' title='bbox 141 2125 293 2196; x_wconf 86' lang='lat' dir='ltr'><strong>Princeps,</strong></span> <span class='ocrx_word' id='word_1_259' title='bbox 310 2122 459 2195; x_wconf 81' lang='lat' dir='ltr'><strong>praelatus,</strong></span> <span class='ocrx_word' id='word_1_260' title='bbox 475 2120 622 2188; x_wconf 89' lang='lat' dir='ltr'><strong>monachi,</strong></span> <span class='ocrx_word' id='word_1_261' title='bbox 639 2121 796 2194; x_wconf 89' lang='lat' dir='ltr'><strong>populique</strong></span> <span class='ocrx_word' id='word_1_262' title='bbox 811 2126 942 2192; x_wconf 88' lang='lat' dir='ltr'><strong>senatus,</strong></span> <span class='ocrx_word' id='word_1_263' title='bbox 1019 2121 1133 2177; x_wconf 85' lang='lat' dir='ltr'><strong>AEstunt</strong></span> <span class='ocrx_word' id='word_1_264' title='bbox 1147 2121 1176 2176; x_wconf 92' lang='lat' dir='ltr'><strong>in</strong></span> <span class='ocrx_word' id='word_1_265' title='bbox 1193 2125 1333 2192; x_wconf 76' lang='lat' dir='ltr'><strong>quaestus,</strong></span> <span class='ocrx_word' id='word_1_266' title='bbox 1351 2121 1443 2178; x_wconf 91' lang='lat' dir='ltr'><strong>multu</strong></span> <span class='ocrx_word' id='word_1_267' title='bbox 1459 2120 1612 2177; x_wconf 86' lang='lat' dir='ltr'><strong>molimine</strong></span> <span class='ocrx_word' id='word_1_268' title='bbox 1627 2127 1751 2194; x_wconf 84' lang='lat' dir='ltr'><strong>gestus.</strong></span> 
     </span>
     <span class='ocr_line' id='line_1_23' title="bbox 143 2209 1765 2283; baseline -0.002 -14"><span class='ocrx_word' id='word_1_269' title='bbox 143 2212 273 2270; x_wconf 86' lang='lat' dir='ltr'><strong>Clericus</strong></span> <span class='ocrx_word' id='word_1_270' title='bbox 288 2217 316 2267; x_wconf 91' lang='lat' dir='ltr'><strong>et</strong></span> <span class='ocrx_word' id='word_1_271' title='bbox 331 2211 427 2276; x_wconf 87' lang='lat' dir='ltr'><strong>miles,</strong></span> <span class='ocrx_word' id='word_1_272' title='bbox 447 2210 563 2277; x_wconf 88' lang='lat' dir='ltr'><strong>mulier,</strong></span> <span class='ocrx_word' id='word_1_273' title='bbox 576 2225 722 2281; x_wconf 84' lang='lat' dir='ltr'><strong>sexusque</strong></span> <span class='ocrx_word' id='word_1_274' title='bbox 738 2209 845 2277; x_wconf 90' lang='lat' dir='ltr'><strong>viriles,</strong></span> <span class='ocrx_word' id='word_1_275' title='bbox 1020 2211 1081 2276; x_wconf 85' lang='lat' dir='ltr'><strong>Quo</strong></span> <span class='ocrx_word' id='word_1_276' title='bbox 1096 2227 1143 2267; x_wconf 89' lang='lat' dir='ltr'><strong>res</strong></span> <span class='ocrx_word' id='word_1_277' title='bbox 1159 2209 1297 2281; x_wconf 82' lang='lat' dir='ltr'><strong>salvetur,</strong></span> <span class='ocrx_word' id='word_1_278' title='bbox 1314 2227 1464 2283; x_wconf 88' lang='lat' dir='ltr'><strong>nunquam</strong></span> <span class='ocrx_word' id='word_1_279' title='bbox 1482 2226 1603 2267; x_wconf 89' lang='lat' dir='ltr'><strong>securus</strong></span> <span class='ocrx_word' id='word_1_280' title='bbox 1619 2209 1765 2267; x_wconf 89' lang='lat' dir='ltr'><strong>habetur.</strong></span> 
     </span>
     <span class='ocr_line' id='line_1_24' title="bbox 143 2299 1737 2372; baseline -0.004 -12"><span class='ocrx_word' id='word_1_281' title='bbox 143 2301 272 2361; x_wconf 86' lang='lat' dir='ltr'><strong>Nummo</strong></span> <span class='ocrx_word' id='word_1_282' title='bbox 288 2300 591 2372; x_wconf 85' lang='lat' dir='ltr'><strong>laetantur,jussisqne</strong></span> <span class='ocrx_word' id='word_1_283' title='bbox 605 2300 666 2356; x_wconf 91' lang='lat' dir='ltr'><strong>suis</strong></span> <span class='ocrx_word' id='word_1_284' title='bbox 677 2300 866 2357; x_wconf 79' lang='lat' dir='ltr'><strong>famulantur.</strong></span> <span class='ocrx_word' id='word_1_285' title='bbox 1021 2301 1104 2357; x_wconf 88' lang='lat' dir='ltr'><strong>Nunc</strong></span> <span class='ocrx_word' id='word_1_286' title='bbox 1120 2315 1196 2367; x_wconf 86' lang='lat' dir='ltr'><strong>scra,</strong></span> <span class='ocrx_word' id='word_1_287' title='bbox 1212 2316 1290 2355; x_wconf 91' lang='lat' dir='ltr'><strong>nunc</strong></span> <span class='ocrx_word' id='word_1_288' title='bbox 1306 2299 1382 2356; x_wconf 88' lang='lat' dir='ltr'><strong>muri</strong></span> <span class='ocrx_word' id='word_1_289' title='bbox 1398 2300 1472 2356; x_wconf 79' lang='lat' dir='ltr'><strong>irunt</strong></span> <span class='ocrx_word' id='word_1_290' title='bbox 1488 2299 1645 2356; x_wconf 84' lang='lat' dir='ltr'><strong>obstacula</strong></span> <span class='ocrx_word' id='word_1_291' title='bbox 1662 2300 1737 2355; x_wconf 85' lang='lat' dir='ltr'><strong>iuri.</strong></span> 
     </span>
     <span class='ocr_line' id='line_1_25' title="bbox 146 2387 1693 2462; baseline -0.002 -14"><span class='ocrx_word' id='word_1_292' title='bbox 146 2391 247 2448; x_wconf 70' lang='lat'><strong>1027</strong></span> <span class='ocrx_word' id='word_1_293' title='bbox 258 2390 361 2447; x_wconf 89' lang='lat' dir='ltr'><strong>Omnis</strong></span> <span class='ocrx_word' id='word_1_294' title='bbox 370 2389 394 2445; x_wconf 88' lang='lat' dir='ltr'><strong>ei</strong></span> <span class='ocrx_word' id='word_1_295' title='bbox 407 2389 563 2461; x_wconf 87' lang='lat' dir='ltr'><strong>plaudit.Si</strong></span> <span class='ocrx_word' id='word_1_296' title='bbox 574 2390 644 2462; x_wconf 91' lang='lat' dir='ltr'><strong>quid</strong></span> <span class='ocrx_word' id='word_1_297' title='bbox 652 2390 967 2462; x_wconf 87' lang='lat' dir='ltr'><strong>jubetimpigeraudit.</strong></span> <span class='ocrx_word' id='word_1_298' title='bbox 1020 2388 1094 2444; x_wconf 80' lang='lat' dir='ltr'><strong>Ecce</strong></span> <span class='ocrx_word' id='word_1_299' title='bbox 1109 2392 1258 2444; x_wconf 81' lang='lat' dir='ltr'><strong>coercetur</strong></span> <span class='ocrx_word' id='word_1_300' title='bbox 1269 2387 1399 2458; x_wconf 89' lang='lat' dir='ltr'><strong>cupiens,</strong></span> <span class='ocrx_word' id='word_1_301' title='bbox 1412 2389 1547 2458; x_wconf 83' lang='lat' dir='ltr'><strong>lucesque</strong></span> <span class='ocrx_word' id='word_1_302' title='bbox 1562 2394 1693 2445; x_wconf 90' lang='lat' dir='ltr'><strong>veretur.</strong></span> 
     </span>
     <span class='ocr_line' id='line_1_26' title="bbox 143 2477 1745 2553; baseline -0.001 -17"><span class='ocrx_word' id='word_1_303' title='bbox 143 2481 224 2547; x_wconf 81' lang='lat' dir='ltr'><strong>Quod</strong></span> <span class='ocrx_word' id='word_1_304' title='bbox 238 2479 774 2553; x_wconf 86' lang='lat' dir='ltr'><strong>placetimpletnr,quoddisplicethoc</strong></span> <span class='ocrx_word' id='word_1_305' title='bbox 785 2478 967 2550; x_wconf 88' lang='lat' dir='ltr'><strong>prohibetur.</strong></span> <span class='ocrx_word' id='word_1_306' title='bbox 1021 2478 1067 2532; x_wconf 86' lang='lat' dir='ltr'><strong>Sic</strong></span> <span class='ocrx_word' id='word_1_307' title='bbox 1082 2477 1204 2549; x_wconf 78' lang='lat' dir='ltr'><strong>gemina</strong></span> <span class='ocrx_word' id='word_1_308' title='bbox 1220 2477 1325 2533; x_wconf 85' lang='lat' dir='ltr'><strong>mortis</strong></span> <span class='ocrx_word' id='word_1_309' title='bbox 1341 2477 1435 2549; x_wconf 87' lang='lat' dir='ltr'><strong>poenis</strong></span> <span class='ocrx_word' id='word_1_310' title='bbox 1449 2478 1595 2532; x_wconf 89' lang='lat' dir='ltr'><strong>cruciatur</strong></span> <span class='ocrx_word' id='word_1_311' title='bbox 1613 2477 1745 2534; x_wconf 87' lang='lat' dir='ltr'><strong>obortis.</strong></span> 
     </span>
     <span class='ocr_line' id='line_1_27' title="bbox 144 2566 1854 2640; baseline -0.002 -14"><span class='ocrx_word' id='word_1_312' title='bbox 144 2570 220 2627; x_wconf 86' lang='lat' dir='ltr'><strong>Dum</strong></span> <span class='ocrx_word' id='word_1_313' title='bbox 237 2585 378 2624; x_wconf 87' lang='lat' dir='ltr'><strong>nummus</strong></span> <span class='ocrx_word' id='word_1_314' title='bbox 396 2566 534 2638; x_wconf 86' lang='lat' dir='ltr'><strong>loquitur,</strong></span> <span class='ocrx_word' id='word_1_315' title='bbox 550 2573 722 2624; x_wconf 90' lang='lat' dir='ltr'><strong>cunctorum</strong></span> <span class='ocrx_word' id='word_1_316' title='bbox 739 2584 793 2623; x_wconf 85' lang='lat' dir='ltr'><strong>vox</strong></span> <span class='ocrx_word' id='word_1_317' title='bbox 816 2566 965 2639; x_wconf 78' lang='lat' dir='ltr'><strong>sepelitur.</strong></span> <span class='ocrx_word' id='word_1_318' title='bbox 1022 2568 1083 2625; x_wconf 86' lang='lat' dir='ltr'><strong>lieu</strong></span> <span class='ocrx_word' id='word_1_319' title='bbox 1095 2567 1147 2624; x_wconf 88' lang='lat' dir='ltr'><strong>tibi</strong></span> <span class='ocrx_word' id='word_1_320' title='bbox 1165 2567 1234 2640; x_wconf 91' lang='lat' dir='ltr'><strong>quid</strong></span> <span class='ocrx_word' id='word_1_321' title='bbox 1251 2567 1346 2624; x_wconf 90' lang='lat' dir='ltr'><strong>dicum</strong></span> <span class='ocrx_word' id='word_1_322' title='bbox 1357 2567 1565 2624; x_wconf 77' lang='lat' dir='ltr'><strong>icurmorlem</strong></span> <span class='ocrx_word' id='word_1_323' title='bbox 1581 2568 1695 2639; x_wconf 68' lang='lat' dir='ltr'><strong>quaeris</strong></span> <span class='ocrx_word' id='word_1_324' title='bbox 1707 2566 1854 2639; x_wconf 75' lang='lat' dir='ltr'><strong>iniquam?</strong></span> 
     </span>
     <span class='ocr_line' id='line_1_28' title="bbox 143 2655 1803 2729; baseline -0.002 -13"><span class='ocrx_word' id='word_1_325' title='bbox 143 2661 229 2716; x_wconf 87' lang='lat' dir='ltr'><strong>Jueto</strong></span> <span class='ocrx_word' id='word_1_326' title='bbox 245 2659 406 2729; x_wconf 79' lang='lat' dir='ltr'><strong>praelector,</strong></span> <span class='ocrx_word' id='word_1_327' title='bbox 421 2659 491 2712; x_wconf 91' lang='lat' dir='ltr'><strong>dum</strong></span> <span class='ocrx_word' id='word_1_328' title='bbox 508 2659 636 2729; x_wconf 88' lang='lat' dir='ltr'><strong>plurima</strong></span> <span class='ocrx_word' id='word_1_329' title='bbox 651 2675 740 2713; x_wconf 87' lang='lat' dir='ltr'><strong>causa</strong></span> <span class='ocrx_word' id='word_1_330' title='bbox 756 2658 888 2713; x_wconf 81' lang='lat' dir='ltr'><strong>retertur.</strong></span> <span class='ocrx_word' id='word_1_331' title='bbox 1022 2658 1098 2714; x_wconf 86' lang='lat' dir='ltr'><strong>Dum</strong></span> <span class='ocrx_word' id='word_1_332' title='bbox 1113 2657 1185 2714; x_wconf 87' lang='lat' dir='ltr'><strong>vivis</strong></span> <span class='ocrx_word' id='word_1_333' title='bbox 1199 2657 1333 2723; x_wconf 87' lang='lat' dir='ltr'><strong>moreris,</strong></span> <span class='ocrx_word' id='word_1_334' title='bbox 1349 2657 1419 2729; x_wconf 90' lang='lat' dir='ltr'><strong>quia</strong></span> <span class='ocrx_word' id='word_1_335' title='bbox 1436 2657 1537 2713; x_wconf 91' lang='lat' dir='ltr'><strong>mortis</strong></span> <span class='ocrx_word' id='word_1_336' title='bbox 1553 2655 1652 2713; x_wconf 87' lang='lat' dir='ltr'><strong>cultor</strong></span> <span class='ocrx_word' id='word_1_337' title='bbox 1667 2657 1803 2714; x_wconf 82' lang='lat' dir='ltr'><strong>haberis.</strong></span> 
     </span>
     <span class='ocr_line' id='line_1_29' title="bbox 143 2744 1787 2817; baseline -0.001 -13"><span class='ocrx_word' id='word_1_338' title='bbox 143 2753 213 2804; x_wconf 87' lang='lat' dir='ltr'><strong>cum</strong></span> <span class='ocrx_word' id='word_1_339' title='bbox 230 2749 272 2803; x_wconf 89' lang='lat' dir='ltr'><strong>nil</strong></span> <span class='ocrx_word' id='word_1_340' title='bbox 287 2762 448 2811; x_wconf 87' lang='lat' dir='ltr'><strong>sermones,</strong></span> <span class='ocrx_word' id='word_1_341' title='bbox 465 2761 531 2800; x_wconf 87' lang='lat' dir='ltr'><strong>cum</strong></span> <span class='ocrx_word' id='word_1_342' title='bbox 547 2744 586 2800; x_wconf 91' lang='lat' dir='ltr'><strong>nil</strong></span> <span class='ocrx_word' id='word_1_343' title='bbox 602 2747 700 2802; x_wconf 87' lang='lat' dir='ltr'><strong>valent</strong></span> <span class='ocrx_word' id='word_1_344' title='bbox 714 2745 853 2815; x_wconf 87' lang='lat' dir='ltr'><strong>rationes,</strong></span> <span class='ocrx_word' id='word_1_345' title='bbox 1022 2747 1092 2811; x_wconf 81' lang='lat' dir='ltr'><strong>Ouae</strong></span> <span class='ocrx_word' id='word_1_346' title='bbox 1106 2761 1183 2802; x_wconf 89' lang='lat' dir='ltr'><strong>nunc</strong></span> <span class='ocrx_word' id='word_1_347' title='bbox 1197 2745 1256 2802; x_wconf 83' lang='lat' dir='ltr'><strong>vitu</strong></span> <span class='ocrx_word' id='word_1_348' title='bbox 1272 2745 1367 2813; x_wconf 86' lang='lat' dir='ltr'><strong>detur,</strong></span> <span class='ocrx_word' id='word_1_349' title='bbox 1384 2761 1463 2800; x_wconf 90' lang='lat' dir='ltr'><strong>mors</strong></span> <span class='ocrx_word' id='word_1_350' title='bbox 1474 2762 1531 2800; x_wconf 92' lang='lat' dir='ltr'><strong>non</strong></span> <span class='ocrx_word' id='word_1_351' title='bbox 1547 2748 1608 2800; x_wconf 82' lang='lat' dir='ltr'><strong>vita</strong></span> <span class='ocrx_word' id='word_1_352' title='bbox 1625 2748 1787 2817; x_wconf 85' lang='lat' dir='ltr'><strong>probatur.</strong></span> 
     </span>
     <span class='ocr_line' id='line_1_30' title="bbox 143 2833 1659 2908; baseline -0.002 -15"><span class='ocrx_word' id='word_1_353' title='bbox 143 2838 215 2894; x_wconf 85' lang='lat' dir='ltr'><strong>Cum</strong></span> <span class='ocrx_word' id='word_1_354' title='bbox 232 2836 272 2892; x_wconf 92' lang='lat' dir='ltr'><strong>nil</strong></span> <span class='ocrx_word' id='word_1_355' title='bbox 289 2834 467 2900; x_wconf 88' lang='lat' dir='ltr'><strong>causidicus,</strong></span> <span class='ocrx_word' id='word_1_356' title='bbox 481 2852 547 2891; x_wconf 91' lang='lat' dir='ltr'><strong>cum</strong></span> <span class='ocrx_word' id='word_1_357' title='bbox 566 2835 666 2892; x_wconf 91' lang='lat' dir='ltr'><strong>nullus</strong></span> <span class='ocrx_word' id='word_1_358' title='bbox 682 2837 775 2908; x_wconf 82' lang='lat' dir='ltr'><strong>prosit</strong></span> <span class='ocrx_word' id='word_1_359' title='bbox 790 2838 913 2905; x_wconf 82' lang='lat' dir='ltr'><strong>anricus,</strong></span> <span class='ocrx_word' id='word_1_360' title='bbox 1023 2835 1110 2892; x_wconf 83' lang='lat' dir='ltr'><strong>Vivus</strong></span> <span class='ocrx_word' id='word_1_361' title='bbox 1126 2836 1250 2908; x_wconf 89' lang='lat' dir='ltr'><strong>puniris,</strong></span> <span class='ocrx_word' id='word_1_362' title='bbox 1265 2833 1422 2890; x_wconf 78' lang='lat' dir='ltr'><strong>defunctus</strong></span> <span class='ocrx_word' id='word_1_363' title='bbox 1438 2839 1528 2890; x_wconf 87' lang='lat' dir='ltr'><strong>morto</strong></span> <span class='ocrx_word' id='word_1_364' title='bbox 1541 2833 1659 2906; x_wconf 90' lang='lat' dir='ltr'><strong>potiris.</strong></span> 
     </span>
     <span class='ocr_line' id='line_1_31' title="bbox 144 2922 1787 2995; baseline -0.003 -12"><span class='ocrx_word' id='word_1_365' title='bbox 144 2928 290 2984; x_wconf 84' lang='lat' dir='ltr'><strong>Nummus</strong></span> <span class='ocrx_word' id='word_1_366' title='bbox 307 2933 338 2980; x_wconf 92' lang='lat' dir='ltr'><strong>ut</strong></span> <span class='ocrx_word' id='word_1_367' title='bbox 353 2924 474 2991; x_wconf 88' lang='lat' dir='ltr'><strong>accedit,</strong></span> <span class='ocrx_word' id='word_1_368' title='bbox 490 2925 636 2980; x_wconf 89' lang='lat' dir='ltr'><strong>discordia</strong></span> <span class='ocrx_word' id='word_1_369' title='bbox 651 2933 709 2981; x_wconf 86' lang='lat' dir='ltr'><strong>totu</strong></span> <span class='ocrx_word' id='word_1_370' title='bbox 725 2927 842 2982; x_wconf 88' lang='lat' dir='ltr'><strong>recedit.</strong></span> <span class='ocrx_word' id='word_1_371' title='bbox 1023 2926 1088 2995; x_wconf 75' lang='lat' dir='ltr'><strong>Cirr,</strong></span> <span class='ocrx_word' id='word_1_372' title='bbox 1105 2923 1205 2990; x_wconf 88' lang='lat' dir='ltr'><strong>misor,</strong></span> <span class='ocrx_word' id='word_1_373' title='bbox 1221 2922 1358 2979; x_wconf 83' lang='lat' dir='ltr'><strong>insaniei</strong></span> <span class='ocrx_word' id='word_1_374' title='bbox 1373 2923 1455 2981; x_wconf 88' lang='lat' dir='ltr'><strong>labor</strong></span> <span class='ocrx_word' id='word_1_375' title='bbox 1470 2923 1523 2979; x_wconf 82' lang='lat' dir='ltr'><strong>istc</strong></span> <span class='ocrx_word' id='word_1_376' title='bbox 1538 2922 1658 2980; x_wconf 88' lang='lat' dir='ltr'><strong>videtur</strong></span> <span class='ocrx_word' id='word_1_377' title='bbox 1669 2924 1787 2980; x_wconf 85' lang='lat' dir='ltr'><strong>inanis.</strong></span> 
     </span>
     <span class='ocr_line' id='line_1_32' title="bbox 145 3010 1763 3086; baseline -0.003 -14"><span class='ocrx_word' id='word_1_378' title='bbox 145 3018 223 3085; x_wconf 86' lang='lat' dir='ltr'><strong>Quod</strong></span> <span class='ocrx_word' id='word_1_379' title='bbox 241 3015 296 3071; x_wconf 89' lang='lat' dir='ltr'><strong>luit</strong></span> <span class='ocrx_word' id='word_1_380' title='bbox 311 3015 466 3084; x_wconf 87' lang='lat' dir='ltr'><strong>injustum,</strong></span> <span class='ocrx_word' id='word_1_381' title='bbox 482 3015 515 3070; x_wconf 89' lang='lat' dir='ltr'><strong>lit</strong></span> <span class='ocrx_word' id='word_1_382' title='bbox 530 3031 650 3070; x_wconf 91' lang='lat' dir='ltr'><strong>nummo</strong></span> <span class='ocrx_word' id='word_1_383' title='bbox 666 3016 762 3086; x_wconf 86' lang='lat' dir='ltr'><strong>judice</strong></span> <span class='ocrx_word' id='word_1_384' title='bbox 773 3017 900 3085; x_wconf 90' lang='lat' dir='ltr'><strong>justum.</strong></span> <span class='ocrx_word' id='word_1_385' title='bbox 1026 3016 1097 3070; x_wconf 87' lang='lat' dir='ltr'><strong>Dum</strong></span> <span class='ocrx_word' id='word_1_386' title='bbox 1113 3012 1178 3084; x_wconf 87' lang='lat' dir='ltr'><strong>plus</strong></span> <span class='ocrx_word' id='word_1_387' title='bbox 1195 3013 1329 3081; x_wconf 87' lang='lat' dir='ltr'><strong>lucraris,</strong></span> <span class='ocrx_word' id='word_1_388' title='bbox 1346 3013 1440 3085; x_wconf 87' lang='lat' dir='ltr'><strong>magis</strong></span> <span class='ocrx_word' id='word_1_389' title='bbox 1456 3010 1582 3084; x_wconf 86' lang='lat' dir='ltr'><strong>optando</strong></span> <span class='ocrx_word' id='word_1_390' title='bbox 1597 3012 1763 3068; x_wconf 88' lang='lat' dir='ltr'><strong>cruciaris.</strong></span> 
     </span>
     <span class='ocr_line' id='line_1_33' title="bbox 51 3072 1724 3177; baseline -0.004 -15"><span class='ocrx_word' id='word_1_391' title='bbox 51 3150 54 3155; x_wconf 91' lang='lat'><strong>.</strong></span> <span class='ocrx_word' id='word_1_392' title='bbox 144 3105 289 3177; x_wconf 85' lang='lat' dir='ltr'><strong>Quidquid</strong></span> <span class='ocrx_word' id='word_1_393' title='bbox 306 3103 411 3160; x_wconf 84' lang='lat' dir='ltr'><strong>nnuisti</strong></span> <span class='ocrx_word' id='word_1_394' title='bbox 427 3105 623 3170; x_wconf 86' lang='lat' dir='ltr'><strong>mundanum,</strong></span> <span class='ocrx_word' id='word_1_395' title='bbox 639 3106 773 3175; x_wconf 76' lang='lat' dir='ltr'><strong>subJ&#39;acot</strong></span> <span class='ocrx_word' id='word_1_396' title='bbox 791 3105 851 3160; x_wconf 88' lang='lat' dir='ltr'><strong>isti.</strong></span> <span class='ocrx_word' id='word_1_397' title='bbox 983 3072 1005 3138; x_wconf 71' lang='lat' dir='ltr'>C</span> <span class='ocrx_word' id='word_1_398' title='bbox 1024 3103 1087 3159; x_wconf 91' lang='lat' dir='ltr'><strong>Non</strong></span> <span class='ocrx_word' id='word_1_399' title='bbox 1104 3101 1155 3158; x_wconf 88' lang='lat' dir='ltr'><strong>tibi</strong></span> <span class='ocrx_word' id='word_1_400' title='bbox 1173 3101 1311 3170; x_wconf 73' lang='lat' dir='ltr'><strong>sufficiet,</strong></span> <span class='ocrx_word' id='word_1_401' title='bbox 1328 3103 1398 3158; x_wconf 89' lang='lat' dir='ltr'><strong>dum</strong></span> <span class='ocrx_word' id='word_1_402' title='bbox 1415 3099 1542 3173; x_wconf 88' lang='lat' dir='ltr'><strong>plurima</strong></span> <span class='ocrx_word' id='word_1_403' title='bbox 1556 3101 1643 3171; x_wconf 89' lang='lat' dir='ltr'><strong>copia</strong></span> <span class='ocrx_word' id='word_1_404' title='bbox 1660 3103 1724 3169; x_wconf 86' lang='lat' dir='ltr'><strong>liet,</strong></span> 
     </span>
     <span class='ocr_line' id='line_1_34' title="bbox 144 3190 1745 3266; baseline -0.002 -15"><span class='ocrx_word' id='word_1_405' title='bbox 144 3196 228 3253; x_wconf 91' lang='lat' dir='ltr'><strong>lllius</strong></span> <span class='ocrx_word' id='word_1_406' title='bbox 243 3195 277 3249; x_wconf 85' lang='lat' dir='ltr'><strong>ad</strong></span> <span class='ocrx_word' id='word_1_407' title='bbox 292 3193 409 3249; x_wconf 87' lang='lat' dir='ltr'><strong>lihitum</strong></span> <span class='ocrx_word' id='word_1_408' title='bbox 426 3194 596 3249; x_wconf 77' lang='lat' dir='ltr'><strong>conceditur</strong></span> <span class='ocrx_word' id='word_1_409' title='bbox 610 3211 696 3250; x_wconf 90' lang='lat' dir='ltr'><strong>omne</strong></span> <span class='ocrx_word' id='word_1_410' title='bbox 710 3195 844 3266; x_wconf 88' lang='lat' dir='ltr'><strong>petitum.</strong></span> <span class='ocrx_word' id='word_1_411' title='bbox 1025 3192 1083 3247; x_wconf 90' lang='lat' dir='ltr'><strong>lloc</strong></span> <span class='ocrx_word' id='word_1_412' title='bbox 1098 3192 1146 3246; x_wconf 89' lang='lat' dir='ltr'><strong>lue</strong></span> <span class='ocrx_word' id='word_1_413' title='bbox 1162 3196 1325 3264; x_wconf 85' lang='lat' dir='ltr'><strong>peccatum,</strong></span> <span class='ocrx_word' id='word_1_414' title='bbox 1342 3190 1460 3246; x_wconf 87' lang='lat' dir='ltr'><strong>solitum</strong></span> <span class='ocrx_word' id='word_1_415' title='bbox 1475 3191 1593 3246; x_wconf 79' lang='lat' dir='ltr'><strong>dedisse</strong></span> <span class='ocrx_word' id='word_1_416' title='bbox 1610 3197 1745 3246; x_wconf 84' lang='lat' dir='ltr'><strong>reatum.</strong></span> 
     </span>
     <span class='ocr_line' id='line_1_35' title="bbox 143 3280 1732 3357; baseline -0.004 -15"><span class='ocrx_word' id='word_1_417' title='bbox 143 3285 260 3357; x_wconf 83' lang='lat' dir='ltr'><strong>Mitigut</strong></span> <span class='ocrx_word' id='word_1_418' title='bbox 275 3283 376 3350; x_wconf 90' lang='lat' dir='ltr'><strong>iratos,</strong></span> <span class='ocrx_word' id='word_1_419' title='bbox 393 3282 542 3337; x_wconf 89' lang='lat' dir='ltr'><strong>discordat</strong></span> <span class='ocrx_word' id='word_1_420' title='bbox 559 3283 737 3354; x_wconf 81' lang='lat' dir='ltr'><strong>pacificatos,</strong></span> <span class='ocrx_word' id='word_1_421' title='bbox 1025 3280 1114 3336; x_wconf 76' lang='lat' dir='ltr'><strong>Parvo</strong></span> <span class='ocrx_word' id='word_1_422' title='bbox 1131 3286 1278 3336; x_wconf 89' lang='lat' dir='ltr'><strong>momento</strong></span> <span class='ocrx_word' id='word_1_423' title='bbox 1294 3280 1381 3335; x_wconf 85' lang='lat' dir='ltr'><strong>finem</strong></span> <span class='ocrx_word' id='word_1_424' title='bbox 1399 3295 1552 3350; x_wconf 85' lang='lat' dir='ltr'><strong>properare</strong></span> <span class='ocrx_word' id='word_1_425' title='bbox 1565 3288 1732 3346; x_wconf 85' lang='lat' dir='ltr'><strong>memento,</strong></span> 
     </span>
     <span class='ocr_line' id='line_1_36' title="bbox 143 3369 1802 3442; baseline -0.002 -13"><span class='ocrx_word' id='word_1_426' title='bbox 143 3375 224 3430; x_wconf 89' lang='lat' dir='ltr'><strong>Viles</strong></span> <span class='ocrx_word' id='word_1_427' title='bbox 241 3371 362 3440; x_wconf 83' lang='lat' dir='ltr'><strong>extollit,</strong></span> <span class='ocrx_word' id='word_1_428' title='bbox 379 3373 469 3426; x_wconf 90' lang='lat' dir='ltr'><strong>duros</strong></span> <span class='ocrx_word' id='word_1_429' title='bbox 484 3389 501 3427; x_wconf 88' lang='lat' dir='ltr'><strong>a</strong></span> <span class='ocrx_word' id='word_1_430' title='bbox 517 3373 619 3427; x_wconf 87' lang='lat' dir='ltr'><strong>robore</strong></span> <span class='ocrx_word' id='word_1_431' title='bbox 634 3371 738 3426; x_wconf 90' lang='lat' dir='ltr'><strong>mollit.</strong></span> <span class='ocrx_word' id='word_1_432' title='bbox 1024 3369 1266 3442; x_wconf 85' lang='lat' dir='ltr'><strong>Multimodisque</strong></span> <span class='ocrx_word' id='word_1_433' title='bbox 1282 3371 1368 3435; x_wconf 87' lang='lat' dir='ltr'><strong>datie,</strong></span> <span class='ocrx_word' id='word_1_434' title='bbox 1384 3387 1442 3424; x_wconf 87' lang='lat' dir='ltr'><strong>non</strong></span> <span class='ocrx_word' id='word_1_435' title='bbox 1458 3384 1543 3441; x_wconf 79' lang='lat' dir='ltr'><strong>posse</strong></span> <span class='ocrx_word' id='word_1_436' title='bbox 1559 3369 1701 3426; x_wconf 85' lang='lat' dir='ltr'><strong>resistere</strong></span> <span class='ocrx_word' id='word_1_437' title='bbox 1716 3369 1802 3426; x_wconf 84' lang='lat' dir='ltr'><strong>istis.</strong></span> 
     </span>
     <span class='ocr_line' id='line_1_37' title="bbox 144 3457 1857 3531; baseline -0.005 -10"><span class='ocrx_word' id='word_1_438' title='bbox 144 3463 287 3522; x_wconf 82' lang='lat' dir='ltr'><strong>Pervertit</strong></span> <span class='ocrx_word' id='word_1_439' title='bbox 298 3477 404 3529; x_wconf 86' lang='lat' dir='ltr'><strong>mores,</strong></span> <span class='ocrx_word' id='word_1_440' title='bbox 421 3459 472 3515; x_wconf 89' lang='lat' dir='ltr'><strong>dat</strong></span> <span class='ocrx_word' id='word_1_441' title='bbox 486 3476 620 3531; x_wconf 88' lang='lat' dir='ltr'><strong>regnum,</strong></span> <span class='ocrx_word' id='word_1_442' title='bbox 637 3464 730 3515; x_wconf 91' lang='lat' dir='ltr'><strong>mutat</strong></span> <span class='ocrx_word' id='word_1_443' title='bbox 744 3459 879 3523; x_wconf 88' lang='lat' dir='ltr'><strong>bonores,</strong></span> <span class='ocrx_word' id='word_1_444' title='bbox 1024 3457 1127 3515; x_wconf 66' lang='lat'><strong>1028</strong></span> <span class='ocrx_word' id='word_1_445' title='bbox 1144 3459 1196 3514; x_wconf 89' lang='lat' dir='ltr'><strong>XL.</strong></span> <span class='ocrx_word' id='word_1_446' title='bbox 1212 3457 1352 3513; x_wconf 79' lang='lat' dir='ltr'><strong>Pur-obolo</strong></span> <span class='ocrx_word' id='word_1_447' title='bbox 1365 3458 1398 3513; x_wconf 86' lang='lat' dir='ltr'><strong>de</strong></span> <span class='ocrx_word' id='word_1_448' title='bbox 1411 3457 1538 3530; x_wconf 74' lang='lat' dir='ltr'><strong>frondeo</strong></span> <span class='ocrx_word' id='word_1_449' title='bbox 1557 3459 1622 3528; x_wconf 76' lang='lat' dir='ltr'><strong>trrpo</strong></span> <span class='ocrx_word' id='word_1_450' title='bbox 1638 3457 1766 3528; x_wconf 82' lang='lat' dir='ltr'><strong>opitioui</strong></span> <span class='ocrx_word' id='word_1_451' title='bbox 1777 3462 1857 3529; x_wconf 74' lang='lat' dir='ltr'><strong>tortu.</strong></span> 
     </span>
     <span class='ocr_line' id='line_1_38' title="bbox 145 3546 1750 3623; baseline -0.006 -12"><span class='ocrx_word' id='word_1_452' title='bbox 145 3552 314 3623; x_wconf 82' lang='lat' dir='ltr'><strong>Corrumpit</strong></span> <span class='ocrx_word' id='word_1_453' title='bbox 330 3550 433 3622; x_wconf 89' lang='lat' dir='ltr'><strong>legem,</strong></span> <span class='ocrx_word' id='word_1_454' title='bbox 450 3553 582 3605; x_wconf 82' lang='lat' dir='ltr'><strong>statuens</strong></span> <span class='ocrx_word' id='word_1_455' title='bbox 598 3566 649 3620; x_wconf 91' lang='lat' dir='ltr'><strong>per</strong></span> <span class='ocrx_word' id='word_1_456' title='bbox 665 3566 787 3606; x_wconf 86' lang='lat' dir='ltr'><strong>munera</strong></span> <span class='ocrx_word' id='word_1_457' title='bbox 803 3567 911 3621; x_wconf 87' lang='lat' dir='ltr'><strong>regem.</strong></span> <span class='ocrx_word' id='word_1_458' title='bbox 1136 3547 1168 3618; x_wconf 80' lang='lat' dir='ltr'><strong>(u</strong></span> <span class='ocrx_word' id='word_1_459' title='bbox 1184 3563 1240 3602; x_wconf 90' lang='lat' dir='ltr'><strong>ms.</strong></span> <span class='ocrx_word' id='word_1_460' title='bbox 1258 3547 1287 3602; x_wconf 89' lang='lat' dir='ltr'><strong>S.</strong></span> <span class='ocrx_word' id='word_1_461' title='bbox 1303 3547 1419 3602; x_wconf 89' lang='lat' dir='ltr'><strong>Gatian.</strong></span> <span class='ocrx_word' id='word_1_462' title='bbox 1435 3551 1542 3602; x_wconf 86' lang='lat' dir='ltr'><strong>Toron.</strong></span> <span class='ocrx_word' id='word_1_463' title='bbox 1559 3546 1623 3602; x_wconf 89' lang='lat' dir='ltr'><strong>Non</strong></span> <span class='ocrx_word' id='word_1_464' title='bbox 1640 3548 1750 3618; x_wconf 83' lang='lat' dir='ltr'><strong>edita.)</strong></span> 
     </span>
     <span class='ocr_line' id='line_1_39' title="bbox 145 3635 1779 3710; baseline -0.003 -12"><span class='ocrx_word' id='word_1_465' title='bbox 145 3643 227 3707; x_wconf 82' lang='lat' dir='ltr'><strong>Quod</strong></span> <span class='ocrx_word' id='word_1_466' title='bbox 245 3641 312 3696; x_wconf 85' lang='lat' dir='ltr'><strong>iecit</strong></span> <span class='ocrx_word' id='word_1_467' title='bbox 326 3639 447 3710; x_wconf 78' lang='lat' dir='ltr'><strong>pridem,</strong></span> <span class='ocrx_word' id='word_1_468' title='bbox 464 3655 623 3693; x_wconf 87' lang='lat' dir='ltr'><strong>conversus</strong></span> <span class='ocrx_word' id='word_1_469' title='bbox 639 3638 761 3693; x_wconf 83' lang='lat' dir='ltr'><strong>destruit</strong></span> <span class='ocrx_word' id='word_1_470' title='bbox 774 3639 863 3694; x_wconf 89' lang='lat' dir='ltr'><strong>idcm.</strong></span> <span class='ocrx_word' id='word_1_471' title='bbox 1104 3637 1202 3692; x_wconf 86' lang='lat' dir='ltr'><strong>Fertur</strong></span> <span class='ocrx_word' id='word_1_472' title='bbox 1216 3643 1247 3691; x_wconf 91' lang='lat' dir='ltr'><strong>ut</strong></span> <span class='ocrx_word' id='word_1_473' title='bbox 1261 3636 1306 3691; x_wconf 81' lang='lat' dir='ltr'><strong>tic</strong></span> <span class='ocrx_word' id='word_1_474' title='bbox 1318 3635 1385 3707; x_wconf 71' lang='lat' dir='ltr'><strong>[ecit</strong></span> <span class='ocrx_word' id='word_1_475' title='bbox 1398 3638 1531 3706; x_wconf 76' lang='lat' dir='ltr'><strong>trondem</strong></span> <span class='ocrx_word' id='word_1_476' title='bbox 1546 3635 1628 3705; x_wconf 75' lang='lat' dir='ltr'><strong>lupus</strong></span> <span class='ocrx_word' id='word_1_477' title='bbox 1644 3638 1779 3708; x_wconf 83' lang='lat' dir='ltr'><strong>opilioni.</strong></span> 
     </span>
     <span class='ocr_line' id='line_1_40' title="bbox 145 3721 1768 3800; baseline -0.002 -15"><span class='ocrx_word' id='word_1_478' title='bbox 145 3733 237 3798; x_wconf 88' lang='lat' dir='ltr'><strong>Quem</strong></span> <span class='ocrx_word' id='word_1_479' title='bbox 254 3728 361 3800; x_wconf 89' lang='lat' dir='ltr'><strong>premit</strong></span> <span class='ocrx_word' id='word_1_480' title='bbox 376 3733 516 3791; x_wconf 85' lang='lat' dir='ltr'><strong>arctatur,</strong></span> <span class='ocrx_word' id='word_1_481' title='bbox 531 3742 618 3796; x_wconf 89' lang='lat' dir='ltr'><strong>quem</strong></span> <span class='ocrx_word' id='word_1_482' title='bbox 635 3727 730 3798; x_wconf 82' lang='lat' dir='ltr'><strong>diligit</strong></span> <span class='ocrx_word' id='word_1_483' title='bbox 748 3726 796 3782; x_wconf 90' lang='lat' dir='ltr'><strong>ille</strong></span> <span class='ocrx_word' id='word_1_484' title='bbox 807 3728 939 3798; x_wconf 84' lang='lat' dir='ltr'><strong>juvetur.</strong></span> <span class='ocrx_word' id='word_1_485' title='bbox 1024 3726 1105 3796; x_wconf 80' lang='lat' dir='ltr'><strong>Sceps</strong></span> <span class='ocrx_word' id='word_1_486' title='bbox 1120 3724 1207 3795; x_wconf 92' lang='lat' dir='ltr'><strong>lupus</strong></span> <span class='ocrx_word' id='word_1_487' title='bbox 1221 3724 1341 3796; x_wconf 89' lang='lat' dir='ltr'><strong>quidum</strong></span> <span class='ocrx_word' id='word_1_488' title='bbox 1358 3741 1410 3797; x_wconf 89' lang='lat' dir='ltr'><strong>per</strong></span> <span class='ocrx_word' id='word_1_489' title='bbox 1424 3740 1534 3795; x_wconf 86' lang='lat' dir='ltr'><strong>pascua</strong></span> <span class='ocrx_word' id='word_1_490' title='bbox 1547 3721 1606 3778; x_wconf 89' lang='lat' dir='ltr'><strong>latu</strong></span> <span class='ocrx_word' id='word_1_491' title='bbox 1616 3731 1768 3795; x_wconf 84' lang='lat' dir='ltr'><strong>vagantes</strong></span> 
     </span>
     <span class='ocr_line' id='line_1_41' title="bbox 145 3812 1563 3889; baseline -0.005 -16"><span class='ocrx_word' id='word_1_492' title='bbox 145 3818 229 3873; x_wconf 87' lang='lat' dir='ltr'><strong>Hunc</strong></span> <span class='ocrx_word' id='word_1_493' title='bbox 245 3820 336 3879; x_wconf 86' lang='lat' dir='ltr'><strong>amat,</strong></span> <span class='ocrx_word' id='word_1_494' title='bbox 352 3814 524 3884; x_wconf 89' lang='lat' dir='ltr'><strong>huncangit</strong></span> <span class='ocrx_word' id='word_1_495' title='bbox 539 3816 836 3872; x_wconf 88' lang='lat' dir='ltr'><strong>nummusoonnubia</strong></span> <span class='ocrx_word' id='word_1_496' title='bbox 852 3818 969 3889; x_wconf 86' lang='lat' dir='ltr'><strong>trangit.</strong></span> <span class='ocrx_word' id='word_1_497' title='bbox 1061 3812 1195 3884; x_wconf 81' lang='lat' dir='ltr'><strong>Arripuit</strong></span> <span class='ocrx_word' id='word_1_498' title='bbox 1211 3814 1321 3870; x_wconf 89' lang='lat' dir='ltr'><strong>multas</strong></span> <span class='ocrx_word' id='word_1_499' title='bbox 1336 3813 1473 3886; x_wconf 87' lang='lat' dir='ltr'><strong>opilionis</strong></span> <span class='ocrx_word' id='word_1_500' title='bbox 1487 3828 1563 3867; x_wconf 81' lang='lat' dir='ltr'><strong>oues.</strong></span> 
     </span>
     <span class='ocr_line' id='line_1_42' title="bbox 145 3901 1761 3975; baseline -0.001 -12"><span class='ocrx_word' id='word_1_501' title='bbox 145 3905 160 3963; x_wconf 85' lang='lat' dir='ltr'>J</span> <span class='ocrx_word' id='word_1_502' title='bbox 166 3904 264 3960; x_wconf 88' lang='lat' dir='ltr'><strong>udicat</strong></span> <span class='ocrx_word' id='word_1_503' title='bbox 280 3904 423 3958; x_wconf 90' lang='lat' dir='ltr'><strong>incestum</strong></span> <span class='ocrx_word' id='word_1_504' title='bbox 443 3903 519 3973; x_wconf 91' lang='lat' dir='ltr'><strong>quod</strong></span> <span class='ocrx_word' id='word_1_505' title='bbox 535 3901 579 3957; x_wconf 82' lang='lat' dir='ltr'><strong>lex</strong></span> <span class='ocrx_word' id='word_1_506' title='bbox 601 3904 786 3959; x_wconf 84' lang='lat' dir='ltr'><strong>corrrmendat</strong></span> <span class='ocrx_word' id='word_1_507' title='bbox 800 3905 967 3963; x_wconf 86' lang='lat' dir='ltr'><strong>honestum.</strong></span> <span class='ocrx_word' id='word_1_508' title='bbox 1027 3903 1139 3961; x_wconf 80' lang='lat' dir='ltr'><strong>ludere</strong></span> <span class='ocrx_word' id='word_1_509' title='bbox 1154 3909 1299 3975; x_wconf 88' lang='lat' dir='ltr'><strong>ruptorem</strong></span> <span class='ocrx_word' id='word_1_510' title='bbox 1317 3907 1470 3974; x_wconf 86' lang='lat' dir='ltr'><strong>postquam</strong></span> <span class='ocrx_word' id='word_1_511' title='bbox 1484 3901 1590 3956; x_wconf 86' lang='lat' dir='ltr'><strong>virtuto</strong></span> <span class='ocrx_word' id='word_1_512' title='bbox 1606 3904 1761 3975; x_wconf 82' lang='lat' dir='ltr'><strong>nequiuit,</strong></span> 
     </span>
     <span class='ocr_line' id='line_1_43' title="bbox 146 3989 1637 4067; baseline -0.004 -15"><span class='ocrx_word' id='word_1_513' title='bbox 146 3995 163 4053; x_wconf 82' lang='lat' dir='ltr'><strong>J</strong></span> <span class='ocrx_word' id='word_1_514' title='bbox 168 3999 266 4051; x_wconf 88' lang='lat' dir='ltr'><strong>ustum</strong></span> <span class='ocrx_word' id='word_1_515' title='bbox 283 3992 436 4062; x_wconf 82' lang='lat' dir='ltr'><strong>disjungit,</strong></span> <span class='ocrx_word' id='word_1_516' title='bbox 452 3991 571 4047; x_wconf 88' lang='lat' dir='ltr'><strong>vetitum</strong></span> <span class='ocrx_word' id='word_1_517' title='bbox 590 4009 640 4064; x_wconf 88' lang='lat' dir='ltr'><strong>per</strong></span> <span class='ocrx_word' id='word_1_518' title='bbox 656 4008 775 4049; x_wconf 86' lang='lat' dir='ltr'><strong>munera</strong></span> <span class='ocrx_word' id='word_1_519' title='bbox 786 3995 887 4067; x_wconf 88' lang='lat' dir='ltr'><strong>jungit</strong></span> <span class='ocrx_word' id='word_1_520' title='bbox 1061 3991 1222 4065; x_wconf 88' lang='lat' dir='ltr'><strong>illaqueare</strong></span> <span class='ocrx_word' id='word_1_521' title='bbox 1236 3991 1303 4049; x_wconf 91' lang='lat' dir='ltr'><strong>dolo</strong></span> <span class='ocrx_word' id='word_1_522' title='bbox 1320 3995 1417 4062; x_wconf 84' lang='lat' dir='ltr'><strong>pastor</strong></span> <span class='ocrx_word' id='word_1_523' title='bbox 1431 4007 1497 4046; x_wconf 92' lang='lat' dir='ltr'><strong>eum</strong></span> <span class='ocrx_word' id='word_1_524' title='bbox 1513 3989 1637 4046; x_wconf 86' lang='lat' dir='ltr'><strong>studuit.</strong></span> 
     </span>
     <span class='ocr_line' id='line_1_44' title="bbox 70 4081 1798 4156; baseline 0.001 -15"><span class='ocrx_word' id='word_1_525' title='bbox 70 4082 73 4091; x_wconf 89' lang='lat'>&#39;</span> <span class='ocrx_word' id='word_1_526' title='bbox 148 4083 235 4141; x_wconf 85' lang='lat' dir='ltr'><strong>Curia</strong></span> <span class='ocrx_word' id='word_1_527' title='bbox 252 4081 434 4156; x_wconf 83' lang='lat' dir='ltr'><strong>pontificum,</strong></span> <span class='ocrx_word' id='word_1_528' title='bbox 452 4081 586 4152; x_wconf 82' lang='lat' dir='ltr'><strong>quamuis</strong></span> <span class='ocrx_word' id='word_1_529' title='bbox 602 4082 735 4137; x_wconf 85' lang='lat' dir='ltr'><strong>videntur</strong></span> <span class='ocrx_word' id='word_1_530' title='bbox 752 4082 897 4154; x_wconf 91' lang='lat' dir='ltr'><strong>iniquum.</strong></span> <span class='ocrx_word' id='word_1_531' title='bbox 1024 4081 1097 4138; x_wconf 89' lang='lat' dir='ltr'><strong>Nam</strong></span> <span class='ocrx_word' id='word_1_532' title='bbox 1115 4082 1239 4155; x_wconf 88' lang='lat' dir='ltr'><strong>rigidum</strong></span> <span class='ocrx_word' id='word_1_533' title='bbox 1258 4081 1348 4137; x_wconf 79' lang='lat' dir='ltr'><strong>lluctit</strong></span> <span class='ocrx_word' id='word_1_534' title='bbox 1363 4086 1444 4136; x_wconf 88' lang='lat' dir='ltr'><strong>tanto</strong></span> <span class='ocrx_word' id='word_1_535' title='bbox 1460 4081 1614 4136; x_wconf 79' lang='lat' dir='ltr'><strong>corrarmine</strong></span> <span class='ocrx_word' id='word_1_536' title='bbox 1631 4099 1798 4154; x_wconf 89' lang='lat' dir='ltr'><strong>quercum,</strong></span> 
     </span>
     <span class='ocr_line' id='line_1_45' title="bbox 148 4170 1708 4243; baseline -0.003 -11"><span class='ocrx_word' id='word_1_537' title='bbox 148 4176 236 4232; x_wconf 89' lang='lat' dir='ltr'><strong>Plane</strong></span> <span class='ocrx_word' id='word_1_538' title='bbox 252 4175 401 4239; x_wconf 87' lang='lat' dir='ltr'><strong>mentitur,</strong></span> <span class='ocrx_word' id='word_1_539' title='bbox 417 4189 484 4227; x_wconf 92' lang='lat' dir='ltr'><strong>cum</strong></span> <span class='ocrx_word' id='word_1_540' title='bbox 499 4189 545 4227; x_wconf 87' lang='lat' dir='ltr'><strong>res</strong></span> <span class='ocrx_word' id='word_1_541' title='bbox 560 4173 594 4227; x_wconf 90' lang='lat' dir='ltr'><strong>ud</strong></span> <span class='ocrx_word' id='word_1_542' title='bbox 611 4172 687 4228; x_wconf 88' lang='lat' dir='ltr'><strong>dona</strong></span> <span class='ocrx_word' id='word_1_543' title='bbox 701 4173 827 4238; x_wconf 80' lang='lat' dir='ltr'><strong>venitur,</strong></span> <span class='ocrx_word' id='word_1_544' title='bbox 1058 4174 1096 4227; x_wconf 90' lang='lat' dir='ltr'><strong>Ut</strong></span> <span class='ocrx_word' id='word_1_545' title='bbox 1110 4175 1197 4242; x_wconf 86' lang='lat' dir='ltr'><strong>caput</strong></span> <span class='ocrx_word' id='word_1_546' title='bbox 1213 4170 1292 4228; x_wconf 88' lang='lat' dir='ltr'><strong>illius</strong></span> <span class='ocrx_word' id='word_1_547' title='bbox 1308 4175 1426 4243; x_wconf 73' lang='lat' dir='ltr'><strong>tetigero</strong></span> <span class='ocrx_word' id='word_1_548' title='bbox 1442 4174 1541 4242; x_wconf 85' lang='lat' dir='ltr'><strong>posset</strong></span> <span class='ocrx_word' id='word_1_549' title='bbox 1557 4170 1686 4228; x_wconf 90' lang='lat' dir='ltr'><strong>humum</strong></span> <span class='ocrx_word' id='word_1_550' title='bbox 1701 4191 1708 4241; x_wconf 90' lang='lat'>;</span> 
     </span>
     <span class='ocr_line' id='line_1_46' title="bbox 148 4259 1702 4335; baseline -0.001 -15"><span class='ocrx_word' id='word_1_551' title='bbox 148 4265 259 4335; x_wconf 82' lang='lat' dir='ltr'><strong>Regum</strong></span> <span class='ocrx_word' id='word_1_552' title='bbox 277 4263 428 4334; x_wconf 86' lang='lat' dir='ltr'><strong>majestas,</strong></span> <span class='ocrx_word' id='word_1_553' title='bbox 445 4260 692 4334; x_wconf 79' lang='lat' dir='ltr'><strong>prelatorumque</strong></span> <span class='ocrx_word' id='word_1_554' title='bbox 705 4268 842 4334; x_wconf 80' lang='lat' dir='ltr'><strong>potestus.</strong></span> <span class='ocrx_word' id='word_1_555' title='bbox 1024 4261 1057 4317; x_wconf 79' lang='lat' dir='ltr'><strong>lu</strong></span> <span class='ocrx_word' id='word_1_556' title='bbox 1072 4261 1160 4332; x_wconf 90' lang='lat' dir='ltr'><strong>cupiti</strong></span> <span class='ocrx_word' id='word_1_557' title='bbox 1176 4259 1250 4317; x_wconf 86' lang='lat' dir='ltr'><strong>ssexo</strong></span> <span class='ocrx_word' id='word_1_558' title='bbox 1265 4260 1388 4332; x_wconf 88' lang='lat' dir='ltr'><strong>laqueus</strong></span> <span class='ocrx_word' id='word_1_559' title='bbox 1403 4260 1446 4315; x_wconf 89' lang='lat' dir='ltr'><strong>sic</strong></span> <span class='ocrx_word' id='word_1_560' title='bbox 1463 4260 1589 4315; x_wconf 90' lang='lat' dir='ltr'><strong>nectitur</strong></span> <span class='ocrx_word' id='word_1_561' title='bbox 1606 4277 1702 4333; x_wconf 89' lang='lat' dir='ltr'><strong>unus,</strong></span> 
     </span>
    </p>
   </div>
   <div class='ocr_carea' id='block_1_5' title="bbox 41 4348 1678 4433">
    <p class='ocr_par' dir='ltr' id='par_1_6' title="bbox 41 4348 1678 4433">
     <span class='ocr_line' id='line_1_47' title="bbox 41 4348 1678 4433; baseline -0.002 -23"><span class='ocrx_word' id='word_1_562' title='bbox 41 4428 44 4433; x_wconf 21' lang='grc' dir='ltr'>Ι</span> <span class='ocrx_word' id='word_1_563' title='bbox 146 4358 241 4425; x_wconf 80' lang='lat' dir='ltr'><strong>Reges</strong></span> <span class='ocrx_word' id='word_1_564' title='bbox 256 4350 386 4415; x_wconf 79' lang='lat' dir='ltr'><strong>offerruit,</strong></span> <span class='ocrx_word' id='word_1_565' title='bbox 401 4351 471 4404; x_wconf 77' lang='lat' dir='ltr'><strong>duan</strong></span> <span class='ocrx_word' id='word_1_566' title='bbox 488 4367 627 4406; x_wconf 81' lang='lat' dir='ltr'><strong>nunrmus</strong></span> <span class='ocrx_word' id='word_1_567' title='bbox 644 4367 766 4406; x_wconf 89' lang='lat' dir='ltr'><strong>munera</strong></span> <span class='ocrx_word' id='word_1_568' title='bbox 781 4352 883 4408; x_wconf 87' lang='lat' dir='ltr'><strong>tendit.</strong></span> <span class='ocrx_word' id='word_1_569' title='bbox 1060 4351 1175 4407; x_wconf 74' lang='lat' dir='ltr'><strong>Mobilis</strong></span> <span class='ocrx_word' id='word_1_570' title='bbox 1191 4355 1223 4405; x_wconf 91' lang='lat' dir='ltr'><strong>ut</strong></span> <span class='ocrx_word' id='word_1_571' title='bbox 1237 4349 1375 4422; x_wconf 89' lang='lat' dir='ltr'><strong>laqueum</strong></span> <span class='ocrx_word' id='word_1_572' title='bbox 1390 4349 1520 4405; x_wconf 87' lang='lat' dir='ltr'><strong>detineat</strong></span> <span class='ocrx_word' id='word_1_573' title='bbox 1531 4348 1678 4417; x_wconf 81' lang='lat' dir='ltr'><strong>baculus;</strong></span> 
     </span>
    </p>
   </div>
   <div class='ocr_carea' id='block_1_6' title="bbox 146 4438 1759 4601">
    <p class='ocr_par' dir='ltr' id='par_1_7' title="bbox 146 4438 1759 4601">
     <span class='ocr_line' id='line_1_48' title="bbox 146 4438 1759 4513; baseline 0 -15"><span class='ocrx_word' id='word_1_574' title='bbox 146 4443 267 4512; x_wconf 83' lang='lat' dir='ltr'><strong>Pignus,</strong></span> <span class='ocrx_word' id='word_1_575' title='bbox 289 4440 481 4507; x_wconf 88' lang='lat' dir='ltr'><strong>honestatem,</strong></span> <span class='ocrx_word' id='word_1_576' title='bbox 498 4456 629 4503; x_wconf 62' lang='lat' dir='ltr'><strong>scorsum,</strong></span> <span class='ocrx_word' id='word_1_577' title='bbox 646 4455 784 4509; x_wconf 83' lang='lat' dir='ltr'><strong>genusne</strong></span> <span class='ocrx_word' id='word_1_578' title='bbox 800 4440 969 4513; x_wconf 83' lang='lat' dir='ltr'><strong>probitatem</strong></span> <span class='ocrx_word' id='word_1_579' title='bbox 986 4441 1010 4507; x_wconf 81' lang='lat' dir='ltr'><strong>lt</strong></span> <span class='ocrx_word' id='word_1_580' title='bbox 1024 4441 1077 4495; x_wconf 86' lang='lat' dir='ltr'><strong>Sed</strong></span> <span class='ocrx_word' id='word_1_581' title='bbox 1093 4439 1231 4513; x_wconf 88' lang='lat' dir='ltr'><strong>laqueum</strong></span> <span class='ocrx_word' id='word_1_582' title='bbox 1248 4444 1330 4496; x_wconf 78' lang='lat' dir='ltr'><strong>terre</strong></span> <span class='ocrx_word' id='word_1_583' title='bbox 1347 4439 1469 4496; x_wconf 87' lang='lat' dir='ltr'><strong>baculus</strong></span> <span class='ocrx_word' id='word_1_584' title='bbox 1486 4439 1528 4494; x_wconf 92' lang='lat' dir='ltr'><strong>sic</strong></span> <span class='ocrx_word' id='word_1_585' title='bbox 1542 4438 1678 4511; x_wconf 85' lang='lat' dir='ltr'><strong>applicat</strong></span> <span class='ocrx_word' id='word_1_586' title='bbox 1694 4443 1759 4511; x_wconf 90' lang='lat' dir='ltr'><strong>ille,</strong></span> 
     </span>
     <span class='ocr_line' id='line_1_49' title="bbox 148 4527 1709 4601; baseline 0.001 -15"><span class='ocrx_word' id='word_1_587' title='bbox 148 4528 343 4587; x_wconf 80' lang='lat' dir='ltr'><strong>Transcendit</strong></span> <span class='ocrx_word' id='word_1_588' title='bbox 356 4543 504 4598; x_wconf 88' lang='lat' dir='ltr'><strong>nummus,</strong></span> <span class='ocrx_word' id='word_1_589' title='bbox 521 4532 604 4583; x_wconf 87' lang='lat' dir='ltr'><strong>stans</strong></span> <span class='ocrx_word' id='word_1_590' title='bbox 619 4527 694 4583; x_wconf 88' lang='lat' dir='ltr'><strong>inter</strong></span> <span class='ocrx_word' id='word_1_591' title='bbox 709 4533 810 4584; x_wconf 81' lang='lat' dir='ltr'><strong>cuturn</strong></span> <span class='ocrx_word' id='word_1_592' title='bbox 826 4546 970 4588; x_wconf 88' lang='lat' dir='ltr'><strong>summus.</strong></span> <span class='ocrx_word' id='word_1_593' title='bbox 1063 4529 1099 4585; x_wconf 91' lang='lat' dir='ltr'><strong>Ut</strong></span> <span class='ocrx_word' id='word_1_594' title='bbox 1112 4528 1215 4600; x_wconf 87' lang='lat' dir='ltr'><strong>laqueo</strong></span> <span class='ocrx_word' id='word_1_595' title='bbox 1230 4534 1331 4601; x_wconf 89' lang='lat' dir='ltr'><strong>pereat</strong></span> <span class='ocrx_word' id='word_1_596' title='bbox 1344 4528 1396 4601; x_wconf 90' lang='lat' dir='ltr'><strong>qui</strong></span> <span class='ocrx_word' id='word_1_597' title='bbox 1412 4528 1549 4583; x_wconf 87' lang='lat' dir='ltr'><strong>baculum</strong></span> <span class='ocrx_word' id='word_1_598' title='bbox 1566 4536 1709 4599; x_wconf 85' lang='lat' dir='ltr'><strong>rnoveat;</strong></span> 
     </span>
    </p>
   </div>
   <div class='ocr_carea' id='block_1_7' title="bbox 147 4651 1863 5441">
    <p class='ocr_par' dir='ltr' id='par_1_8' title="bbox 148 4651 1863 5011">
     <span class='ocr_line' id='line_1_50' title="bbox 151 4651 1861 4724; baseline 0.001 -12"><span class='ocrx_word' id='word_1_599' title='bbox 151 4654 333 4721; x_wconf 85' lang='lat' dir='ltr'><strong>auctoritate,</strong></span> <span class='ocrx_word' id='word_1_600' title='bbox 356 4651 515 4724; x_wconf 77' lang='lat' dir='ltr'><strong>quunulla</strong></span> <span class='ocrx_word' id='word_1_601' title='bbox 542 4656 646 4719; x_wconf 83' lang='lat' dir='ltr'><strong>est‚ex</strong></span> <span class='ocrx_word' id='word_1_602' title='bbox 675 4653 811 4718; x_wconf 82' lang='lat' dir='ltr'><strong>operibns</strong></span> <span class='ocrx_word' id='word_1_603' title='bbox 841 4654 971 4710; x_wconf 81' lang='lat' dir='ltr'><strong>tlerbodi</strong></span> <span class='ocrx_word' id='word_1_604' title='bbox 1026 4652 1790 4723; x_wconf 85' lang='lat' dir='ltr'><strong>versusillosardorejuveniliconrpnsnisse,‹lnm</strong></span> <span class='ocrx_word' id='word_1_605' title='bbox 1808 4668 1861 4714; x_wconf 78' lang='lat' dir='ltr'><strong>Aa·</strong></span> 
     </span>
     <span class='ocr_line' id='line_1_51' title="bbox 150 4724 1862 4798; baseline 0.001 -15"><span class='ocrx_word' id='word_1_606' title='bbox 150 4724 554 4798; x_wconf 69' lang='lat' dir='ltr'><strong>expungercmusdtquidem</strong></span> <span class='ocrx_word' id='word_1_607' title='bbox 566 4725 707 4795; x_wconf 80' lang='lat' dir='ltr'><strong>preclara</strong></span> <span class='ocrx_word' id='word_1_608' title='bbox 718 4725 874 4780; x_wconf 85' lang='lat' dir='ltr'><strong>admodum</strong></span> <span class='ocrx_word' id='word_1_609' title='bbox 885 4727 971 4793; x_wconf 90' lang='lat' dir='ltr'><strong>hujus</strong></span> <span class='ocrx_word' id='word_1_610' title='bbox 1027 4725 1205 4797; x_wconf 80' lang='lat' dir='ltr'><strong>dugsvenscs</strong></span> <span class='ocrx_word' id='word_1_611' title='bbox 1221 4730 1249 4780; x_wconf 89' lang='lat' dir='ltr'><strong>et</strong></span> <span class='ocrx_word' id='word_1_612' title='bbox 1277 4727 1477 4790; x_wconf 84' lang='lat' dir='ltr'><strong>Redoncnses,</strong></span> <span class='ocrx_word' id='word_1_613' title='bbox 1494 4736 1524 4779; x_wconf 86' lang='lat' dir='ltr'><strong>ut</strong></span> <span class='ocrx_word' id='word_1_614' title='bbox 1539 4724 1611 4780; x_wconf 86' lang='lat' dir='ltr'><strong>olim</strong></span> <span class='ocrx_word' id='word_1_615' title='bbox 1628 4730 1759 4797; x_wconf 77' lang='lat' dir='ltr'><strong>saepius,</strong></span> <span class='ocrx_word' id='word_1_616' title='bbox 1778 4735 1862 4787; x_wconf 79' lang='lat' dir='ltr'><strong>curiis</strong></span> 
     </span>
     <span class='ocr_line' id='line_1_52' title="bbox 149 4795 1860 4867; baseline 0.003 -13"><span class='ocrx_word' id='word_1_617' title='bbox 149 4801 282 4854; x_wconf 73' lang='lat' dir='ltr'><strong>Historias</strong></span> <span class='ocrx_word' id='word_1_618' title='bbox 296 4797 429 4851; x_wconf 89' lang='lat' dir='ltr'><strong>eruditus</strong></span> <span class='ocrx_word' id='word_1_619' title='bbox 445 4801 546 4850; x_wconf 85' lang='lat' dir='ltr'><strong>auctor</strong></span> <span class='ocrx_word' id='word_1_620' title='bbox 561 4795 673 4864; x_wconf 89' lang='lat' dir='ltr'><strong>opinari</strong></span> <span class='ocrx_word' id='word_1_621' title='bbox 686 4795 802 4850; x_wconf 66' lang='lat' dir='ltr'><strong>violetur</strong></span> <span class='ocrx_word' id='word_1_622' title='bbox 819 4797 884 4852; x_wconf 78' lang='lat' dir='ltr'><strong>ullos</strong></span> <span class='ocrx_word' id='word_1_623' title='bbox 913 4815 972 4854; x_wconf 93' lang='lat' dir='ltr'><strong>non</strong></span> <span class='ocrx_word' id='word_1_624' title='bbox 1026 4798 1103 4852; x_wconf 88' lang='lat' dir='ltr'><strong>inter</strong></span> <span class='ocrx_word' id='word_1_625' title='bbox 1117 4813 1148 4852; x_wconf 88' lang='lat' dir='ltr'><strong>se</strong></span> <span class='ocrx_word' id='word_1_626' title='bbox 1161 4795 1293 4853; x_wconf 89' lang='lat' dir='ltr'><strong>dissidiis</strong></span> <span class='ocrx_word' id='word_1_627' title='bbox 1307 4797 1554 4867; x_wconf 83' lang='lat' dir='ltr'><strong>agitarentur;et</strong></span> <span class='ocrx_word' id='word_1_628' title='bbox 1581 4801 1770 4858; x_wconf 86' lang='lat' dir='ltr'><strong>oosexillis</strong></span> <span class='ocrx_word' id='word_1_629' title='bbox 1799 4821 1860 4859; x_wconf 74' lang='lat' dir='ltr'><strong>osse</strong></span> 
     </span>
     <span class='ocr_line' id='line_1_53' title="bbox 150 4866 1863 4939; baseline 0.002 -13"><span class='ocrx_word' id='word_1_630' title='bbox 150 4885 214 4926; x_wconf 89' lang='lat' dir='ltr'><strong>csse</strong></span> <span class='ocrx_word' id='word_1_631' title='bbox 230 4867 406 4932; x_wconf 84' lang='lat' dir='ltr'><strong>llarbodi,ec</strong></span> <span class='ocrx_word' id='word_1_632' title='bbox 422 4867 500 4937; x_wconf 89' lang='lat' dir='ltr'><strong>quud</strong></span> <span class='ocrx_word' id='word_1_633' title='bbox 517 4867 623 4935; x_wconf 86' lang='lat' dir='ltr'><strong>triplici</strong></span> <span class='ocrx_word' id='word_1_634' title='bbox 640 4866 778 4937; x_wconf 75' lang='lat' dir='ltr'><strong>rhythmo</strong></span> <span class='ocrx_word' id='word_1_635' title='bbox 794 4867 891 4924; x_wconf 84' lang='lat' dir='ltr'><strong>donati</strong></span> <span class='ocrx_word' id='word_1_636' title='bbox 903 4875 973 4925; x_wconf 88' lang='lat' dir='ltr'><strong>sunt</strong></span> <span class='ocrx_word' id='word_1_637' title='bbox 1026 4870 1161 4924; x_wconf 84' lang='lat' dir='ltr'><strong>versibus</strong></span> <span class='ocrx_word' id='word_1_638' title='bbox 1176 4868 1380 4939; x_wconf 79' lang='lat' dir='ltr'><strong>opinamur-,de</strong></span> <span class='ocrx_word' id='word_1_639' title='bbox 1392 4867 1501 4939; x_wconf 87' lang='lat' dir='ltr'><strong>quibus</strong></span> <span class='ocrx_word' id='word_1_640' title='bbox 1516 4866 1579 4936; x_wconf 89' lang='lat' dir='ltr'><strong>ipsc</strong></span> <span class='ocrx_word' id='word_1_641' title='bbox 1595 4869 1767 4929; x_wconf 84' lang='lat' dir='ltr'><strong>blurbodus</strong></span> <span class='ocrx_word' id='word_1_642' title='bbox 1785 4875 1863 4931; x_wconf 85' lang='lat' dir='ltr'><strong>initio</strong></span> 
     </span>
     <span class='ocr_line' id='line_1_54' title="bbox 148 4938 1552 5011; baseline -0.005 -14"><span class='ocrx_word' id='word_1_643' title='bbox 148 4941 178 4997; x_wconf 93' lang='lat' dir='ltr'><strong>in</strong></span> <span class='ocrx_word' id='word_1_644' title='bbox 196 4955 372 5011; x_wconf 86' lang='lat' dir='ltr'><strong>unoquoque</strong></span> <span class='ocrx_word' id='word_1_645' title='bbox 385 4955 467 4994; x_wconf 83' lang='lat' dir='ltr'><strong>vorsu</strong></span> <span class='ocrx_word' id='word_1_646' title='bbox 481 4954 487 5003; x_wconf 93' lang='lat'>;</span> <span class='ocrx_word' id='word_1_647' title='bbox 503 4939 553 4992; x_wconf 86' lang='lat' dir='ltr'><strong>sed</strong></span> <span class='ocrx_word' id='word_1_648' title='bbox 572 4939 626 4992; x_wconf 91' lang='lat' dir='ltr'><strong>hnc</strong></span> <span class='ocrx_word' id='word_1_649' title='bbox 643 4954 699 4991; x_wconf 93' lang='lat' dir='ltr'><strong>non</strong></span> <span class='ocrx_word' id='word_1_650' title='bbox 715 4939 821 4992; x_wconf 87' lang='lat' dir='ltr'><strong>evincit</strong></span> <span class='ocrx_word' id='word_1_651' title='bbox 837 4939 903 4994; x_wconf 92' lang='lat' dir='ltr'><strong>illos</strong></span> <span class='ocrx_word' id='word_1_652' title='bbox 918 4942 970 4995; x_wconf 90' lang='lat' dir='ltr'><strong>ub·</strong></span> <span class='ocrx_word' id='word_1_653' title='bbox 1026 4940 1093 4994; x_wconf 90' lang='lat' dir='ltr'><strong>libri</strong></span> <span class='ocrx_word' id='word_1_654' title='bbox 1108 4941 1207 4995; x_wconf 88' lang='lat' dir='ltr'><strong>decem</strong></span> <span class='ocrx_word' id='word_1_655' title='bbox 1222 4938 1416 5011; x_wconf 88' lang='lat' dir='ltr'><strong>capitulorum</strong></span> <span class='ocrx_word' id='word_1_656' title='bbox 1434 4938 1476 4993; x_wconf 92' lang='lat' dir='ltr'><strong>sic</strong></span> <span class='ocrx_word' id='word_1_657' title='bbox 1492 4939 1552 4991; x_wconf 86' lang='lat' dir='ltr'><strong>uit:</strong></span> 
     </span>
    </p>

    <p class='ocr_par' dir='ltr' id='par_1_9' title="bbox 147 5009 1827 5226">
     <span class='ocr_line' id='line_1_55' title="bbox 147 5009 1778 5085; baseline 0.002 -18"><span class='ocrx_word' id='word_1_658' title='bbox 147 5011 324 5085; x_wconf 79' lang='lat' dir='ltr'><strong>judicandos</strong></span> <span class='ocrx_word' id='word_1_659' title='bbox 339 5026 403 5064; x_wconf 83' lang='lat' dir='ltr'><strong>esse</strong></span> <span class='ocrx_word' id='word_1_660' title='bbox 419 5009 568 5068; x_wconf 84' lang='lat' dir='ltr'><strong>Morbodn.</strong></span> <span class='ocrx_word' id='word_1_661' title='bbox 584 5025 650 5064; x_wconf 90' lang='lat' dir='ltr'><strong>oum</strong></span> <span class='ocrx_word' id='word_1_662' title='bbox 662 5009 737 5063; x_wconf 89' lang='lat' dir='ltr'><strong>inter</strong></span> <span class='ocrx_word' id='word_1_663' title='bbox 749 5011 813 5077; x_wconf 82' lang='lat' dir='ltr'><strong>ejus</strong></span> <span class='ocrx_word' id='word_1_664' title='bbox 829 5013 971 5078; x_wconf 87' lang='lat' dir='ltr'><strong>carmina,</strong></span> <span class='ocrx_word' id='word_1_665' title='bbox 1028 5012 1094 5080; x_wconf 74' lang='lat' dir='ltr'><strong>Qum</strong></span> <span class='ocrx_word' id='word_1_666' title='bbox 1104 5011 1215 5080; x_wconf 82' lang='lat' dir='ltr'><strong>juvenis</strong></span> <span class='ocrx_word' id='word_1_667' title='bbox 1229 5010 1337 5080; x_wconf 84' lang='lat' dir='ltr'><strong>scripsi,</strong></span> <span class='ocrx_word' id='word_1_668' title='bbox 1353 5012 1446 5064; x_wconf 84' lang='lat' dir='ltr'><strong>senior</strong></span> <span class='ocrx_word' id='word_1_669' title='bbox 1460 5009 1526 5063; x_wconf 85' lang='lat' dir='ltr'><strong>dum</strong></span> <span class='ocrx_word' id='word_1_670' title='bbox 1540 5009 1624 5079; x_wconf 82' lang='lat' dir='ltr'><strong>ptura</strong></span> <span class='ocrx_word' id='word_1_671' title='bbox 1639 5020 1778 5074; x_wconf 81' lang='lat' dir='ltr'><strong>retrario.</strong></span> 
     </span>
     <span class='ocr_line' id='line_1_56' title="bbox 151 5080 1827 5154; baseline 0.002 -14"><span class='ocrx_word' id='word_1_672' title='bbox 151 5080 971 5152; x_wconf 67' lang='lat' dir='ltr'><strong>u‘ultutripliciterhocnodaresornrntiuvidesomnverhi</strong></span> <span class='ocrx_word' id='word_1_673' title='bbox 1028 5081 1156 5149; x_wconf 69' lang='lat' dir='ltr'><strong>runnu,</strong></span> <span class='ocrx_word' id='word_1_674' title='bbox 1173 5087 1199 5138; x_wconf 88' lang='lat' dir='ltr'><strong>ot</strong></span> <span class='ocrx_word' id='word_1_675' title='bbox 1213 5083 1341 5154; x_wconf 76' lang='lat' dir='ltr'><strong>quaem</strong></span> <span class='ocrx_word' id='word_1_676' title='bbox 1356 5082 1400 5137; x_wconf 84' lang='lat' dir='ltr'><strong>vel</strong></span> <span class='ocrx_word' id='word_1_677' title='bbox 1414 5083 1530 5152; x_wconf 88' lang='lat' dir='ltr'><strong>scriptu,</strong></span> <span class='ocrx_word' id='word_1_678' title='bbox 1548 5095 1593 5135; x_wconf 83' lang='lat' dir='ltr'><strong>oce</strong></span> <span class='ocrx_word' id='word_1_679' title='bbox 1608 5081 1688 5139; x_wconf 85' lang='lat' dir='ltr'><strong>editu</strong></span> <span class='ocrx_word' id='word_1_680' title='bbox 1707 5090 1827 5145; x_wconf 76' lang='lat' dir='ltr'><strong>tralleon.</strong></span> 
     </span>
     <span class='ocr_line' id='line_1_57' title="bbox 150 5152 1241 5226; baseline -0.002 -16"><span class='ocrx_word' id='word_1_681' title='bbox 150 5155 244 5226; x_wconf 85' lang='lat' dir='ltr'><strong>gratia</strong></span> <span class='ocrx_word' id='word_1_682' title='bbox 259 5154 288 5208; x_wconf 89' lang='lat' dir='ltr'><strong>in</strong></span> <span class='ocrx_word' id='word_1_683' title='bbox 305 5152 434 5207; x_wconf 88' lang='lat' dir='ltr'><strong>oratione</strong></span> <span class='ocrx_word' id='word_1_684' title='bbox 449 5154 484 5207; x_wconf 77' lang='lat' dir='ltr'><strong>ord</strong></span> <span class='ocrx_word' id='word_1_685' title='bbox 499 5157 618 5207; x_wconf 88' lang='lat' dir='ltr'><strong>hlutrem</strong></span> <span class='ocrx_word' id='word_1_686' title='bbox 637 5152 760 5215; x_wconf 70' lang='lat' dir='ltr'><strong>lantiunt,</strong></span> <span class='ocrx_word' id='word_1_687' title='bbox 776 5152 831 5206; x_wconf 88' lang='lat' dir='ltr'><strong>col.</strong></span> <span class='ocrx_word' id='word_1_688' title='bbox 851 5154 929 5210; x_wconf 75' lang='lat'><strong>1652.</strong></span> <span class='ocrx_word' id='word_1_689' title='bbox 1027 5153 1109 5210; x_wconf 90' lang='lat' dir='ltr'><strong>Unda</strong></span> <span class='ocrx_word' id='word_1_690' title='bbox 1125 5154 1241 5224; x_wconf 87' lang='lat' dir='ltr'><strong>inquit:</strong></span> 
     </span>
    </p>

    <p class='ocr_par' dir='ltr' id='par_1_10' title="bbox 150 5221 1679 5295">
     <span class='ocr_line' id='line_1_58' title="bbox 150 5221 1679 5295; baseline -0.003 -13"><span class='ocrx_word' id='word_1_691' title='bbox 150 5226 262 5283; x_wconf 82' lang='lat' dir='ltr'><strong>Gemma</strong></span> <span class='ocrx_word' id='word_1_692' title='bbox 276 5225 383 5290; x_wconf 79' lang='lat' dir='ltr'><strong>decens,</strong></span> <span class='ocrx_word' id='word_1_693' title='bbox 399 5239 459 5278; x_wconf 83' lang='lat' dir='ltr'><strong>rom</strong></span> <span class='ocrx_word' id='word_1_694' title='bbox 473 5229 541 5278; x_wconf 86' lang='lat' dir='ltr'><strong>uolo</strong></span> <span class='ocrx_word' id='word_1_695' title='bbox 553 5241 654 5287; x_wconf 69' lang='lat' dir='ltr'><strong>urceus,</strong></span> <span class='ocrx_word' id='word_1_696' title='bbox 668 5228 784 5295; x_wconf 63' lang='lat' dir='ltr'><strong>peruecta</strong></span> <span class='ocrx_word' id='word_1_697' title='bbox 799 5227 904 5291; x_wconf 78' lang='lat' dir='ltr'><strong>decoro,</strong></span> <span class='ocrx_word' id='word_1_698' title='bbox 1031 5227 1073 5282; x_wconf 83' lang='lat' dir='ltr'><strong>l&#39;el</strong></span> <span class='ocrx_word' id='word_1_699' title='bbox 1088 5226 1202 5280; x_wconf 82' lang='lat' dir='ltr'><strong>dolendo</strong></span> <span class='ocrx_word' id='word_1_700' title='bbox 1216 5226 1284 5290; x_wconf 86' lang='lat' dir='ltr'><strong>cito,</strong></span> <span class='ocrx_word' id='word_1_701' title='bbox 1299 5222 1346 5280; x_wconf 78' lang='lat' dir='ltr'><strong>uel</strong></span> <span class='ocrx_word' id='word_1_702' title='bbox 1361 5239 1417 5279; x_wconf 76' lang='lat' dir='ltr'><strong>arou</strong></span> <span class='ocrx_word' id='word_1_703' title='bbox 1429 5222 1532 5279; x_wconf 74' lang='lat' dir='ltr'><strong>edoardo</strong></span> <span class='ocrx_word' id='word_1_704' title='bbox 1546 5221 1679 5292; x_wconf 71' lang='lat' dir='ltr'><strong>[ruissent.</strong></span> 
     </span>
    </p>

    <p class='ocr_par' dir='ltr' id='par_1_11' title="bbox 148 5293 1863 5441">
     <span class='ocr_line' id='line_1_59' title="bbox 148 5293 1863 5373; baseline 0.003 -19"><span class='ocrx_word' id='word_1_705' title='bbox 148 5300 227 5354; x_wconf 82' lang='lat' dir='ltr'><strong>licitu</strong></span> <span class='ocrx_word' id='word_1_706' title='bbox 242 5298 316 5353; x_wconf 76' lang='lat' dir='ltr'><strong>crinis</strong></span> <span class='ocrx_word' id='word_1_707' title='bbox 331 5297 438 5351; x_wconf 83' lang='lat' dir='ltr'><strong>incluso</strong></span> <span class='ocrx_word' id='word_1_708' title='bbox 452 5297 537 5366; x_wconf 73' lang='lat' dir='ltr'><strong>suuis,</strong></span> <span class='ocrx_word' id='word_1_709' title='bbox 554 5302 662 5350; x_wconf 74' lang='lat' dir='ltr'><strong>ortucula</strong></span> <span class='ocrx_word' id='word_1_710' title='bbox 676 5312 784 5367; x_wconf 79' lang='lat' dir='ltr'><strong>sopore,</strong></span> <span class='ocrx_word' id='word_1_711' title='bbox 796 5307 850 5352; x_wconf 86' lang='lat' dir='ltr'><strong>etc.</strong></span> <span class='ocrx_word' id='word_1_712' title='bbox 1065 5297 1121 5352; x_wconf 75' lang='lat' dir='ltr'><strong>heu</strong></span> <span class='ocrx_word' id='word_1_713' title='bbox 1136 5299 1213 5352; x_wconf 90' lang='lat' dir='ltr'><strong>enim</strong></span> <span class='ocrx_word' id='word_1_714' title='bbox 1231 5293 1378 5368; x_wconf 88' lang='lat' dir='ltr'><strong>probabile</strong></span> <span class='ocrx_word' id='word_1_715' title='bbox 1392 5294 1509 5350; x_wconf 83' lang='lat' dir='ltr'><strong>videtur</strong></span> <span class='ocrx_word' id='word_1_716' title='bbox 1536 5296 1716 5368; x_wconf 82' lang='lat' dir='ltr'><strong>episcopum</strong></span> <span class='ocrx_word' id='word_1_717' title='bbox 1736 5302 1863 5373; x_wconf 85' lang='lat' dir='ltr'><strong>alioquin</strong></span> 
     </span>
     <span class='ocr_line' id='line_1_60' title="bbox 153 5366 1862 5441; baseline 0.004 -16"><span class='ocrx_word' id='word_1_718' title='bbox 153 5385 205 5441; x_wconf 88' lang='lat' dir='ltr'><strong>per</strong></span> <span class='ocrx_word' id='word_1_719' title='bbox 217 5368 319 5441; x_wconf 88' lang='lat' dir='ltr'><strong>viginti</strong></span> <span class='ocrx_word' id='word_1_720' title='bbox 330 5383 441 5422; x_wconf 86' lang='lat' dir='ltr'><strong>versus.</strong></span> <span class='ocrx_word' id='word_1_721' title='bbox 1027 5367 1248 5423; x_wconf 87' lang='lat' dir='ltr'><strong>sanctissimum</strong></span> <span class='ocrx_word' id='word_1_722' title='bbox 1272 5372 1301 5422; x_wconf 87' lang='lat' dir='ltr'><strong>et</strong></span> <span class='ocrx_word' id='word_1_723' title='bbox 1324 5366 1371 5422; x_wconf 91' lang='lat' dir='ltr'><strong>sni</strong></span> <span class='ocrx_word' id='word_1_724' title='bbox 1386 5367 1483 5439; x_wconf 91' lang='lat' dir='ltr'><strong>gregis</strong></span> <span class='ocrx_word' id='word_1_725' title='bbox 1504 5366 1769 5441; x_wconf 82' lang='lat' dir='ltr'><strong>amantissimum,</strong></span> <span class='ocrx_word' id='word_1_726' title='bbox 1786 5376 1862 5431; x_wconf 83' lang='lat' dir='ltr'><strong>iltius</strong></span> 
     </span>
    </p>
   </div>
   <div class='ocr_carea' id='block_1_8' title="bbox 26 5436 1862 5655">
    <p class='ocr_par' dir='ltr' id='par_1_12' title="bbox 26 5436 1862 5655">
     <span class='ocr_line' id='line_1_61' title="bbox 184 5436 1862 5523; baseline 0.004 -28"><span class='ocrx_word' id='word_1_727' title='bbox 184 5440 233 5523; x_wconf 67' lang='lat' dir='ltr'><strong>§ic</strong></span> <span class='ocrx_word' id='word_1_728' title='bbox 248 5441 303 5496; x_wconf 89' lang='lat' dir='ltr'><strong>otiu</strong></span> <span class='ocrx_word' id='word_1_729' title='bbox 319 5440 404 5509; x_wconf 89' lang='lat' dir='ltr'><strong>plura</strong></span> <span class='ocrx_word' id='word_1_730' title='bbox 417 5437 561 5508; x_wconf 69' lang='lat' dir='ltr'><strong>ejusmodi</strong></span> <span class='ocrx_word' id='word_1_731' title='bbox 579 5436 709 5519; x_wconf 74' lang='lat' dir='ltr'><strong>Marbodi</strong></span> <span class='ocrx_word' id='word_1_732' title='bbox 726 5437 890 5494; x_wconf 87' lang='lat' dir='ltr'><strong>indubitata</strong></span> <span class='ocrx_word' id='word_1_733' title='bbox 905 5455 969 5495; x_wconf 86' lang='lat' dir='ltr'><strong>car·</strong></span> <span class='ocrx_word' id='word_1_734' title='bbox 1027 5455 1123 5494; x_wconf 79' lang='lat' dir='ltr'><strong>nevos</strong></span> <span class='ocrx_word' id='word_1_735' title='bbox 1137 5444 1166 5494; x_wconf 88' lang='lat' dir='ltr'><strong>et</strong></span> <span class='ocrx_word' id='word_1_736' title='bbox 1180 5440 1311 5494; x_wconf 87' lang='lat' dir='ltr'><strong>delectus</strong></span> <span class='ocrx_word' id='word_1_737' title='bbox 1322 5438 1395 5494; x_wconf 89' lang='lat' dir='ltr'><strong>adeo</strong></span> <span class='ocrx_word' id='word_1_738' title='bbox 1410 5436 1500 5493; x_wconf 87' lang='lat' dir='ltr'><strong>atroci</strong></span> <span class='ocrx_word' id='word_1_739' title='bbox 1515 5436 1649 5496; x_wconf 87' lang='lat' dir='ltr'><strong>carmine</strong></span> <span class='ocrx_word' id='word_1_740' title='bbox 1664 5444 1804 5504; x_wconf 79' lang='lat' dir='ltr'><strong>uoluisse</strong></span> <span class='ocrx_word' id='word_1_741' title='bbox 1818 5464 1862 5521; x_wconf 89' lang='lat' dir='ltr'><strong>pc·</strong></span> 
     </span>
     <span class='ocr_line' id='line_1_62' title="bbox 150 5505 1345 5591; baseline -0.002 -26"><span class='ocrx_word' id='word_1_742' title='bbox 150 5525 232 5567; x_wconf 78' lang='lat' dir='ltr'><strong>manu</strong></span> <span class='ocrx_word' id='word_1_743' title='bbox 246 5512 352 5567; x_wconf 87' lang='lat' dir='ltr'><strong>reterre</strong></span> <span class='ocrx_word' id='word_1_744' title='bbox 367 5522 531 5591; x_wconf 87' lang='lat' dir='ltr'><strong>possemus.</strong></span> <span class='ocrx_word' id='word_1_745' title='bbox 544 5505 645 5562; x_wconf 80' lang='lat' dir='ltr'><strong>Verius</strong></span> <span class='ocrx_word' id='word_1_746' title='bbox 660 5512 754 5564; x_wconf 89' lang='lat' dir='ltr'><strong>autem</strong></span> <span class='ocrx_word' id='word_1_747' title='bbox 772 5514 974 5580; x_wconf 88' lang='lat' dir='ltr'><strong>putamus,aut</strong></span> <span class='ocrx_word' id='word_1_748' title='bbox 1027 5510 1113 5566; x_wconf 88' lang='lat' dir='ltr'><strong>storis</strong></span> <span class='ocrx_word' id='word_1_749' title='bbox 1128 5510 1345 5566; x_wconf 84' lang='lat' dir='ltr'><strong>commendare.</strong></span> 
     </span>
     <span class='ocr_line' id='line_1_63' title="bbox 26 5576 971 5655; baseline 0.001 -20"><span class='ocrx_word' id='word_1_750' title='bbox 26 5618 46 5651; x_wconf 87' lang='lat'><strong>·.</strong></span> <span class='ocrx_word' id='word_1_751' title='bbox 152 5576 971 5655; x_wconf 79' lang='lat' dir='ltr'><strong>cauepronabiuustlurbodon‚nndagavansemgenere,</strong></span> 
     </span>
    </p>
   </div>
   <div class='ocr_carea' id='block_1_9' title="bbox 0 0 1918 6030">
    <p class='ocr_par' dir='ltr' id='par_1_13' title="bbox 0 0 1918 6030">
     <span class='ocr_line' id='line_1_64' title="bbox 0 0 1918 6030; baseline 0 0"><span class='ocrx_word' id='word_1_752' title='bbox 0 0 1918 6030; x_wconf 95' lang='lat' dir='ltr'><strong> </strong></span> 
     </span>
    </p>
   </div>
  </div>
 </body>
</html>
