3802 6030
109 247 188 311 laed
628 242 807 307 nanuum
831 240 1077 303 ultuortlntlsffl
1100 238 1279 305 neisooel
1754 245 1812 308 toll

103 381 200 439 Gemit
213 380 320 443 victus,
332 381 450 449 torquet
464 377 565 443 rictus,
581 376 739 450 sibilatque
753 376 823 433 talin
942 390 968 454 Α
984 376 1056 432 Cum
1073 375 1167 433 Felice
1180 375 1353 435 trahebatur
1367 378 1403 434 ad
1418 377 1537 435 radiosa
1551 377 1693 445 arboris,

2 454 4 461 ¹
104 466 270 526 ileduoatur
284 467 444 522 sceleratus
459 466 495 522 sd
512 464 613 522 ruinas
628 468 752 534 arboria,
982 464 1036 522 Ubi
1052 483 1118 523 coru
1134 470 1288 524 stetissent
1302 469 1463 542 ambulem
1479 468 1639 526 districtis
1654 468 1766 542 gladiis

104 555 138 615 ur
153 559 265 614 radices
280 558 345 628 ejus
363 560 458 629 tingat
473 557 552 612 unda
566 556 660 613 sontis
674 552 848 628 sanguinls;
982 553 1135 611 Petierunt
1148 557 1211 612 dari
1227 557 1283 613 sibi
1299 574 1412 614 moram
1429 557 1511 630 parvi
1523 560 1692 629 temporis.

105 646 218 704 Sentiat
233 647 303 719 quid
321 647 414 718 possit
428 646 471 699 ira
486 643 618 700 temerati
631 643 752 715 judicis,
980 643 1064 700 Tune
1079 643 1117 702 ad
1132 645 1239 702 coelum
1256 662 1307 703 nor
1321 648 1449 703 levantes
1465 647 1533 705 lixis
1553 646 1650 703 humi
1666 648 1799 721 genibus

104 736 135 792 ln
152 737 332 793 contrarium
349 744 522 807 sumpturus
537 750 622 790 omen
642 735 687 788 sui
704 731 843 790 nominis.
982 736 1038 788 Pro
1053 738 1117 790 suis
1128 735 1513 807 interpellebanthristum
1525 739 1791 810 percussionibus.

103 823 242 881 Decollati
258 842 364 894 corpus
377 840 444 880 sves
458 823 596 878 devorent
609 828 638 877 et
653 822 762 888 bestie,
981 825 1047 879 llox
1060 829 1216 896 surgentes
1229 831 1417 883 armaverunt
1432 842 1464 882 se
1482 828 1585 885 crucia
1604 827 1778 901 signaculo,

102 912 159 969 Nec
175 915 213 971 eit
227 912 334 987 dignus
350 914 499 986 sepultura
515 911 585 968 deos
599 910 701 966 nolens
717 907 821 966 colere.
981 917 1017 970 Et
1031 912 1138 971 dedere
1152 915 1207 971 sibi
1225 932 1325 989 pacem
1341 916 1495 974 charitatis
1510 918 1635 976 osculo.

103 1005 270 1061 Ducebatur
284 1021 352 1076 ergo
368 1010 489 1060 sanctus
505 1002 654 1058 feriandus
669 999 778 1072 gladio,
982 1001 1030 1059 Sic
1046 1007 1169 1076 uterque
1184 1007 1358 1078 percussioni
1372 1008 1546 1079 preparavit
1556 1007 1726 1080 jugulum,

102 1092 311 1161 concurrente,
326 1094 404 1149 sicut
418 1094 503 1159 solet,
517 1090 632 1147 curioso
648 1086 767 1162 populo.
982 1089 1017 1146 lte
1036 1095 1180 1161 capitibus
1195 1095 1338 1150 truncatis
1353 1100 1424 1152 sunt
1437 1097 1537 1170 adepti
1554 1097 1715 1168 bravium,

100 1184 175 1241 lices
191 1184 311 1255 quidam
327 1180 511 1237 Christianus
526 1180 605 1234 vonit
616 1179 676 1235 illia
688 1177 815 1246 obviarn,
982 1181 1111 1244 Quorum
1126 1197 1249 1254 corpora
1261 1184 1364 1240 relicta
1380 1184 1482 1241 bestiis
1495 1192 1527 1241 st
1538 1186 1656 1243 avibus

102 1273 189 1329 Videt
199 1273 327 1340 turbam,
336 1271 414 1326 videt
425 1269 563 1333 vinclum,
575 1267 680 1341 quaerit
693 1268 771 1324 verbi
783 1265 928 1339 gratiam
980 1277 1005 1327 Δ
1019 1269 1158 1327 ildeliboa
1175 1271 1299 1329 humela
1315 1282 1397 1331 nocte
1408 1279 1479 1331 aunt
1491 1274 1523 1331 in
1534 1276 1705 1332 scrobibus

102 1362 198 1418 Refert
214 1378 290 1417 unus
305 1359 383 1432 quod
399 1358 598 1432 querelantes
612 1357 713 1431 gentili
730 1355 847 1430 populo,
983 1358 1061 1423 Quas
1076 1360 1182 1417 avulsa
1198 1377 1309 1435 magun
1325 1363 1431 1436 stirpes
1445 1365 1560 1422 arboris
1575 1365 1760 1433 effoderent,

101 1455 213 1507 Pulsus
229 1449 311 1505 illum
328 1448 533 1505 delectandum
548 1446 703 1519 sanguinis
713 1445 892 1518 spectaculo.
983 1447 1019 1505 Et
1039 1449 1173 1521 sepulcra
1187 1451 1236 1508 liei
1254 1458 1328 1510 nutu
1344 1454 1454 1511 sanctia
1468 1460 1668 1527 aperuerant.

99 1545 157 1614 lete
170 1537 386 1612 superstitionis
399 1536 571 1594 Christianae
586 1537 736 1611 presbyter
982 1538 1064 1603 Quod
1080 1554 1148 1595 cum
1164 1556 1250 1596 mane
1265 1539 1435 1599 didicissent
1450 1542 1539 1616 aliqui
1557 1543 1724 1617 gentilium

100 1629 177 1686 Deos
193 1644 335 1700 spernens
348 1631 378 1684 et
392 1629 574 1700 praelectum,
601 1626 787 1700 Cesaresqoe
812 1626 929 1700 pariter,
982 1627 1086 1685 suu
1101 1629 1261 1686 Tentavere
1276 1629 1408 1686 demoliri
1424 1631 1594 1704 sepulturas
1608 1624 1782 1704 martyrum.

103 1717 226 1774 Ducitur
242 1723 274 1772 ut
288 1715 445 1790 capitalem
459 1716 565 1772 subeat
578 1716 752 1773 sententiam
983 1717 1133 1790 Quotquot
1142 1725 1239 1774 autern
1255 1726 1504 1792 praesumpserunt
1514 1738 1627 1779 manua
1640 1723 1702 1780 illic
1713 1723 1808 1780 midan

102 1810 173 1863 Ante
187 1806 332 1879 templum
350 1806 428 1878 quod
443 1804 590 1862 subvertit
604 1804 680 1863 bana
693 1821 745 1879 per
759 1808 850 1862 artem
868 1821 929 1860 ma·
946 1766 969 1833 B
984 1804 1115 1863 Violento
1130 1814 1200 1862 sunt
1214 1807 1322 1880 arrepti
1336 1813 1469 1880 protinus
1484 1811 1669 1868 anemone.

3 1973 6 1983 Ι
775 1893 893 1968 [aium.
983 1896 1029 1952 Sic
1038 1897 1359 1971 primo,temporecum
1370 1908 1512 1971 pexeaset
1522 1901 1807 1961 (ibristianisredditr

100 1982 173 2041 Vani
187 1983 294 2050 visum,
313 2000 398 2055 paaoa
415 1988 543 2042 mentem
564 1981 704 2041 scelerato
719 1982 865 2055 sanguiue
982 1990 1075 2057 super
1089 2002 1210 2058 corpora
1226 1999 1395 2046 sanctorum
1410 1996 1456 2048 est
1470 1992 1547 2048 tacte
1562 1992 1696 2049 basilica

100 2072 136 2130 Ni
150 2078 174 2129 si
189 2075 264 2147 (¹00)
281 2074 430 2131 mucronis
447 2086 536 2130 ictum
555 2075 662 2145 poterit
676 2070 803 2129 eludere.
982 2074 1026 2131 aa
1037 2073 1186 2148 lapidibus
1201 2077 1315 2134 delubri
1330 2082 1407 2152 quod
1425 2080 1612 2138 destructum
1632 2084 1741 2149 luerat,

100 2162 290 2230 Exclamavit,
304 2164 350 2221 bis
366 2163 485 2228 auditis,
502 2162 688 2219 Christianus
703 2163 833 2217 l‘ortiter:
982 2160 1019 2218 Ul
1033 2163 1173 2236 impleret
1186 2166 1261 2225 illud
1275 2173 1351 2225 Deus
1366 2169 1443 2226 sicut
1457 2170 1663 2242 disposuerat.

98 2253 158 2326 Ego
173 2270 290 2327 quoque
305 2252 455 2309 Christum
471 2253 535 2308 colo
551 2253 626 2308 sicut
646 2251 695 2308 ille
715 2253 875 2324 presbyter,
982 2253 1034 2310 llio
1049 2255 1174 2311 duorum
1188 2257 1353 2315 celebretur
1367 2267 1528 2330 martyrum
1546 2261 1699 2319 memoria

98 2341 173 2400 Dana
192 2350 305 2399 vestros
316 2360 373 2400 non
386 2341 451 2416 plus
462 2342 535 2409 colo,
547 2358 634 2414 quam
646 2341 800 2397 immunda
813 2357 926 2411 pecora,
982 2341 1036 2406 Oui
1054 2345 1219 2416 petentibus
1234 2347 1393 2418 acquirunt
1410 2348 1500 2406 multa
1519 2349 1681 2409 banelicia.

98 2433 157 2488 Nec
173 2430 293 2489 observo
310 2433 502 2488 net'sndorum
520 2431 685 2503 principum
702 2429 837 2502 imperia.
981 2429 1098 2488 Primos
1113 2439 1157 2490 est
1173 2443 1292 2493 vocatus
1309 2434 1409 2504 Telix;
1425 2438 1500 2500 alter
1512 2445 1596 2495 naret
1611 2440 1741 2497 nomine.

100 2520 193 2594 liujus
205 2522 297 2594 culpe
312 2537 432 2577 consors
448 2521 528 2590 darn,
544 2536 665 2577 consors
681 2525 710 2575 el
724 2519 873 2592 supplicii,
981 2519 1035 2575 Sed
1052 2521 1189 2579 dixerunt
1204 2523 1283 2581 bunc
1299 2527 1464 2583 adauctum
1477 2527 1779 2600 poeteaCbriaticole,

96 2608 156 2666 Nec
173 2612 326 2684 disjungat
343 2610 591 2667 cruciatoscausa
602 2611 722 2680 junctos
751 2606 855 2665 simili.
982 2609 1022 2667 lix
1036 2619 1140 2668 evento
1158 2629 1281 2682 posuero
1296 2631 1403 2672 nomeu
1424 2616 1464 2671 illi
1480 2633 1667 2691 congruum,

96 2699 177 2755 luter
192 2698 254 2755 haec
264 2706 293 2754 et
307 2699 371 2771 ipae
384 2709 485 2770 raptus
500 2714 517 2753 a
532 2695 785 2770 ministrisimpiis
980 2699 1052 2765 Quia
1070 2716 1102 2757 so
1116 2708 1218 2759 sancto
1233 2702 1319 2761 Felici
1330 2705 1431 2775 Junait
1444 2707 1480 2762 ad
1501 2707 1702 2780 martyrium.

134 2839 208 2913 (100)
223 2839 255 2897 T.
271 2840 354 2897 deest
367 2838 470 2906 dirum,
484 2836 529 2896 vol
549 2837 647 2896 simile
660 2838 743 2912 quid.

828 2973 948 3050 Explicit
974 2977 1078 3039 enan.

827 3252 1073 3353 ORATIO.

132 3571 237 3628 Sancto
252 3568 331 3628 Telix
343 3573 372 3625 et
386 3569 516 3625 audacte
532 3566 652 3640 pretiosi
663 3573 817 3640 martyres,
939 3571 962 3639 c
976 3569 1131 3646 Postquam
1149 3576 1262 3633 vestras
1290 3581 1493 3637 sacrosanctas
1511 3580 1724 3653 prompsimus
1742 3580 1797 3638 reli·

96 3660 150 3727 Qui
165 3676 215 3732 par
230 3660 315 3715 fldem
332 3657 493 3731 superestis
508 3672 598 3712 sevos
613 3655 716 3712 mundi
727 3655 885 3729 principes,
1657 3670 1772 3745 [quisq

94 3746 254 3820 impetrate
269 3746 342 3802 mibi
357 3751 452 3805 vestro
469 3751 653 3813 peccatorum
669 3744 794 3801 veniam.
975 3748 1079 3809 Statim
1095 3753 1178 3811 iulsit
1193 3754 1348 3829 impetrata
1362 3758 1477 3815 coalitus
1490 3759 1651 3817 aaronitas.

90 3837 145 3902 Qui
161 3834 261 3893 soletis
277 3834 389 3891 sitienti
403 3840 486 3890 terre
501 3835 570 3891 dare
585 3833 724 3907 pluviam.
973 3836 1032 3899 Vos
1047 3842 1163 3901 habetis
1178 3850 1353 3918 potestatem
1369 3847 1432 3904 coeli
1447 3853 1548 3920 portas
1563 3848 1723 3919 claudere,

91 3923 157 3983 vidi
172 3924 218 3981 bia
233 3940 300 3981 com
317 3923 448 3981 siccitate
460 3930 644 3981 morerentur
654 3927 777 3996 resolve.
975 3929 1088 3990 Rursus
1104 3933 1171 3990 inde
1185 3936 1304 4006 quando
1319 3936 1409 3993 vultis
1424 3937 1521 4010 largos
1535 3936 1652 3997 lmbrea
1675 3939 1803 3997 londers-

90 4013 166 4070 Arva
182 4013 364 4070 finderentur
377 4012 437 4079 siti,
453 4013 643 4086 desperarent
656 4010 791 4069 homines
974 4020 1106 4095 irrigate,
1122 4039 1231 4097 queso,
1246 4041 1341 4082 meum
1359 4025 1486 4083 sitientis
1498 4026 1648 4098 animum,

92 4102 250 4176 Postquam
265 4108 363 4159 vestra
377 4107 564 4159 sacrosancta
578 4105 648 4159 sunt
662 4099 775 4172 prolata
784 4099 919 4174 pignora,
973 4108 1037 4168 Non
1055 4113 1252 4184 perimerem,
1272 4115 1322 4171 aad
1339 4131 1390 4188 per
1403 4115 1494 4183 illam,
1510 4131 1577 4186 quta
1598 4132 1650 4175 ma
1674 4117 1802 4185 mundet,

90 4191 195 4250 Statim
213 4191 293 4249 venit
306 4191 342 4248 do
357 4191 494 4263 supernis
509 4194 646 4264 exoptata
659 4188 767 4262 pluvia.
1623 4204 1777 4281 [gratim.
1849 4202 1852 4271 l

92 4285 221 4346 Rursum
238 4286 297 4344 vidi
312 4303 381 4345 oum
398 4291 535 4345 natarent
549 4304 617 4344 arva
632 4287 748 4361 magnis
763 4286 919 4357 imbribus,
974 4290 1063 4349 Vobis
1079 4308 1162 4350 meus
1177 4292 1333 4350 deservivit
1347 4290 1561 4367 qualiacunque
1575 4294 1731 4364 calamus,
1848 4340 1852 4367 ,

89 4391 297 4446 premerentur
315 4404 410 4445 curva
426 4401 537 4444 messes
550 4385 645 4443 noxiis
659 4384 855 4460 graminibus,
973 4385 1029 4438 Per
1043 4395 1095 4438 vos
1110 4380 1214 4438 muudi
1229 4390 1415 4440 conservator
1430 4381 1503 4438 mibi
1518 4386 1559 4439 sit
1573 4385 1737 4459 propitius.

1340 4477 1434 4528 Amen

91 4620 1806 4678 weg-m

861 4722 1025 4793 INGlPlT

453 4841 645 4940 VITA
712 4838 982 4938 ΒΕΑΤΙ
1040 4835 1454 4932 llAURILII

647 4994 833 5066 nauseant
854 4992 908 5061 nr
942 4989 1234 5062 coueassotus

717 5227 902 5328 LIBER
921 5146 1187 5321 TRIMUS.

126 5381 208 5449 Quod
223 5382 260 5440 da
274 5382 409 5441 Maurilio
424 5386 519 5440 tentat
534 5381 631 5438 dicore
649 5380 721 5450 Clio,
931 5376 1015 5452 nsit
1043 5375 1128 5435 vania
1159 5374 1293 5450 dignum,
1323 5389 1393 5449 qua,
1426 5391 1514 5450 quem
1549 5377 1644 5448 valet,
1681 5382 1807 5458 explicat

90 5467 141 5526 au
155 5486 238 5527 antor
252 5472 281 5528 in
297 5488 397 5540 causa,
413 5470 584 5543 majoraque
599 5469 810 5540 viribusausa;
1598 5468 1776 5547 [hymnum

90 5553 194 5629 Sperat
208 5576 293 5634 opem
308 5559 411 5629 uncti,
427 5577 514 5637 quem
531 5559 587 5617 soit
610 5556 756 5630 placuisse
779 5557 916 5617 Tonanti.
971 5564 1047 5618 Dum
1064 5563 1146 5630 p=utat
1160 5567 1224 5610 0⁸¹0
1237 5552 1349 5612 bonum
1364 5572 1449 5616 versu
1466 5558 1616 5621 celebrem
1636 5572 1805 5638 palmum,
