3802 6030
41 202 44 209 ’
133 228 192 291 ero

612 222 703 286 van.
727 220 969 287 albestatensi
991 222 1188 287 GENOMAN.
1214 224 1337 286 EPISG.
1786 224 1847 288 980

134 363 201 419 buit
216 360 500 419 famularilnflrmas
514 359 601 414 etiarn
616 357 847 430 tardioresqoas
859 355 962 427 hujus·
976 357 1002 424 Α
1019 355 1115 413 riosus
1142 355 1319 430 inquirebat.
1335 355 1451 413 Nullius
1466 355 1541 413 votis
1561 355 1666 428 defuit,
1681 356 1846 415 dummodo

138 455 215 511 modi
232 469 301 509 cora
315 450 398 522 egero
413 449 568 517 sentiebat,
585 447 698 505 balneis
708 448 866 521 deponere,
877 462 963 519 eque·
1017 447 1140 519 tempori
1159 449 1378 505 concordarent.
1395 447 1572 518 Plerumque
1589 446 1695 503 accidit
1717 450 1750 502 ut
1771 464 1846 520 quas

137 537 965 610 lentesccofricarehumeros,staingulismembriacon-
1017 535 1846 610 diutiuslanguisseconstabat,ejuseulogiisll9)amissam

139 648 245 705 gruum
260 630 398 686 studebat
412 629 547 686 exhibere
558 629 743 700 obsequium.
1018 627 1180 700 reciperent
1194 628 1359 685 sanitatem.
1376 628 1539 700 Stupebant
1552 644 1656 684 omnes
1671 628 1737 698 ejus
1751 630 1845 685 muni·

174 721 219 777 3l.
237 720 477 777 perscrutabatur
491 719 647 792 diligenter
662 736 725 792 qun
741 718 849 790 quibus
865 721 965 774 essent
1019 717 1176 787 decutiam,
1195 718 1377 775 mirabantur
1393 718 1470 774 unde
1485 722 1528 774 tot
1542 716 1660 786 divitie,
1678 715 1844 777 nescientes

142 811 316 879 benemoria,
332 826 446 880 pannos
461 814 490 864 et
508 808 653 865 sotulares
667 809 723 880 (48)
739 812 825 881 prout
851 807 965 878 indige·
1015 807 1078 879 lom
1094 807 1167 863 solvi
1191 807 1376 864 Durninieum
1393 807 1468 864 illud
1482 808 1683 881 promissum:
1699 833 1713 860 ι
1727 806 1802 865 Date
1817 814 1845 865 ei

140 898 363 968 bant,omnibus
374 898 595 956 administrans.
610 897 671 954 lllia
684 898 846 955 taliternon
859 913 966 970 ponere
1019 895 1139 954 dabitur
1157 899 1239 956 vobis
1253 903 1330 963 (Lae.
1346 915 1387 965 vr,
1402 899 1458 970 38).
1476 919 1490 947 a

142 988 769 1062 sedilia,necmappasafferre,necofferre
787 1005 893 1061 aquam
904 1004 966 1043 ma·
1054 989 1187 1046 33.liinc
1216 990 1266 1045 illa
1282 989 1462 1063 pauperibus
1479 986 1609 1060 locuples
1631 1002 1662 1044 se
1679 988 1845 1060 ipsavusub

142 1081 230 1138 nibus
242 1080 396 1136 abluendis
412 1079 598 1152 gravabatur.
616 1079 787 1151 Apponebat
802 1082 830 1132 et
846 1077 965 1144 fereula,
1021 1078 1102 1151 gravi
1118 1081 1288 1152 paupertate
1311 1077 1449 1136 coercuit.
1478 1076 1593 1134 llollem
1621 1076 1736 1133 cultum
1768 1079 1845 1136 inea·

141 1173 223 1230 cibos
235 1171 376 1229 lautiores
392 1171 547 1243 providens
558 1171 694 1239 infirmis,
706 1175 735 1226 et
747 1168 967 1242 dispensans.Si
1022 1168 1126 1224 arabili
1141 1172 1296 1240 persecuta
1311 1171 1357 1224 est
1372 1165 1449 1235 odio,
1466 1166 1576 1239 quibus
1591 1165 1721 1223 cilicium
1739 1170 1847 1241 tegere·

142 1261 211 1336 quis
227 1258 411 1334 gravioribus
428 1259 623 1316 incommodis
640 1264 802 1331 urgeretur,
819 1259 888 1315 huio
904 1259 968 1331 ipsa
1021 1261 1080 1325 tur,
1096 1261 1192 1314 vestes
1207 1257 1310 1314 induta
1324 1255 1555 1329 grossioresflis
1566 1256 1738 1324 etium,cum
1752 1261 1849 1330 pessel

144 1348 629 1425 panem,ipsacarnesineidebat.
647 1347 969 1420 Nonnullossuieipsa
1023 1347 1157 1421 pretiosis
1178 1348 1338 1414 abundare,
1369 1346 1478 1419 sapius
1501 1347 1591 1419 eguit,
1622 1345 1700 1404 inter
1727 1347 1847 1406 virtuter

143 1440 283 1498 manibus
299 1438 388 1512 pavit.
404 1439 552 1495 Pendebat
567 1437 604 1495 ab
619 1437 743 1494 humero
757 1436 893 1508 linteum,
909 1454 968 1510 quo
1022 1436 1119 1494 sciens
1134 1453 1199 1493 esse
1210 1440 1425 1509 paupertatem,
1442 1452 1531 1508 quana
1547 1436 1708 1495 necessitas
1723 1453 1784 1495 non
1798 1439 1847 1495 sd-

144 1529 189 1587 vel
204 1529 241 1586 ab
260 1544 309 1586 ore
333 1527 484 1596 debilium,
502 1526 546 1584 vel
571 1546 589 1583 a
601 1526 805 1585 cochlearibus
835 1527 970 1584 cadentia
1022 1526 1113 1594 ducit,
1129 1527 1180 1583 sed
1196 1524 1431 1584 voluntas.Unde
1447 1542 1514 1584 cum
1530 1525 1556 1582 ei
1571 1530 1703 1600 tempore
1718 1529 1847 1600 quodam

145 1616 345 1690 tergebantur.
364 1616 492 1673 aderant
508 1616 611 1689 puellae
639 1617 772 1683 comites,
788 1616 838 1672 sed
867 1632 969 1672 aarum
1024 1616 1144 1672 manicas
1166 1617 1329 1673 doluissent
1344 1632 1431 1672 unam
1452 1618 1487 1672 de
1502 1614 1606 1689 caligis
1627 1615 1691 1672 suis
1707 1616 1737 1673 in
1753 1618 1845 1688 operi·

147 1706 229 1765 nulla
243 1705 415 1762 famulantis
427 1705 504 1763 vices
519 1707 643 1777 excepit.
658 1705 845 1778 lisdegundie
868 1721 969 1761 curam
988 1733 1010 1798 B
1026 1710 1155 1763 mentum
1175 1706 1274 1762 divisit
1289 1705 1488 1762 brachiorum.
1504 1706 1593 1762 Recta
1607 1705 1722 1774 mulier,
1735 1707 1848 1779 quasia

148 1811 207 1869 qua
234 1799 351 1868 tempus
376 1794 489 1867 egebat,
505 1796 624 1863 agebnt3
650 1793 728 1852 sicut
742 1794 901 1851 necessitas
924 1810 972 1850 oc·

148 1887 294 1954 currebat,
307 1886 499 1943 discurrebat.
518 1887 779 1960 lindegendisante
792 1886 974 1956 jacenteein·

149 1977 322 2047 clinomeni,
338 1981 405 2032 onte
420 1976 555 2034 sedentes
571 1976 660 2042 stetit,
673 1977 821 2048 jejunaret
837 1982 904 2031 ante
923 1991 971 2031 co·

149 2068 309 2129 medentes.
325 2066 476 2126 Nullusibi
487 2065 819 2139 tumultus,ltadegundi
836 2065 975 2123 monasti·

149 2175 217 2217 oum
232 2157 451 2230 quodammodo
466 2156 613 2212 indicente
628 2156 911 2212 silentium.Peracto
923 2155 974 2211 de-

149 2247 239 2319 nique
262 2241 402 2310 convivio,
420 2243 448 2297 in
478 2242 616 2299 cellulam
643 2242 809 2304 festinabat,
826 2258 914 2297 orons
944 2246 976 2298 ut

148 2339 255 2393 cuncta
269 2335 333 2405 ejus
348 2333 488 2405 operatio,
504 2339 532 2388 et
548 2349 564 2387 a
580 2334 635 2389 Deo
651 2348 768 2404 semper
783 2331 934 2403 inciperet,
947 2337 977 2388 et

150 2426 300 2497 perticum
317 2429 411 2494 empta
427 2422 569 2478 finiretur.
585 2421 796 2493 Ornniqucqua
815 2420 974 2489 Donainica,

151 2514 229 2571 sieut
246 2513 275 2567 in
292 2511 420 2582 praefatis
436 2511 552 2579 (liebus,
569 2510 669 2581 egenis
689 2509 855 2566 cerevisiam
873 2527 976 2583 peracu-

152 2603 237 2660 rsvit.
255 2605 407 2669 Caeterum,
424 2600 493 2673 quia
509 2599 629 2655 cowll
643 2598 689 2655 die
705 2598 977 2657 celebratiorinsta·

1026 1796 1177 1852 abundare
1189 1794 1292 1863 noluit,
1304 1799 1336 1852 ut
1347 1794 1456 1852 nullam
1468 1795 1589 1851 sentiret
1597 1796 1850 1868 egestatemtton-

1028 1885 1098 1941 dum
1126 1885 1180 1942 sibi
1201 1901 1284 1942 verus
1310 1902 1420 1957 pauper
1435 1885 1592 1954 videretur,
1617 1886 1674 1941 nisi
1697 1902 1766 1942 cum
1782 1904 1851 1958 pau·

1029 1979 1140 2048 perlato
1164 1977 1285 2049 spiritus
1313 1993 1410 2032 rerum
1440 1992 1556 2049 qaoque
1585 1975 1738 2048 penuriam
1766 1978 1854 2036 susti-

1029 2071 1118 2122 neret.

1063 2157 1108 2212 34.
1121 2155 1207 2212 Porro
1221 2156 1296 2212 inter
1314 2155 1369 2213 has
1384 2157 1461 2212 circa
1476 2173 1620 2229 pauperae
1637 2174 1725 2215 curse
1741 2162 1771 2217 et
1786 2175 1854 2231 quo·

1029 2245 1157 2304 tidianos
1186 2246 1282 2303 carnis
1311 2245 1469 2315 cruciatus,
1487 2247 1522 2302 sd
1552 2246 1714 2303 Matutinus
1738 2265 1855 2323 surgere

1031 2340 1144 2407 prinva3
1161 2336 1255 2407 prima
1270 2335 1389 2392 statutis
1416 2336 1519 2392 adesse
1535 2336 1615 2393 horis
1632 2355 1639 2405 ;
1657 2337 1764 2407 prims,
1795 2357 1855 2413 qne

1032 2424 1105 2481 forto
1114 2424 1306 2495 jubebantur,
1325 2424 1447 2497 implere
1464 2425 1630 2481 festinabat.
1647 2427 1723 2484 901
1741 2428 1857 2496 Quodsi

1032 2514 1144 2570 ceteris
1160 2514 1273 2570 tardius
1296 2514 1340 2571 vel
1358 2514 1536 2583 inchoasset,
1552 2515 1670 2589 aliquod
1685 2518 1800 2575 honuni
1815 2521 1857 2577 vel

1032 2603 1150 2675 egisset,
1167 2602 1266 2658 statim
1282 2620 1314 2658 ss
1336 2603 1518 2676 negligentia
1535 2606 1684 2678 arguebat,
1715 2612 1859 2681 tanquam

153 2694 206 2750 bat
228 2691 386 2748 missarum
416 2688 598 2757 solemnitas,
615 2693 682 2760 post
697 2688 856 2744 distributa
885 2688 979 2761 prima
1033 2692 1058 2749 si
1071 2690 1224 2765 penaliter
1238 2692 1422 2765 deliquisset,
1438 2694 1553 2750 veniam
1570 2694 1713 2767 postulare
1728 2699 1861 2754 condif-

156 2780 331 2853 fercula‚pcr
342 2776 666 2852 [postioblatumsemsl
679 2777 818 2834 omnibus
830 2777 978 2849 poculum,
1034 2781 1185 2838 forensia
1198 2782 1234 2838 iis
1250 2787 1347 2839 autem
1364 2784 1606 2841 administrandis
1622 2801 1685 2858 quae
1700 2785 1863 2860 unicuique

156 2870 346 2930 festinantius
361 2870 395 2925 ad
410 2867 619 2927 monasterium
646 2869 855 2936 revertebatur,
872 2868 980 2925 relictis
1035 2870 1150 2943 legibus
1165 2872 1278 2928 ordinis
1293 2873 1498 2946 imponuntur,
1518 2874 1584 2931 aliis
1609 2875 1672 2947 ipsa
1689 2874 1864 2950 plerumque

157 2968 225 3021 ante
241 2977 382 3036 pauperes
394 2957 577 3031 puellisque
590 2963 713 3031 ereptum
728 2958 853 3014 sollicite
868 2974 983 3032 perage·
1037 2962 1373 3030 suecessit,nullamsibi
1383 2964 1465 3038 [non]
1481 2965 1574 3022 otiose
1589 2965 1665 3021 diem
1681 2970 1863 3025 transactam

157 3055 223 3108 rent
237 3049 398 3107 servitium.
1038 3049 1173 3119 credidit,
1190 3050 1247 3107 uisi
1263 3050 1362 3109 labore
1377 3069 1430 3108 suo
1447 3053 1560 3110 labores
1574 3054 1699 3112 aliarum
1711 3057 1862 3118 relevaret.

192 3141 237 3198 32.
254 3142 322 3196 Erat
336 3139 361 3196 ei
378 3138 467 3196 etiam
496 3137 572 3194 circa
586 3136 718 3208 leprosos
733 3141 791 3193 tam
808 3137 912 3193 devota
939 3109 1019 3194 so·C
1038 3140 1861 3220 Faeturacoquinam,nullumcausataestincommcdnnr,

157 3230 277 3298 dulitas,
290 3245 324 3285 ac
335 3228 469 3300 elipeum
487 3229 589 3284 adesse
602 3225 749 3282 Christum
768 3225 982 3283 rniuirnedubi·
1036 3230 1148 3288 nullam
1169 3231 1323 3303 praetendit
1351 3235 1579 3290 excusationem.
1607 3234 1685 3290 lianc
1714 3237 1861 3311 ingressa,

38 3366 43 3373 .
158 3314 860 3390 toret;quibusbenignesusceptis‚ipsaeorum
876 3331 981 3370 manus
1036 3321 1137 3377 sordes
1153 3335 1209 3375 non
1236 3319 1352 3376 erubuit
1377 3322 1492 3390 ejicere,
1508 3338 1582 3393 quas
1598 3322 1695 3380 videre
1723 3326 1861 3398 quaelibet

157 3403 981 3485 aquerepentolavabat,suspensotantuloceramcutenv
1038 3407 1143 3464 aneilla
1172 3407 1324 3466 fastidiret.
1356 3408 1465 3465 Dehinc
1490 3410 1555 3482 ipse
1583 3412 1720 3483 depulso
1749 3431 1859 3487 aquam

54 3560 60 3569 ,
156 3500 327 3556 foverenon
357 3495 528 3553 abhorrens.
555 3493 692 3551 bluliores
722 3498 831 3562 autem,
857 3512 981 3568 quarum
1037 3496 1145 3564 bausit,
1164 3497 1228 3569 ipsa
1244 3496 1320 3564 tulit,
1349 3498 1682 3570 ipsafocunvaeceodit,
1714 3503 1866 3563 scultellas

47 3608 50 3613 ·
157 3588 258 3646 vultus
273 3585 390 3660 prefata
406 3583 535 3640 valitudo
549 3581 687 3638 terribilis
703 3581 981 3651 vulneraverat‚non
1038 3587 1202 3655 mundavit,
1221 3586 1325 3642 incidit
1340 3585 1429 3653 olera,
1446 3605 1546 3644 curam
1562 3588 1764 3661 leguminibus
1778 3594 1864 3652 adhi-

158 3670 983 3751 amplexariverebatur‚nonaretiusosculari.hpposita
1037 3676 1122 3745 bens,
1147 3680 1176 3732 et
1207 3676 1350 3748 coquendi
1379 3677 1559 3734 sufficienler
1588 3682 1618 3736 et
1644 3697 1775 3753 congrue
1802 3685 1866 3741 dis·

159 3770 391 3834 desudamensa,
409 3761 983 3835 neveldurius,velpedepeodnloae·
1039 3765 1193 3838 pensandi.
1211 3765 1257 3821 Sic
1288 3764 1339 3822 illa
1368 3767 1541 3824 monasticis
1570 3769 1709 3827 obsecuta
1736 3771 1865 3845 legibus,

161 3862 276 3925 derant,
307 3853 408 3912 stratis
433 3851 616 3909 mollioribus
632 3858 660 3909 et
675 3854 810 3911 scabellis
832 3857 983 3929 agebatur.
1037 3855 1234 3927 coeptamsine
1248 3855 1367 3926 querela
1382 3857 1866 3931 septimanamcomptavitvotam

160 3948 233 4017 0qu
261 3947 346 4017 negat
360 3942 569 4015 Radegundem
585 3943 729 4014 susceptis
745 3943 928 4001 ministrasse
945 3945 983 4003 le·
1039 3950 1178 4018 praeterea
1194 3945 1363 4002 monasterii
1382 3946 1592 4018 pavimentum,
1608 3954 1696 4021 atque
1718 3950 1867 4024 officinas,

161 4031 463 4111 prosistouisdicero
474 4030 581 4087 audeat
596 4031 790 4088 commissum
802 4032 850 4088 alii
867 4032 984 4107 plenum
1039 4051 1089 4091 seu
1106 4035 1195 4092 etiarn
1213 4034 1373 4106 penetralia
1389 4040 1449 4090 tam
1464 4036 1614 4094 submisse
1637 4039 1784 4098 mundare
1796 4057 1867 4098 eon·

160 4126 280 4201 eopiosa
296 4122 429 4179 mercede
448 4121 622 4193 negotium?
638 4121 771 4193 Nunquid
783 4122 985 4180 abhorruitoi·
1040 4126 1144 4191 suevit,
1156 4129 1188 4180 ut
1204 4141 1255 4180 nee
1272 4124 1518 4196 plenossordibus
1535 4126 1676 4198 cophinos
1687 4129 1803 4198 efferre,
1815 4149 1867 4188 nee

162 4211 400 4288 ferrspoeulum,
429 4227 517 4284 quam
546 4210 676 4267 conferre
702 4209 837 4267 osculum
864 4211 986 4269 minime
1041 4214 1161 4270 fetorem
1185 4214 1331 4270 sustinere
1348 4217 1506 4270 recusaret.
1525 4218 1688 4273 Dummodo
1718 4223 1868 4290 pateretur

162 4303 324 4365 fastidivit?
355 4302 445 4358 Nemo
461 4301 560 4356 credat
588 4300 789 4372 Radegnndim
816 4305 873 4357 tom
890 4303 985 4375 tepide
1040 4320 1092 4375 pro
1105 4303 1229 4370 christo,
1246 4310 1404 4375 paupertas
1418 4303 1461 4359 illi
1474 4304 1592 4376 divitiae,
1608 4306 1691 4363 labor
1705 4309 1801 4381 quies,
1816 4327 1868 4381 op·

161 4410 301 4454 coronam
317 4389 466 4458 dilexisse,
480 4391 512 4444 ul
522 4387 649 4444 oblatam
660 4388 754 4445 verita
765 4389 802 4444 sit
817 4389 984 4461 promereri.
1041 4392 1192 4465 probrium
1207 4392 1301 4464 gloria
1317 4392 1480 4450 videbatur.

163 4484 334 4556 Imperfecte
359 4480 483 4537 sollicita
508 4484 586 4536 esset
602 4480 636 4534 do
652 4478 785 4551 praemio,
805 4496 872 4535 nam
899 4460 1028 4550 bajuoll
1077 4484 1121 4540 35.
1136 4482 1224 4539 Porro
1245 4482 1279 4539 ad
1296 4498 1483 4540 communem
1500 4486 1611 4541 sedenti
1628 4502 1761 4545 inensam
1778 4505 1868 4560 pone·

163 4571 337 4642 obsequium
347 4567 987 4641 premiumuliisinvidetlnvidituutcrnque
1043 4573 1151 4628 bantur
1175 4573 1277 4630 eadem
1295 4590 1358 4645 quae
1374 4574 1496 4643 ceteris,
1513 4577 1561 4630 sed
1579 4592 1636 4633 non
1651 4578 1755 4634 eadem
1770 4596 1869 4639 sume·

164 4658 502 4721 succinctafastidiosum
514 4659 986 4732 sinofastidioexplebatolticium.
1043 4662 1161 4729 bantur,
1177 4661 1391 4733 superpositam
1406 4662 1514 4734 quippe
1530 4665 1658 4720 secundo
1675 4666 1744 4738 pani
1759 4668 1819 4742 )50)
1830 4669 1869 4725 si·

163 4752 236 4807 Cum
253 4753 349 4804 autem
362 4748 426 4818 jam
456 4747 556 4819 pransi
572 4756 738 4820 surgerent,
753 4751 917 4808 necessaria
945 4752 988 4811 eis
1044 4751 1155 4817 milam,
1170 4750 1249 4807 velut
1265 4766 1466 4806 commessura
1482 4752 1568 4809 labiis
1588 4754 1772 4826 admovebat,
1799 4774 1867 4815 cum

165 4838 345 4912 largiebatur
367 4836 552 4903 indumenta,
568 4836 781 4895 discedentium
798 4841 935 4897 manibus
960 4848 989 4898 et
1044 4856 1177 4913 saporem
1193 4838 1288 4912 palato
1305 4839 1421 4912 penitus
1436 4842 1754 4902 sentirefaefidiret·Ne
1769 4852 1867 4905 tamen

164 4928 299 4987 osculum
328 4924 488 4996 porrigens,
504 4930 533 4980 et
558 4932 722 4996 argentean.
743 4928 915 5002 Ubicunque
939 4948 988 4987 au·
1043 4929 1161 4987 omnino
1186 4930 1320 4986 deficeret
1344 4946 1378 4986 ex
1403 4929 1547 4988 hordaceo
1577 4940 1800 5008 praesumpta
1823 4945 1871 4995 est

165 5022 223 5075 tem
240 5015 283 5072 vel
302 5013 442 5083 febribus,
458 5013 501 5069 vel
518 5013 700 5086 quibuslibet
724 5019 834 5074 morbis
863 5019 987 5077 afflictos
1044 5019 1247 5095 propejejuna
1260 5019 1388 5076 refectio.
1416 5021 1542 5092 Denique
1563 5038 1719 5095 sargensa
1744 5027 1870 5099 niensis,

164 5108 352 5165 decumberet
369 5109 499 5172 noverat,
513 5120 575 5175 quio
590 5104 647 5161 illis
662 5105 803 5164 salutaria
813 5116 988 5183 essentque
1043 5110 1186 5183 hymnum
1202 5109 1259 5166 Deo
1269 5108 1398 5166 solvebat
1412 5108 1525 5182 reliquo
1540 5114 1672 5184 tempore
1688 5112 1731 5170 vel
1749 5115 1870 5174 lectioni

167 5190 990 5266 manducarentlibentius,quasappeterentdelociaeou-
1043 5200 1194 5271 deputato,
1207 5198 1249 5254 vel
1266 5197 1474 5270 pacinianum
1487 5201 1564 5256 enirn
1581 5200 1792 5274 apealmorum
1807 5222 1869 5263 mo·

201 5305 257 5376 (ts)
272 5300 414 5358 Sotalores
440 5299 517 5370 apud
533 5298 689 5370 scriptores
719 5303 807 5359 medii
823 5304 875 5359 aevi
900 5307 987 5362 etiam

166 5369 479 5437 dicunturaubtclcres‚
496 5375 524 5426 et
551 5371 732 5444 accipiuntur
756 5375 939 5449 praeclusis,
957 5384 990 5435 ut

166 5448 197 5506 ln
213 5443 359 5503 Glavssarlu
374 5442 474 5512 cangii
491 5442 588 5499 videro
605 5449 660 5509 est,
678 5447 763 5503 Boas.

202 5520 258 5592 (aa)
287 5515 470 5571 tlildobertua
497 5532 549 5587 pro
577 5516 693 5587 eulogiis
723 5535 812 5589 supra
851 5525 987 5591 posuerat

168 5591 375 5656 benedictiones,
400 5602 465 5661 quae
481 5593 601 5661 utroque
616 5605 668 5645 vox
683 5590 760 5661 apud
786 5596 918 5650 auctores
933 5607 990 5648 me·

1044 5306 1099 5362 dire
1122 5305 1216 5361 etatis
1245 5305 1456 5375 predonisvel
1477 5308 1663 5365 munusculis
1693 5316 1870 5385 usurpetur.

1044 5378 1134 5522 bo&
1151 5448 1303 5506 vocatura
1320 5447 1431 5506 Latinis
1458 5450 1541 5518 pana
1563 5450 1709 5523 secandus,
1739 5454 1789 5513 oni
1816 5456 1869 5514 ali·

1044 5519 1113 5590 quid
1130 5521 1250 5577 furfuris
1264 5520 1426 5577 admistum
1440 5527 1495 5577 eet.
1512 5525 1596 5579 Bosa.
