3802 6030
151 226 229 307 1007
639 218 732 280 VEN.
755 211 993 296 attererem
1016 212 1218 279 denodari.
1241 214 1363 280 ttrtsc.
1777 212 1860 277 {⁰oe

173 361 309 425 ustulare
323 357 373 421 vel
387 356 499 417 saitem
516 354 581 433 pati
596 352 761 415 videbatur
776 352 958 423 retinentes,
980 349 1097 430 pluries
1112 358 1217 414 tamen
1239 351 1403 414 omisimus
1418 355 1449 413 et
1463 349 1545 413 iuter
1559 355 1652 413 notas
1674 348 1789 415 subtus
1805 367 1857 413 rs·

144 445 288 526 jecimus,
306 441 336 500 in
353 437 467 518 quibus
483 437 552 497 toea
566 435 663 496 ettata
678 435 709 495 in
727 441 813 495 textu
831 434 899 512 ipso
914 431 1110 512 requirentes
1125 434 1263 495 auctoris
1281 434 1407 495 nomine
1426 432 1673 510 designavimus.

189 527 270 584 Loca
287 538 358 581 vero
376 527 538 596 poetarum
555 534 626 595 quae
643 524 706 576 tum
724 515 754 575 in
770 515 878 575 codicu
895 528 1013 582 nostru,
1031 522 1097 575 tum
1115 517 1144 575 in
1161 517 1309 587 editione,
1328 515 1418 576 unico
1433 514 1552 575 Horatii
1570 520 1648 586 tooo,
1660 512 1850 577 ubidirersa

147 612 276 666 aetatum
294 602 397 660 studia
412 599 570 669 describit,
589 607 732 676 excepto,
752 597 843 673 piena
859 597 1012 655 tinearum
1029 597 1108 655 serie
1123 598 1281 676 descripta
1296 606 1379 659 sunt.
1398 614 1466 660 uos.
1486 605 1521 654 ut
1535 596 1566 654 iu
1584 608 1748 674 poetarum
1764 595 1854 671 ipso-

149 702 218 745 rum
234 681 425 742 emtionibus
441 683 485 752 tit,
504 696 627 738 versum
644 697 663 738 a
679 696 768 737 versu
794 676 1032 754 distinguentes,
1059 677 1253 755 praebuimus
1269 679 1370 737 varias
1392 678 1422 736 iu
1443 677 1524 737 uotis
1548 676 1697 737 lectiones
1711 694 1856 737 commo·

149 772 269 834 nentes,
287 779 357 838 quae
373 759 545 838 aliquando
562 758 689 818 minime
704 758 889 836 spernendus
905 765 999 828 sunt;
1017 759 1189 836 praesertim
1206 758 1270 819 iuae
1285 776 1356 836 qirae
1372 761 1401 817 in
1419 759 1597 818 Horatianis
1622 756 1700 817 loeis
1725 757 1856 836 quibos·

151 845 223 913 dam
239 844 399 921 teguntur,
416 840 610 919 questionu
627 839 727 918 pretio
741 837 850 899 haberi
868 844 994 915 possent
1007 855 1027 897 a
1041 837 1131 898 noris
1145 838 1212 917 ejus
1231 839 1415 901 editoribus.
1443 839 1530 909 Ouod
1546 856 1636 917 teque
1651 838 1773 899 dictum
1799 856 1854 900 vo·

150 925 257 986 tumus
272 928 311 982 de
327 922 433 1002 paucis
448 922 517 981 attis
533 921 724 998 retiquorum
742 929 919 980 auctorum.

196 1005 285 1073 Quod
303 1021 398 1082 porro
413 1001 526 1061 attinet
540 1004 578 1060 ad
594 1002 662 1061 ioca
677 1018 784 1060 eornm
802 998 857 1079 qui
872 996 1116 1076 prosaorntione
1131 999 1332 1078 scripserunt,
1351 1017 1385 1060 ea
1397 998 1442 1060 eie
1459 998 1635 1059 referuntur
1649 1016 1668 1060 a
1683 1004 1807 1068 nostro,
1821 1004 1856 1061 ot

152 1084 280 1146 nonnisi
297 1083 458 1161 paulutum
476 1085 642 1142 immutata
656 1081 688 1140 in
704 1080 796 1140 editis
821 1080 969 1158 reperias.
992 1080 1032 1140 Et
1047 1079 1114 1140 haec
1140 1084 1255 1159 periter
1271 1098 1411 1142 nuscum
1430 1087 1514 1140 textu
1531 1090 1694 1141 aucturum
1722 1080 1851 1140 itiorom

151 1164 342 1227 contutimus
357 1169 387 1226 et
401 1163 484 1224 intra
496 1162 741 1235 adnotavimus,
759 1178 859 1241 pauca
873 1159 900 1221 si
926 1158 1077 1239 excipias,
1106 1178 1177 1240 qous
1194 1163 1275 1228 onds
1306 1161 1423 1225 tuerint
1437 1161 1626 1241 deprompta
1654 1178 1713 1223 noe
1741 1161 1849 1222 adbuc

148 1246 238 1309 latet.
1686 1294 1689 1299 .

190 1331 343 1387 tlaeterum
360 1342 423 1384 non
441 1341 503 1383 una
518 1321 586 1386 heec
600 1327 648 1383 est
662 1320 720 1383 dos
743 1319 859 1384 codicis
875 1319 973 1381 nostri
996 1338 1067 1382 cum
1084 1319 1222 1383 editione
1247 1317 1364 1385 collati.
1381 1323 1458 1383 Nam
1484 1327 1589 1383 textus
1611 1321 1678 1402 ipse
1691 1320 1724 1383 in
1750 1339 1802 1399 eo,
1818 1326 1853 1384 ut

148 1412 252 1477 notas,
270 1422 340 1482 quse
356 1405 386 1465 in
404 1403 544 1483 margine
561 1404 665 1480 ptores
682 1403 848 1473 habentur,
865 1402 1021 1471 omittam,
1040 1404 1152 1462 mirum
1169 1408 1323 1480 «ruentum
1339 1405 1497 1480 discrepat
1511 1404 1551 1463 ab
1564 1404 1660 1471 edito,
1677 1420 1735 1464 nec
1749 1404 1852 1464 solum

148 1487 180 1548 in
199 1487 312 1556 verbis,
330 1488 381 1546 sed
399 1498 430 1545 et
446 1486 474 1543 in
493 1484 605 1555 rebus;
623 1484 721 1544 mutto
736 1486 818 1543 euim
843 1490 889 1542 est
913 1485 1046 1552 auctior,
1063 1491 1092 1543 et
1118 1485 1308 1561 quaudoque
1323 1486 1502 1554 correctior,
1521 1493 1555 1544 ot
1580 1486 1680 1563 patuit
1694 1499 1735 1546 ex
1749 1483 1851 1563 speci·

149 1567 233 1628 miue
247 1569 301 1627 itu»
317 1569 399 1646 quod
414 1565 625 1635 exhibuimus,
639 1570 671 1624 et
685 1564 801 1626 otarius
824 1580 953 1643 quoque
970 1564 1088 1642 patebit
1102 1581 1140 1625 ert
1157 1570 1215 1626 bac
1239 1565 1307 1644 ipsa
1334 1567 1456 1645 integra
1471 1583 1566 1645 quam
1590 1564 1771 1644 paravimus
1784 1563 1850 1626 edi·

149 1651 234 1711 tituto
263 1647 325 1709 65.

189 1649 398 1792 &nimirum
415 1733 449 1787 ut
465 1743 564 1805 pauca
580 1724 724 1806 quaedmn
737 1724 927 1785 disseramus
942 1723 980 1783 de
996 1722 1062 1784 vin»
1079 1723 1132 1784 iito
1147 1724 1196 1786 cui
1210 1725 1268 1786 buc
1283 1742 1364 1805 opus
1379 1726 1418 1786 ab
1430 1724 1610 1787 Hildeberto
1625 1725 1763 1786 dicatum
1777 1723 1849 1788 tuit.

150 1809 197 1871 Gt.
215 1810 327 1878 editm,
346 1820 376 1866 ut
394 1827 490 1884 supra
507 1808 653 1876 uiuimus,
669 1822 706 1868 ex
723 1807 825 1866 littera
842 1823 858 1864 ιι
876 1824 970 1882 utrum
988 1806 1017 1864 iu
1031 1806 1140 1865 codice
1155 1805 1336 1868 (lutbertino
1353 1818 1527 1886 repererat,
1543 1808 1720 1885 suspicatus
1735 1815 1779 1864 est
1797 1806 1858 1866 hoo

150 1908 230 1969 opus
246 1888 412 1967 liepusotdu
428 1890 551 1947 cuidam
570 1890 655 1947 Beati
670 1886 835 1964 Augustini
854 1886 1019 1955 usouuctso,
1037 1889 1175 1946 ‹tmtum
1194 1887 1307 1946 tui-se:
1341 1894 1440 1948 codex
1457 1897 1562 1947 noster
1577 1897 1704 1949 econtra
1722 1888 1858 1947 Henoiee

151 1971 279 2049 quidam
297 1970 556 2047 prestantissimo
574 1970 638 2027 viro
653 1968 791 2027 dicatum
811 1966 904 2026 refert
918 1966 1099 2026 eturissimis
1116 1967 1200 2028 bisce
1216 1967 1317 2028 verbis
1333 1983 1341 2026 :
1359 1967 1519 2030 Murotuem
1535 1972 1641 2048 doymo
1661 1964 1855 2045 pbilosopho-

149 2069 216 2110 ruru
229 2069 285 2129 per
298 2054 391 2189 surripi
405 2050 570 2130 dispersum
585 2049 737 2110 uotunu'ua
751 2060 799 2107 tuo
814 2045 936 2129 quidem
950 2044 1101 2118 iusu‘ucaeu,
1117 2064 1167 2108 vm
1180 2063 1293 2112 orrum
1309 2064 1411 2119 arone
1428 2065 1594 2122 sternens,
1609 2048 1759 2126 Hermes,
1784 2066 1856 2110 con·

152 2131 271 2191 trudere
284 2148 357 2190 eoun
379 2147 426 2190 cr.

189 2208 264 2283 Ooae
279 2229 351 2271 cum
368 2210 527 2281 uidissem,
552 2208 657 2271 stetim
684 2207 761 2269 mihi
777 2206 808 2266 in
826 2211 961 2268 mentem
989 2208 1128 2269 occurrit
1149 2207 1303 2270 ttenrieus
1328 2211 1354 2277 I.
1383 2227 1436 2271 res
1462 2208 1584 2290 Angites
1599 2227 1636 2270 ec
1651 2206 1859 2274 Normandiee

148 2289 225 2357 dux.
242 2291 289 2350 vir
305 2291 395 2351 bouis
411 2293 522 2350 bueus
536 2308 555 2350 a
571 2289 703 2368 pueritia
718 2290 863 2349 excultus
875 2304 911 2348 ac
938 2286 1050 2371 militia
1064 2294 1177 2353 eteros.
1207 2291 1259 2368 qui
1273 2289 1339 2369 jem
1358 2291 1399 2351 ub
1415 2310 1499 2352 anno
1515 2289 1592 2353 ttttss
1608 2287 1858 2362 Normandiam,

148 2371 271 2432 incuria
286 2371 390 2432 fratris
405 2371 453 2431 sui
468 2371 616 2431 Wittetmi
630 2369 658 2432 11
675 2370 704 2429 in
724 2370 829 2447 ptores
844 2368 988 2428 dominos
1002 2369 1197 2438 distractam,
1216 2372 1297 2430 bebo
1314 2373 1451 2443 subegit,
1470 2373 1587 2450 ursique
1604 2371 1708 2450 reipsa
1721 2389 1795 2432 com
1812 2388 1861 2430 sa·

148 2451 280 2529 pientia,
297 2461 363 2511 tum
381 2451 494 2529 pietate
508 2452 547 2510 ub
563 2450 701 2528 antiquis
715 2450 921 2526 scriptoribus
936 2453 1179 2526 quampluribus
1195 2451 1342 2512 tundatur
1355 2451 1433 2532 (bit),
1452 2456 1566 2513 eodum
1584 2453 1768 2513 ttitdeberto
1792 2469 1859 2512 nos·

147 2539 196 2590 tro
212 2551 274 2591 non
289 2535 417 2600 omisso,
434 2531 488 2608 qui
505 2533 576 2591 ticet
597 2532 626 2591 ei
640 2530 681 2589 aii
695 2537 812 2607 inundo
830 2530 932 2587 initias
947 2540 1056 2605 gratus
1073 2531 1166 2591 tuisse
1182 2541 1229 2591 tra
1240 2542 1324 2592 tatur
1336 2533 1410 2611 tbi).
1431 2533 1719 2612 uittitominuspost
1731 2532 1862 2593 modum

148 2610 323 2689 itainejos
353 2610 487 2689 gratiam
519 2617 658 2680 venerat,
677 2619 710 2669 ut
738 2618 889 2688 tauquam
907 2608 1070 2670 fausitiaris
1085 2611 1167 2687 apud
1195 2615 1340 2673 eumdem
1373 2615 1631 2689 proamieissuis
1661 2614 1860 2674 intercedere

151 2697 269 2771 posset,
286 2698 320 2751 ut
336 2692 430 2765 hujus
444 2689 584 2768 epistotae
601 2697 755 2750 testantur
770 2694 809 2750 ad
825 2707 896 2749 eum
922 2689 1006 2751 iutra
1020 2708 1119 2752 anuos
1144 2691 1317 2756 itm-1130
1332 2707 1468 2755 exaratos
1483 2693 1570 2772 (68tz
1597 2695 1709 2773 uiribus
1731 2693 1857 2753 adden·

152 2772 227 2831 dum
243 2780 324 2833 esset
339 2771 476 2849 etogium
491 2774 576 2849 quod
591 2772 622 2830 in
640 2773 699 2830 troc
713 2770 781 2846 ipso
798 2776 934 2830 tractatu
952 2779 1055 2831 exstat
1070 2771 1159 2832 initio
1179 2774 1226 2832 tris
1243 2774 1344 2834 uerbis
1360 2792 1367 2834 ε
1391 2775 1428 2835 i'e
1442 2786 1538 2835 oratam
1547 2784 1621 2858 putu
1635 2775 1701 2835 truie
1715 2771 1858 2833 toranu-

152 2853 190 2912 tc's
204 2855 309 2930 [orme
321 2871 380 2911 uois
392 2869 520 2931 paruam
537 2852 703 2928 impendere
718 2850 928 2928 iiriipeuticrn5
945 2852 1017 2911 odeo
1033 2870 1158 2932 rentaeque
1172 2865 1258 2914 orem
1281 2867 1371 2935 ntprie
1386 2854 1534 2915 iusotobeie
1560 2875 1639 2917 rra-eu
1653 2853 1777 2916 intuo-es
1803 2851 1857 2913 ito·

152 2946 244 3004 nesto,
259 2932 339 3013 quod
352 2951 404 2993 nee
419 2929 568 2993 vetamus
582 2932 729 2991 turnultus
744 2929 835 3010 hujus
847 2930 1078 3010 perniciossime
1091 2932 1243 2994 seddiouie
1258 2936 1418 2995 uetustatis
1432 2955 1535 2996 eurum
1557 2935 1610 2996 tibi
1626 2940 1749 2999 esctun.
1778 2936 1831 2995 to
1847 2941 1859 2993 t

151 3018 230 3081 enim
247 3015 385 3094 temporis
397 3017 552 3074 necessitas
566 3017 606 3072 cd
619 3010 644 3092 fl
652 3017 742 3090 ipsiu
755 3024 783 3071 te
794 3007 968 3090 pertrabit,
984 3031 1064 3073 meus
1079 3024 1175 3074 taureu
1191 3024 1241 3075 tun
1256 3017 1434 3077 contradicit
1449 3026 1476 3077 et
1492 3026 1645 3078 rennuunt.
1661 3022 1738 3089 Ques
1751 3014 1860 3076 omnia

151 3093 183 3155 in
199 3113 269 3155 eum
287 3113 336 3153 me
348 3095 535 3154 sententiam
551 3093 751 3154 adduxerunt
767 3104 802 3153 ut
817 3095 877 3153 hoc
892 3111 972 3172 otrus
988 3094 1121 3156 Heurico
1144 3094 1195 3155 isti
1211 3097 1394 3173 inscriptum
1421 3116 1488 3158 esse
1503 3102 1542 3158 ab
1560 3098 1743 3159 Hddobcrto
1768 3097 1855 3157 sitir-

151 3193 282 3236 masem.
299 3175 374 3247 Quae
389 3175 516 3253 quidem
532 3173 697 3241 sententia,
713 3191 897 3252 quanquam
913 3193 975 3234 uon
991 3174 1070 3233 adeo
1090 3177 1213 3236 invictis
1243 3180 1437 3255 argumentis
1454 3180 1580 3257 pertubari
1607 3186 1721 3257 potest,
1739 3186 1774 3237 ut
1786 3193 1856 3237 om·

150 3257 200 3316 nis
215 3256 276 3316 etia
291 3260 405 3315 debeat
422 3274 550 3334 prorsus
565 3254 694 3327 escinei,
712 3255 788 3314 setis
804 3263 908 3314 tanen
926 3273 964 3314 ex
984 3257 1171 3316 ericturitate
1193 3260 1310 3318 codicis
1329 3258 1425 3318 riustri
1452 3260 1624 3336 probabitis
1638 3278 1706 3319 esse
1721 3259 1857 3318 ridetur.

196 3342 267 3399 ttrec
282 3347 366 3404 eunt,
384 3337 536 3397 benevole
550 3338 675 3408 Lector,
694 3352 765 3411 trote
781 3333 909 3414 majoris
932 3336 1081 3395 momenti
1108 3340 1330 3414 praemoueuda
1349 3343 1468 3407 curavi,
1495 3355 1606 3401 raetera
1624 3339 1756 3401 minoris
1780 3356 1861 3417 pon·

149 3415 232 3478 deris
247 3417 301 3478 ubi
317 3418 505 3479 excutienda
523 3420 682 3495 relinquo.
700 3416 824 3477 Interea
837 3416 918 3487 vale,
934 3422 966 3476 et
980 3415 1041 3476 hoc
1057 3435 1158 3478 mcum
1176 3421 1397 3500 quatecunque
1412 3440 1492 3500 opus
1508 3420 1744 3502 aequibonique
1761 3417 1862 3481 iacias

149 3499 242 3561 etium
259 3509 354 3579 atque
369 3497 464 3561 etiam
482 3517 570 3576 rogo,

178 3636 250 3714 (65)
267 3640 298 3696 Ιιι
314 3633 388 3696 edit.
407 3635 466 3695 hoc
481 3652 561 3707 opus
576 3632 689 3694 desiuit
706 3631 753 3693 tiis
770 3632 896 3694 verbis:
917 3630 1174 3696 Esereuou'onrm
1190 3635 1250 3697 dest
1262 3636 1347 3698 ier-ut.
1367 3636 1505 3717 Earltctt
1522 3638 1597 3698 tib-er
1619 3635 1799 3701 moratium.
1823 3638 1859 3700 tn

148 3728 378 3810 nostruamenr
406 3715 472 3776 haec
498 3715 636 3775 formula
650 3714 748 3786 deest,
778 3722 895 3794 etpost
922 3712 1070 3777 desideret
1099 3718 1285 3797 admugitur
1304 3719 1392 3780 iocus
1420 3740 1459 3781 ex
1478 3721 1619 3794 boethio,
1637 3721 1691 3802 qui
1708 3717 1861 3781 tractatui

148 3796 501 3950 flnffffi)¹'v'}f}2¹},¹‡„„m
518 3875 605 3936 Abx.
623 3874 653 3935 in
670 3873 751 3935 Hice.
768 3876 840 3937 ecel.
857 3873 900 3936 cd
910 3892 976 3937 soc.
993 3894 1024 3937 ιιι
1040 3884 1070 3938 ot
1094 3896 1151 3957 xri,
1168 3898 1239 3962 cap.
1257 3880 1308 3956 12,
1325 3889 1375 3944 art
1403 3882 1434 3944 6.

203 3955 254 4038 tii)
271 3958 304 4017 Iu
321 3954 392 4018 Vita
409 3957 555 4016 venerab.
573 3955 757 4027 Hildeberti,
770 3957 838 4029 eius
854 3958 1003 4033 operibus
1018 3959 1191 4036 prtetuisea.

193 4036 337 4118 (batvide
352 4040 443 4116 epist.
459 4034 562 4097 12111).
579 4052 599 4107 t,
621 4041 652 4096 et
665 4037 757 4116 epist.
775 4035 812 4096 12
827 4043 858 4096 et
873 4034 911 4096 10
929 4039 980 4097 tib.
998 4052 1047 4100 111.

192 4164 1848 4206 Q

503 4263 861 4362 MORA'LIS
942 4267 1509 4370 PHILOSOPHIA

784 4510 988 4581 HONES'PO
1013 4514 1067 4582 ΕΤ
1092 4513 1219 4587 UrtL1

899 4739 1117 4804 PRAEFATiO

187 4852 359 4912 0014102
389 4853 415 4907 1.
441 4849 582 4907 Mornttuu
610 4849 713 4919 dogma
741 4847 974 4920 phiiosophorum
991 4858 1017 4925 Α
1032 4853 1167 4921 gravisus
1182 4858 1349 4914 reverendas
1372 4857 1568 4929 antecedebat,
1587 4859 1750 4931 statimque,
1767 4865 1799 4916 ut
1814 4858 1856 4928 tu,

155 4960 207 5018 per
221 4937 634 5009 muttadisporsumvotumina
646 4937 815 5008 tuoquidem
827 4940 975 5009 instinctu,
1031 4942 1092 4998 soto
1113 4945 1202 5000 animi
1223 4947 1341 5016 augurio
1358 4950 1480 5018 primum
1497 4950 1578 5006 itturn
1599 4966 1660 5007 esse
1678 4950 1854 5006 tatinaeeto·

153 5036 196 5092 vir
210 5033 316 5105 optimc
339 5039 423 5102 atque
438 5028 562 5084 liberetis
579 5030 718 5094 Hernica,
733 5027 900 5085 contrahere
915 5046 977 5087 me·
1031 5033 1303 5101 quentieauctorem
1311 5036 1436 5095 'tuttium
1449 5039 1674 5105 mibiinnotuit;
1691 5048 1752 5110 post
1767 5054 1855 5111 quern

151 5123 261 5201 ditatur
277 5122 346 5193 pu),
367 5124 492 5189 dumque
518 5118 609 5188 ptimo
625 5116 771 5173 conticinii
792 5117 846 5189 ui)
863 5119 976 5178 silentio
1030 5121 1080 5177 itte
1096 5124 1261 5181 mirrutitatis
1281 5129 1406 5183 eruditor
1421 5129 1766 5195 eteounusstmussuuum
1788 5144 1855 5186 cum

151 5230 235 5284 super
252 5213 305 5268 huc
333 5226 361 5267 re
376 5208 586 5266 scrutabundus
603 5206 767 5263 memorium
784 5209 973 5277 cornutorum,
1031 5212 1198 5281 quibusdum
1222 5216 1297 5279 otiis,
1323 5232 1391 5288 quos
1416 5218 1465 5274 tibi
1489 5235 1587 5276 eorum
1612 5219 1697 5277 rerba
1720 5218 1860 5292 deinceps

152 5311 267 5368 repente
283 5315 400 5358 somnus
420 5296 541 5365 obrepsit
558 5314 565 5363 ;
581 5305 607 5352 et
623 5311 688 5354 ecee
713 5294 754 5349 sir
767 5295 860 5352 sutuiu
875 5299 976 5356 decore
1031 5301 1229 5369 eiputtienbuut
1248 5306 1315 5378 (72),
1332 5308 1483 5377 strepebat.

150 5392 302 5450 tentabitis
334 5392 468 5461 quasdam
501 5402 635 5459 purumne
659 5400 716 5442 nun
747 5386 841 5441 iuturus
868 5398 977 5446 mutum
1067 5393 1094 5446 2.
1111 5392 1169 5450 uo
1186 5395 1269 5464 igitur
1295 5398 1484 5466 nutrieruntce,
1506 5399 1668 5456 arbitrabar
1689 5397 1860 5471 descriptio-

185 5500 241 5570 (69ι
263 5497 357 5556 Getes
381 5505 476 5555 noster
501 5497 602 5557 habet:
629 5493 772 5569 incipiunt
796 5495 920 5570 tropopse
942 5499 978 5556 cd
1031 5501 1140 5557 ciuium
1162 5505 1396 5563 scontieesceudo
1422 5516 1449 5565 et
1465 5524 1515 5578 pro
1539 5510 1632 5582 prims
1658 5507 1753 5567 noctis
1780 5513 1861 5580 parte

147 5572 284 5632 moratam
295 5570 514 5644 philosophiam.
1030 5572 1181 5639 accipitur.
1198 5577 1226 5633 V.
1241 5576 1307 5634 tec.
1324 5578 1388 5635 Fert
1403 5579 1491 5640 ettad
1502 5581 1531 5639 b.
1550 5596 1577 5639 s.

158 5644 243 5787 gi„
258 5643 291 5702 tn
311 5646 376 5704 cod.
396 5642 529 5702 conabar.
658 5709 666 5723 ·
1069 5644 1123 5719 (72)
1137 5644 1249 5724 taloan,
1269 5649 1463 5727 mm,

227 5717 239 5788 )
253 5714 326 5775 ttds
341 5715 410 5777 edit.
425 5713 509 5774 hebet
528 5710 724 5781 ammissum,
743 5713 786 5769 eet
798 5709 877 5772 enim
887 5710 976 5771 mti·
