<?xml version="1.0" encoding="UTF-8"?>
<!DOCTYPE html PUBLIC "-//W3C//DTD XHTML 1.0 Transitional//EN"
    "http://www.w3.org/TR/xhtml1/DTD/xhtml1-transitional.dtd">
<html xmlns="http://www.w3.org/1999/xhtml" xml:lang="en" lang="en">
 <head>
  <title>
</title>
<meta http-equiv="Content-Type" content="text/html;charset=utf-8" />
  <meta name='ocr-system' content='tesseract 3.04.00' />
  <meta name='ocr-capabilities' content='ocr_page ocr_carea ocr_par ocr_line ocrx_word'/>
</head>
<body>
  <div class='ocr_page' id='page_1' title='image "./patrologiaecurs35unkngoog_0131.png"; bbox 0 0 3802 6030; ppageno 0'>
   <div class='ocr_carea' id='block_1_1' title="bbox 46 196 1752 270">
    <p class='ocr_par' dir='ltr' id='par_1_1' title="bbox 46 196 1752 270">
     <span class='ocr_line' id='line_1_1' title="bbox 46 196 1752 270; baseline 0.001 -2"><span class='ocrx_word' id='word_1_1' title='bbox 46 205 104 269; x_wconf 79' lang='grc'><strong>111</strong></span> <span class='ocrx_word' id='word_1_2' title='bbox 535 204 624 269; x_wconf 75' lang='lat' dir='ltr'><strong>tute.</strong></span> <span class='ocrx_word' id='word_1_3' title='bbox 647 198 887 269; x_wconf 79' lang='lat' dir='ltr'><strong>utunuuuttut</strong></span> <span class='ocrx_word' id='word_1_4' title='bbox 908 196 1108 264; x_wconf 76' lang='lat' dir='ltr'><strong>subottttt.</strong></span> <span class='ocrx_word' id='word_1_5' title='bbox 1132 202 1256 268; x_wconf 74' lang='lat' dir='ltr'><strong>EPISC.</strong></span> <span class='ocrx_word' id='word_1_6' title='bbox 1691 206 1752 270; x_wconf 77' lang='grc'><strong>151</strong></span> 
     </span>
    </p>
   </div>
   <div class='ocr_carea' id='block_1_2' title="bbox 1 332 1756 4710">
    <p class='ocr_par' dir='ltr' id='par_1_2' title="bbox 1 332 1756 2742">
     <span class='ocr_line' id='line_1_2' title="bbox 47 332 1753 412; baseline 0.001 -15"><span class='ocrx_word' id='word_1_7' title='bbox 47 335 174 397; x_wconf 81' lang='lat' dir='ltr'><strong>siasticls</strong></span> <span class='ocrx_word' id='word_1_8' title='bbox 189 334 379 397; x_wconf 70' lang='lat' dir='ltr'><strong>multatibus</strong></span> <span class='ocrx_word' id='word_1_9' title='bbox 391 338 687 412; x_wconf 88' lang='lat' dir='ltr'><strong>aliquiddisponendi</strong></span> <span class='ocrx_word' id='word_1_10' title='bbox 699 339 807 412; x_wconf 84' lang='lat' dir='ltr'><strong>legitur</strong></span> <span class='ocrx_word' id='word_1_11' title='bbox 818 352 873 392; x_wconf 93' lang='lat' dir='ltr'><strong>un·</strong></span> <span class='ocrx_word' id='word_1_12' title='bbox 889 332 916 400; x_wconf 80' lang='grc' dir='ltr'><strong>Α</strong></span> <span class='ocrx_word' id='word_1_13' title='bbox 929 350 1014 394; x_wconf 88' lang='lat' dir='ltr'><strong>sacra</strong></span> <span class='ocrx_word' id='word_1_14' title='bbox 1028 336 1118 395; x_wconf 82' lang='lat' dir='ltr'><strong>tradit</strong></span> <span class='ocrx_word' id='word_1_15' title='bbox 1127 335 1288 411; x_wconf 70' lang='lat' dir='ltr'><strong>historiali</strong></span> <span class='ocrx_word' id='word_1_16' title='bbox 1299 337 1397 394; x_wconf 78' lang='lat' dir='ltr'><strong>Paret.</strong></span> <span class='ocrx_word' id='word_1_17' title='bbox 1413 336 1456 409; x_wconf 86' lang='lat' dir='ltr'><strong>u).</strong></span> <span class='ocrx_word' id='word_1_18' title='bbox 1480 336 1562 407; x_wconf 83' lang='lat' dir='ltr'><strong>Cora,</strong></span> <span class='ocrx_word' id='word_1_19' title='bbox 1577 340 1606 395; x_wconf 87' lang='lat' dir='ltr'><strong>ct</strong></span> <span class='ocrx_word' id='word_1_20' title='bbox 1616 338 1667 411; x_wconf 86' lang='lat' dir='ltr'><strong>qui</strong></span> <span class='ocrx_word' id='word_1_21' title='bbox 1683 357 1753 399; x_wconf 91' lang='lat' dir='ltr'><strong>cum</strong></span> 
     </span>
     <span class='ocr_line' id='line_1_3' title="bbox 50 425 1754 501; baseline 0.002 -17"><span class='ocrx_word' id='word_1_22' title='bbox 50 444 138 500; x_wconf 82' lang='lat' dir='ltr'><strong>quam</strong></span> <span class='ocrx_word' id='word_1_23' title='bbox 155 429 296 485; x_wconf 87' lang='lat' dir='ltr'><strong>attributa</strong></span> <span class='ocrx_word' id='word_1_24' title='bbox 310 428 445 495; x_wconf 73' lang='lat' dir='ltr'>facultas,</span> <span class='ocrx_word' id='word_1_25' title='bbox 461 445 551 498; x_wconf 75' lang='lat' dir='ltr'><strong>necue</strong></span> <span class='ocrx_word' id='word_1_26' title='bbox 571 429 709 501; x_wconf 76' lang='lat' dir='ltr'><strong>deinceps</strong></span> <span class='ocrx_word' id='word_1_27' title='bbox 732 428 794 485; x_wconf 88' lang='lat' dir='ltr'><strong>lieri</strong></span> <span class='ocrx_word' id='word_1_28' title='bbox 810 443 874 501; x_wconf 89' lang='lat' dir='ltr'><strong>per·</strong></span> <span class='ocrx_word' id='word_1_29' title='bbox 930 440 964 481; x_wconf 89' lang='lat' dir='ltr'><strong>oo</strong></span> <span class='ocrx_word' id='word_1_30' title='bbox 980 425 1131 484; x_wconf 83' lang='lat' dir='ltr'><strong>thuribula</strong></span> <span class='ocrx_word' id='word_1_31' title='bbox 1146 427 1314 484; x_wconf 69' lang='lat' dir='ltr'><strong>schismatis</strong></span> <span class='ocrx_word' id='word_1_32' title='bbox 1328 444 1527 500; x_wconf 83' lang='lat' dir='ltr'><strong>assumpsere,</strong></span> <span class='ocrx_word' id='word_1_33' title='bbox 1543 427 1578 484; x_wconf 88' lang='lat' dir='ltr'><strong>ds</strong></span> <span class='ocrx_word' id='word_1_34' title='bbox 1593 429 1673 485; x_wconf 89' lang='lat' dir='ltr'><strong>tribu</strong></span> <span class='ocrx_word' id='word_1_35' title='bbox 1686 431 1754 487; x_wconf 81' lang='lat' dir='ltr'><strong>Levi</strong></span> 
     </span>
     <span class='ocr_line' id='line_1_4' title="bbox 50 515 1753 591; baseline 0.002 -17"><span class='ocrx_word' id='word_1_36' title='bbox 50 518 203 574; x_wconf 73' lang='lat' dir='ltr'><strong>mittimus.</strong></span> <span class='ocrx_word' id='word_1_37' title='bbox 222 519 251 574; x_wconf 91' lang='lat' dir='ltr'><strong>Si</strong></span> <span class='ocrx_word' id='word_1_38' title='bbox 268 518 337 590; x_wconf 90' lang='lat' dir='ltr'><strong>quis</strong></span> <span class='ocrx_word' id='word_1_39' title='bbox 352 535 419 590; x_wconf 80' lang='lat' dir='ltr'><strong>ergo</strong></span> <span class='ocrx_word' id='word_1_40' title='bbox 436 518 602 591; x_wconf 79' lang='lat' dir='ltr'><strong>principum</strong></span> <span class='ocrx_word' id='word_1_41' title='bbox 618 518 759 576; x_wconf 87' lang='lat' dir='ltr'><strong>laieorum</strong></span> <span class='ocrx_word' id='word_1_42' title='bbox 775 518 876 591; x_wconf 90' lang='lat' dir='ltr'><strong>dispo·</strong></span> <span class='ocrx_word' id='word_1_43' title='bbox 930 515 1117 574; x_wconf 81' lang='lat' dir='ltr'><strong>descendisse</strong></span> <span class='ocrx_word' id='word_1_44' title='bbox 1134 525 1335 574; x_wconf 88' lang='lat' dir='ltr'><strong>memorantur</strong></span> <span class='ocrx_word' id='word_1_45' title='bbox 1352 534 1422 584; x_wconf 91' lang='lat' dir='ltr'><strong>;eos</strong></span> <span class='ocrx_word' id='word_1_46' title='bbox 1436 523 1549 585; x_wconf 84' lang='lat' dir='ltr'><strong>temen,</strong></span> <span class='ocrx_word' id='word_1_47' title='bbox 1565 519 1634 591; x_wconf 88' lang='lat' dir='ltr'><strong>quia</strong></span> <span class='ocrx_word' id='word_1_48' title='bbox 1651 520 1753 577; x_wconf 85' lang='lat' dir='ltr'><strong>incau-</strong></span> 
     </span>
     <span class='ocr_line' id='line_1_5' title="bbox 52 606 1755 681; baseline 0.001 -17"><span class='ocrx_word' id='word_1_49' title='bbox 52 608 188 664; x_wconf 86' lang='lat' dir='ltr'><strong>sitiouem</strong></span> <span class='ocrx_word' id='word_1_50' title='bbox 205 623 255 663; x_wconf 85' lang='lat' dir='ltr'><strong>seu</strong></span> <span class='ocrx_word' id='word_1_51' title='bbox 272 607 502 664; x_wconf 83' lang='lat' dir='ltr'><strong>dominationem</strong></span> <span class='ocrx_word' id='word_1_52' title='bbox 527 609 876 681; x_wconf 84' lang='lat' dir='ltr'><strong>rerumsirepossessio-</strong></span> <span class='ocrx_word' id='word_1_53' title='bbox 930 621 996 662; x_wconf 89' lang='lat' dir='ltr'><strong>sum</strong></span> <span class='ocrx_word' id='word_1_54' title='bbox 1027 607 1155 663; x_wconf 83' lang='lat' dir='ltr'><strong>indebite</strong></span> <span class='ocrx_word' id='word_1_55' title='bbox 1183 606 1364 671; x_wconf 82' lang='lat' dir='ltr'><strong>obtulerunt,</strong></span> <span class='ocrx_word' id='word_1_56' title='bbox 1390 613 1466 662; x_wconf 85' lang='lat' dir='ltr'><strong>terra</strong></span> <span class='ocrx_word' id='word_1_57' title='bbox 1494 606 1574 664; x_wconf 82' lang='lat' dir='ltr'><strong>vivos</strong></span> <span class='ocrx_word' id='word_1_58' title='bbox 1601 610 1755 667; x_wconf 89' lang='lat' dir='ltr'><strong>absorbuit</strong></span> 
     </span>
     <span class='ocr_line' id='line_1_6' title="bbox 51 695 1750 767; baseline -0.001 -13"><span class='ocrx_word' id='word_1_59' title='bbox 51 715 122 754; x_wconf 89' lang='lat' dir='ltr'><strong>num</strong></span> <span class='ocrx_word' id='word_1_60' title='bbox 154 696 419 754; x_wconf 80' lang='lat' dir='ltr'><strong>ecclesiasticarum</strong></span> <span class='ocrx_word' id='word_1_61' title='bbox 449 699 505 756; x_wconf 90' lang='lat' dir='ltr'><strong>sibi</strong></span> <span class='ocrx_word' id='word_1_62' title='bbox 520 700 723 767; x_wconf 83' lang='lat' dir='ltr'><strong>vindicaverit,</strong></span> <span class='ocrx_word' id='word_1_63' title='bbox 740 705 772 756; x_wconf 85' lang='lat' dir='ltr'><strong>at</strong></span> <span class='ocrx_word' id='word_1_64' title='bbox 787 700 874 756; x_wconf 90' lang='lat' dir='ltr'><strong>sacri·</strong></span> <span class='ocrx_word' id='word_1_65' title='bbox 930 695 1105 765; x_wconf 63' lang='lat' dir='ltr'><strong>(Numnam.</strong></span> <span class='ocrx_word' id='word_1_66' title='bbox 1133 696 1266 752; x_wconf 80' lang='lat' dir='ltr'><strong>Haereant</strong></span> <span class='ocrx_word' id='word_1_67' title='bbox 1287 696 1393 753; x_wconf 83' lang='lat' dir='ltr'><strong>vestris</strong></span> <span class='ocrx_word' id='word_1_68' title='bbox 1410 695 1569 765; x_wconf 86' lang='lat' dir='ltr'><strong>mentibus,</strong></span> <span class='ocrx_word' id='word_1_69' title='bbox 1585 697 1750 755; x_wconf 88' lang='lat' dir='ltr'><strong>charissimi</strong></span> 
     </span>
     <span class='ocr_line' id='line_1_7' title="bbox 50 783 1753 862; baseline 0.002 -20"><span class='ocrx_word' id='word_1_70' title='bbox 50 786 132 859; x_wconf 81' lang='lat' dir='ltr'><strong>legas</strong></span> <span class='ocrx_word' id='word_1_71' title='bbox 145 787 305 856; x_wconf 89' lang='lat' dir='ltr'><strong>judicetur.</strong></span> <span class='ocrx_word' id='word_1_72' title='bbox 322 787 423 843; x_wconf 72' lang='lat' dir='ltr'><strong>(Ilerioi</strong></span> <span class='ocrx_word' id='word_1_73' title='bbox 438 804 504 845; x_wconf 89' lang='lat' dir='ltr'><strong>vero</strong></span> <span class='ocrx_word' id='word_1_74' title='bbox 519 806 569 846; x_wconf 91' lang='lat' dir='ltr'><strong>seu</strong></span> <span class='ocrx_word' id='word_1_75' title='bbox 595 790 742 859; x_wconf 87' lang='lat' dir='ltr'><strong>monachi,</strong></span> <span class='ocrx_word' id='word_1_76' title='bbox 758 791 809 862; x_wconf 88' lang='lat' dir='ltr'><strong>qui</strong></span> <span class='ocrx_word' id='word_1_77' title='bbox 824 806 874 846; x_wconf 90' lang='lat' dir='ltr'><strong>eas</strong></span> <span class='ocrx_word' id='word_1_78' title='bbox 930 784 1046 854; x_wconf 83' lang='lat' dir='ltr'><strong>iratres,</strong></span> <span class='ocrx_word' id='word_1_79' title='bbox 1059 785 1174 842; x_wconf 88' lang='lat' dir='ltr'><strong>sublata</strong></span> <span class='ocrx_word' id='word_1_80' title='bbox 1188 785 1224 842; x_wconf 91' lang='lat' dir='ltr'><strong>de</strong></span> <span class='ocrx_word' id='word_1_81' title='bbox 1249 785 1383 843; x_wconf 88' lang='lat' dir='ltr'><strong>incendio</strong></span> <span class='ocrx_word' id='word_1_82' title='bbox 1397 783 1560 854; x_wconf 76' lang='lat' dir='ltr'><strong>thuribula,</strong></span> <span class='ocrx_word' id='word_1_83' title='bbox 1576 803 1639 859; x_wconf 82' lang='lat' dir='ltr'><strong>qus</strong></span> <span class='ocrx_word' id='word_1_84' title='bbox 1654 788 1753 844; x_wconf 85' lang='lat' dir='ltr'><strong>Domi·</strong></span> 
     </span>
     <span class='ocr_line' id='line_1_8' title="bbox 51 874 1751 952; baseline 0.001 -20"><span class='ocrx_word' id='word_1_85' title='bbox 51 891 103 950; x_wconf 89' lang='lat' dir='ltr'><strong>per</strong></span> <span class='ocrx_word' id='word_1_86' title='bbox 119 874 236 933; x_wconf 89' lang='lat' dir='ltr'><strong>illorum</strong></span> <span class='ocrx_word' id='word_1_87' title='bbox 247 881 419 949; x_wconf 87' lang='lat' dir='ltr'><strong>potestatem</strong></span> <span class='ocrx_word' id='word_1_88' title='bbox 434 876 873 952; x_wconf 86' lang='lat' dir='ltr'><strong>susceperint,excommunica·</strong></span> <span class='ocrx_word' id='word_1_89' title='bbox 930 892 999 943; x_wconf 80' lang='lat' dir='ltr'><strong>nus,</strong></span> <span class='ocrx_word' id='word_1_90' title='bbox 1015 892 1050 932; x_wconf 89' lang='lat' dir='ltr'><strong>uc</strong></span> <span class='ocrx_word' id='word_1_91' title='bbox 1065 875 1132 948; x_wconf 90' lang='lat' dir='ltr'><strong>quis</strong></span> <span class='ocrx_word' id='word_1_92' title='bbox 1148 875 1176 932; x_wconf 91' lang='lat' dir='ltr'><strong>iu</strong></span> <span class='ocrx_word' id='word_1_93' title='bbox 1192 874 1324 933; x_wconf 81' lang='lat' dir='ltr'><strong>Ecclesia</strong></span> <span class='ocrx_word' id='word_1_94' title='bbox 1346 875 1401 931; x_wconf 89' lang='lat' dir='ltr'><strong>sibi</strong></span> <span class='ocrx_word' id='word_1_95' title='bbox 1416 881 1565 948; x_wconf 76' lang='lat' dir='ltr'><strong>arrogaret</strong></span> <span class='ocrx_word' id='word_1_96' title='bbox 1578 876 1689 949; x_wconf 89' lang='lat' dir='ltr'><strong>aliquid</strong></span> <span class='ocrx_word' id='word_1_97' title='bbox 1705 878 1751 935; x_wconf 90' lang='lat' dir='ltr'><strong>iu-</strong></span> 
     </span>
     <span class='ocr_line' id='line_1_9' title="bbox 51 964 1750 1038; baseline 0.001 -15"><span class='ocrx_word' id='word_1_98' title='bbox 51 964 124 1023; x_wconf 90' lang='lat' dir='ltr'><strong>ticnl</strong></span> <span class='ocrx_word' id='word_1_99' title='bbox 141 965 347 1037; x_wconf 87' lang='lat' dir='ltr'><strong>subjiciantur.</strong></span> <span class='ocrx_word' id='word_1_100' title='bbox 361 965 448 1023; x_wconf 87' lang='lat' dir='ltr'><strong>Porro</strong></span> <span class='ocrx_word' id='word_1_101' title='bbox 463 967 677 1024; x_wconf 76' lang='lat' dir='ltr'><strong>hereditariam</strong></span> <span class='ocrx_word' id='word_1_102' title='bbox 689 967 769 1024; x_wconf 87' lang='lat' dir='ltr'><strong>illam</strong></span> <span class='ocrx_word' id='word_1_103' title='bbox 786 984 872 1025; x_wconf 92' lang='lat' dir='ltr'><strong>cano·</strong></span> <span class='ocrx_word' id='word_1_104' title='bbox 930 964 1159 1033; x_wconf 87' lang='lat' dir='ltr'><strong>debitum,altari</strong></span> <span class='ocrx_word' id='word_1_105' title='bbox 1169 964 1750 1038; x_wconf 75' lang='lat' dir='ltr'><strong>pracepttatuigtadmanumentum.rton</strong></span> 
     </span>
     <span class='ocr_line' id='line_1_10' title="bbox 52 1053 1754 1129; baseline 0.002 -19"><span class='ocrx_word' id='word_1_106' title='bbox 52 1053 186 1111; x_wconf 89' lang='lat' dir='ltr'><strong>uicorum</strong></span> <span class='ocrx_word' id='word_1_107' title='bbox 202 1054 442 1112; x_wconf 78' lang='lat' dir='ltr'><strong>substitutionem</strong></span> <span class='ocrx_word' id='word_1_108' title='bbox 465 1057 676 1113; x_wconf 89' lang='lat' dir='ltr'><strong>cousuetudine</strong></span> <span class='ocrx_word' id='word_1_109' title='bbox 701 1057 776 1114; x_wconf 92' lang='lat' dir='ltr'><strong>tueri</strong></span> <span class='ocrx_word' id='word_1_110' title='bbox 789 1056 872 1125; x_wconf 83' lang='lat' dir='ltr'><strong>selle,</strong></span> <span class='ocrx_word' id='word_1_111' title='bbox 929 1057 1007 1115; x_wconf 86' lang='lat' dir='ltr'><strong>euim</strong></span> <span class='ocrx_word' id='word_1_112' title='bbox 1025 1057 1124 1112; x_wconf 88' lang='lat' dir='ltr'><strong>minua</strong></span> <span class='ocrx_word' id='word_1_113' title='bbox 1139 1056 1258 1128; x_wconf 89' lang='lat' dir='ltr'><strong>prodest</strong></span> <span class='ocrx_word' id='word_1_114' title='bbox 1272 1055 1436 1129; x_wconf 88' lang='lat' dir='ltr'><strong>iniquitatis</strong></span> <span class='ocrx_word' id='word_1_115' title='bbox 1453 1072 1579 1128; x_wconf 88' lang='lat' dir='ltr'><strong>poenam,</strong></span> <span class='ocrx_word' id='word_1_116' title='bbox 1595 1073 1681 1127; x_wconf 86' lang='lat' dir='ltr'><strong>quam</strong></span> <span class='ocrx_word' id='word_1_117' title='bbox 1698 1058 1754 1114; x_wconf 83' lang='lat' dir='ltr'><strong>vir·</strong></span> 
     </span>
     <span class='ocr_line' id='line_1_11' title="bbox 52 1142 1756 1219; baseline 0.004 -21"><span class='ocrx_word' id='word_1_118' title='bbox 52 1142 95 1201; x_wconf 83' lang='lat' dir='ltr'><strong>vel</strong></span> <span class='ocrx_word' id='word_1_119' title='bbox 111 1143 247 1216; x_wconf 91' lang='lat' dir='ltr'><strong>ignorare</strong></span> <span class='ocrx_word' id='word_1_120' title='bbox 270 1142 315 1200; x_wconf 89' lang='lat' dir='ltr'><strong>vel</strong></span> <span class='ocrx_word' id='word_1_121' title='bbox 337 1145 472 1217; x_wconf 83' lang='lat' dir='ltr'><strong>persequi</strong></span> <span class='ocrx_word' id='word_1_122' title='bbox 498 1152 544 1203; x_wconf 84' lang='lat' dir='ltr'><strong>est</strong></span> <span class='ocrx_word' id='word_1_123' title='bbox 558 1155 725 1203; x_wconf 89' lang='lat' dir='ltr'><strong>sanctarum</strong></span> <span class='ocrx_word' id='word_1_124' title='bbox 741 1151 872 1204; x_wconf 86' lang='lat' dir='ltr'><strong>tenorem</strong></span> <span class='ocrx_word' id='word_1_125' title='bbox 929 1149 1003 1204; x_wconf 88' lang='lat' dir='ltr'><strong>tutis</strong></span> <span class='ocrx_word' id='word_1_126' title='bbox 1019 1148 1091 1203; x_wconf 80' lang='lat' dir='ltr'><strong>m</strong></span> <span class='ocrx_word' id='word_1_127' title='bbox 1108 1146 1227 1217; x_wconf 83' lang='lat' dir='ltr'><strong>praemia</strong></span> <span class='ocrx_word' id='word_1_128' title='bbox 1251 1145 1557 1202; x_wconf 79' lang='lat' dir='ltr'><strong>recesseritiimirum</strong></span> <span class='ocrx_word' id='word_1_129' title='bbox 1574 1162 1659 1219; x_wconf 80' lang='lat' dir='ltr'><strong>perna</strong></span> <span class='ocrx_word' id='word_1_130' title='bbox 1670 1147 1756 1205; x_wconf 86' lang='lat' dir='ltr'><strong>timo·</strong></span> 
     </span>
     <span class='ocr_line' id='line_1_12' title="bbox 51 1231 1754 1310; baseline 0.004 -21"><span class='ocrx_word' id='word_1_131' title='bbox 51 1231 229 1306; x_wconf 87' lang='lat' dir='ltr'><strong>regularum.</strong></span> <span class='ocrx_word' id='word_1_132' title='bbox 245 1231 354 1290; x_wconf 86' lang='lat' dir='ltr'><strong>Nolunt</strong></span> <span class='ocrx_word' id='word_1_133' title='bbox 368 1234 410 1290; x_wconf 92' lang='lat' dir='ltr'><strong>illi</strong></span> <span class='ocrx_word' id='word_1_134' title='bbox 428 1235 544 1292; x_wconf 89' lang='lat' dir='ltr'><strong>noxiam</strong></span> <span class='ocrx_word' id='word_1_135' title='bbox 557 1235 672 1294; x_wconf 88' lang='lat' dir='ltr'><strong>abolere</strong></span> <span class='ocrx_word' id='word_1_136' title='bbox 686 1236 874 1293; x_wconf 86' lang='lat' dir='ltr'><strong>consuetudi·</strong></span> <span class='ocrx_word' id='word_1_137' title='bbox 931 1252 990 1296; x_wconf 85' lang='lat' dir='ltr'><strong>rem</strong></span> <span class='ocrx_word' id='word_1_138' title='bbox 1002 1240 1133 1310; x_wconf 85' lang='lat' dir='ltr'><strong>generat,</strong></span> <span class='ocrx_word' id='word_1_139' title='bbox 1160 1234 1212 1310; x_wconf 85' lang='lat' dir='ltr'><strong>qui</strong></span> <span class='ocrx_word' id='word_1_140' title='bbox 1232 1235 1365 1292; x_wconf 86' lang='lat' dir='ltr'><strong>deservo</strong></span> <span class='ocrx_word' id='word_1_141' title='bbox 1381 1234 1449 1292; x_wconf 87' lang='lat' dir='ltr'><strong>iacit</strong></span> <span class='ocrx_word' id='word_1_142' title='bbox 1465 1243 1492 1292; x_wconf 92' lang='lat' dir='ltr'><strong>et</strong></span> <span class='ocrx_word' id='word_1_143' title='bbox 1507 1235 1611 1292; x_wconf 83' lang='lat' dir='ltr'><strong>illrum.</strong></span> <span class='ocrx_word' id='word_1_144' title='bbox 1629 1238 1710 1304; x_wconf 82' lang='lat' dir='ltr'><strong>Quod</strong></span> <span class='ocrx_word' id='word_1_145' title='bbox 1728 1238 1754 1295; x_wconf 84' lang='lat' dir='ltr'><strong>si</strong></span> 
     </span>
     <span class='ocr_line' id='line_1_13' title="bbox 54 1321 1753 1396; baseline 0.005 -18"><span class='ocrx_word' id='word_1_146' title='bbox 54 1338 132 1392; x_wconf 90' lang='lat' dir='ltr'><strong>uem,</strong></span> <span class='ocrx_word' id='word_1_147' title='bbox 162 1328 190 1379; x_wconf 89' lang='lat' dir='ltr'><strong>et</strong></span> <span class='ocrx_word' id='word_1_148' title='bbox 214 1321 331 1379; x_wconf 88' lang='lat' dir='ltr'><strong>irritum</strong></span> <span class='ocrx_word' id='word_1_149' title='bbox 359 1324 422 1380; x_wconf 86' lang='lat' dir='ltr'><strong>lieri</strong></span> <span class='ocrx_word' id='word_1_150' title='bbox 451 1342 550 1395; x_wconf 89' lang='lat' dir='ltr'><strong>usum,</strong></span> <span class='ocrx_word' id='word_1_151' title='bbox 575 1326 622 1383; x_wconf 90' lang='lat' dir='ltr'><strong>cui</strong></span> <span class='ocrx_word' id='word_1_152' title='bbox 645 1327 873 1384; x_wconf 89' lang='lat' dir='ltr'><strong>uecauctoritas</strong></span> <span class='ocrx_word' id='word_1_153' title='bbox 929 1325 1386 1392; x_wconf 67' lang='lat' dir='ltr'><strong>liliumethaeredemabaeredem</strong></span> <span class='ocrx_word' id='word_1_154' title='bbox 1405 1326 1522 1385; x_wconf 89' lang='lat' dir='ltr'><strong>cuidem</strong></span> <span class='ocrx_word' id='word_1_155' title='bbox 1541 1326 1602 1396; x_wconf 87' lang='lat' dir='ltr'><strong>Dei,</strong></span> <span class='ocrx_word' id='word_1_156' title='bbox 1623 1329 1753 1387; x_wconf 81' lang='lat' dir='ltr'><strong>cohaere·</strong></span> 
     </span>
     <span class='ocr_line' id='line_1_14' title="bbox 52 1410 1751 1487; baseline 0.005 -20"><span class='ocrx_word' id='word_1_157' title='bbox 52 1410 147 1478; x_wconf 86' lang='lat' dir='ltr'><strong>adest,</strong></span> <span class='ocrx_word' id='word_1_158' title='bbox 162 1427 216 1469; x_wconf 90' lang='lat' dir='ltr'><strong>nec</strong></span> <span class='ocrx_word' id='word_1_159' title='bbox 230 1413 305 1469; x_wconf 92' lang='lat' dir='ltr'><strong>ratio</strong></span> <span class='ocrx_word' id='word_1_160' title='bbox 319 1414 507 1487; x_wconf 82' lang='lat' dir='ltr'><strong>suffragatur.</strong></span> <span class='ocrx_word' id='word_1_161' title='bbox 522 1414 562 1471; x_wconf 87' lang='lat' dir='ltr'><strong>De</strong></span> <span class='ocrx_word' id='word_1_162' title='bbox 577 1414 632 1472; x_wconf 92' lang='lat' dir='ltr'><strong>hcc</strong></span> <span class='ocrx_word' id='word_1_163' title='bbox 642 1415 827 1487; x_wconf 75' lang='lat' dir='ltr'><strong>Augustinus</strong></span> <span class='ocrx_word' id='word_1_164' title='bbox 842 1415 871 1471; x_wconf 92' lang='lat' dir='ltr'><strong>in</strong></span> <span class='ocrx_word' id='word_1_165' title='bbox 930 1418 996 1474; x_wconf 93' lang='lat' dir='ltr'><strong>dem</strong></span> <span class='ocrx_word' id='word_1_166' title='bbox 1012 1422 1110 1472; x_wconf 84' lang='lat' dir='ltr'><strong>eutem</strong></span> <span class='ocrx_word' id='word_1_167' title='bbox 1124 1416 1193 1471; x_wconf 84' lang='lat' dir='ltr'><strong>lesu</strong></span> <span class='ocrx_word' id='word_1_168' title='bbox 1209 1414 1328 1473; x_wconf 88' lang='lat' dir='ltr'><strong>Christi.</strong></span> <span class='ocrx_word' id='word_1_169' title='bbox 1345 1416 1402 1471; x_wconf 92' lang='lat' dir='ltr'><strong>ttoc</strong></span> <span class='ocrx_word' id='word_1_170' title='bbox 1414 1415 1517 1472; x_wconf 90' lang='lat' dir='ltr'><strong>timore</strong></span> <span class='ocrx_word' id='word_1_171' title='bbox 1527 1417 1751 1486; x_wconf 77' lang='lat' dir='ltr'><strong>timere,iratres</strong></span> 
     </span>
     <span class='ocr_line' id='line_1_15' title="bbox 52 1500 1750 1578; baseline 0.006 -23"><span class='ocrx_word' id='word_1_172' title='bbox 52 1505 156 1570; x_wconf 86' lang='lat' dir='ltr'><strong>quarto</strong></span> <span class='ocrx_word' id='word_1_173' title='bbox 171 1500 245 1559; x_wconf 92' lang='lat' dir='ltr'><strong>libro</strong></span> <span class='ocrx_word' id='word_1_174' title='bbox 258 1502 299 1559; x_wconf 86' lang='lat' dir='ltr'><strong>De</strong></span> <span class='ocrx_word' id='word_1_175' title='bbox 314 1503 460 1576; x_wconf 90' lang='lat' dir='ltr'><strong>baptismo</strong></span> <span class='ocrx_word' id='word_1_176' title='bbox 484 1503 526 1561; x_wconf 91' lang='lat' dir='ltr'><strong>sia</strong></span> <span class='ocrx_word' id='word_1_177' title='bbox 547 1504 589 1560; x_wconf 89' lang='lat' dir='ltr'><strong>eit</strong></span> <span class='ocrx_word' id='word_1_178' title='bbox 606 1505 645 1578; x_wconf 84' lang='grc'><strong>(6)</strong></span> <span class='ocrx_word' id='word_1_179' title='bbox 673 1520 681 1562; x_wconf 85' lang='lat'>:</span> <span class='ocrx_word' id='word_1_180' title='bbox 709 1525 722 1558; x_wconf 79' lang='lat' dir='ltr'><strong>a</strong></span> <span class='ocrx_word' id='word_1_181' title='bbox 752 1505 872 1563; x_wconf 76' lang='lat' dir='ltr'><strong>Frustra</strong></span> <span class='ocrx_word' id='word_1_182' title='bbox 930 1509 1120 1573; x_wconf 87' lang='lat' dir='ltr'><strong>mementote,</strong></span> <span class='ocrx_word' id='word_1_183' title='bbox 1135 1506 1185 1578; x_wconf 90' lang='lat' dir='ltr'><strong>qui</strong></span> <span class='ocrx_word' id='word_1_184' title='bbox 1201 1507 1271 1561; x_wconf 88' lang='lat' dir='ltr'><strong>dum</strong></span> <span class='ocrx_word' id='word_1_185' title='bbox 1289 1503 1386 1562; x_wconf 80' lang='lat' dir='ltr'><strong>tacitis</strong></span> <span class='ocrx_word' id='word_1_186' title='bbox 1402 1506 1544 1561; x_wconf 80' lang='lat' dir='ltr'><strong>forensem</strong></span> <span class='ocrx_word' id='word_1_187' title='bbox 1567 1506 1603 1562; x_wconf 89' lang='lat' dir='ltr'><strong>de</strong></span> <span class='ocrx_word' id='word_1_188' title='bbox 1622 1506 1750 1565; x_wconf 78' lang='lat' dir='ltr'><strong>Ecclesia</strong></span> 
     </span>
     <span class='ocr_line' id='line_1_16' title="bbox 1 1590 1754 1668; baseline 0.002 -21"><span class='ocrx_word' id='word_1_189' title='bbox 1 1659 3 1663; x_wconf 23' lang='grc' dir='ltr'>Ι</span> <span class='ocrx_word' id='word_1_190' title='bbox 52 1590 185 1664; x_wconf 87' lang='lat' dir='ltr'><strong>quidam,</strong></span> <span class='ocrx_word' id='word_1_191' title='bbox 214 1594 264 1665; x_wconf 86' lang='lat' dir='ltr'><strong>qai</strong></span> <span class='ocrx_word' id='word_1_192' title='bbox 291 1594 404 1651; x_wconf 87' lang='lat' dir='ltr'><strong>ratione</strong></span> <span class='ocrx_word' id='word_1_193' title='bbox 428 1595 596 1663; x_wconf 79' lang='lat' dir='ltr'><strong>vincuntur,</strong></span> <span class='ocrx_word' id='word_1_194' title='bbox 626 1596 870 1653; x_wconf 85' lang='lat' dir='ltr'><strong>cousuetudinem</strong></span> <span class='ocrx_word' id='word_1_195' title='bbox 929 1595 1157 1666; x_wconf 83' lang='lat' dir='ltr'><strong>possessionem,</strong></span> <span class='ocrx_word' id='word_1_196' title='bbox 1173 1593 1303 1650; x_wconf 89' lang='lat' dir='ltr'><strong>debitum</strong></span> <span class='ocrx_word' id='word_1_197' title='bbox 1320 1596 1356 1651; x_wconf 91' lang='lat' dir='ltr'><strong>de</strong></span> <span class='ocrx_word' id='word_1_198' title='bbox 1370 1593 1466 1668; x_wconf 88' lang='lat' dir='ltr'><strong>gratia</strong></span> <span class='ocrx_word' id='word_1_199' title='bbox 1479 1595 1648 1652; x_wconf 88' lang='lat' dir='ltr'><strong>construitis</strong></span> <span class='ocrx_word' id='word_1_200' title='bbox 1663 1596 1754 1652; x_wconf 76' lang='lat' dir='ltr'><strong>adiu·</strong></span> 
     </span>
     <span class='ocr_line' id='line_1_17' title="bbox 51 1680 1739 1763; baseline 0.003 -26"><span class='ocrx_word' id='word_1_201' title='bbox 51 1680 137 1737; x_wconf 90' lang='lat' dir='ltr'><strong>nohis</strong></span> <span class='ocrx_word' id='word_1_202' title='bbox 150 1681 304 1753; x_wconf 81' lang='lat' dir='ltr'><strong>objiciunt,</strong></span> <span class='ocrx_word' id='word_1_203' title='bbox 320 1683 405 1757; x_wconf 87' lang='lat' dir='ltr'><strong>quasi</strong></span> <span class='ocrx_word' id='word_1_204' title='bbox 420 1684 601 1742; x_wconf 88' lang='lat' dir='ltr'><strong>consuetudo</strong></span> <span class='ocrx_word' id='word_1_205' title='bbox 621 1686 717 1759; x_wconf 81' lang='lat' dir='ltr'><strong>major</strong></span> <span class='ocrx_word' id='word_1_206' title='bbox 738 1685 778 1743; x_wconf 89' lang='lat' dir='ltr'><strong>sit</strong></span> <span class='ocrx_word' id='word_1_207' title='bbox 800 1687 910 1763; x_wconf 75' lang='lat' dir='ltr'><strong>veri-B</strong></span> <span class='ocrx_word' id='word_1_208' title='bbox 926 1686 1017 1751; x_wconf 86' lang='lat' dir='ltr'><strong>cium,</strong></span> <span class='ocrx_word' id='word_1_209' title='bbox 1034 1684 1080 1741; x_wconf 92' lang='lat' dir='ltr'><strong>cui</strong></span> <span class='ocrx_word' id='word_1_210' title='bbox 1097 1682 1212 1740; x_wconf 92' lang='lat' dir='ltr'><strong>nullurn</strong></span> <span class='ocrx_word' id='word_1_211' title='bbox 1234 1685 1423 1757; x_wconf 90' lang='lat' dir='ltr'><strong>suppositum</strong></span> <span class='ocrx_word' id='word_1_212' title='bbox 1450 1690 1495 1742; x_wconf 89' lang='lat' dir='ltr'><strong>cst</strong></span> <span class='ocrx_word' id='word_1_213' title='bbox 1511 1685 1739 1742; x_wconf 80' lang='lat' dir='ltr'><strong>trandemeutum</strong></span> 
     </span>
     <span class='ocr_line' id='line_1_18' title="bbox 51 1771 1750 1850; baseline 0.004 -24"><span class='ocrx_word' id='word_1_214' title='bbox 51 1772 121 1836; x_wconf 81' lang='lat' dir='ltr'><strong>tete,</strong></span> <span class='ocrx_word' id='word_1_215' title='bbox 137 1775 258 1828; x_wconf 89' lang='lat' dir='ltr'><strong>autnon</strong></span> <span class='ocrx_word' id='word_1_216' title='bbox 273 1773 313 1829; x_wconf 87' lang='lat' dir='ltr'><strong>sit</strong></span> <span class='ocrx_word' id='word_1_217' title='bbox 326 1772 356 1829; x_wconf 90' lang='lat' dir='ltr'><strong>in</strong></span> <span class='ocrx_word' id='word_1_218' title='bbox 373 1773 576 1846; x_wconf 76' lang='lat' dir='ltr'><strong>spiritualibus</strong></span> <span class='ocrx_word' id='word_1_219' title='bbox 591 1775 869 1850; x_wconf 78' lang='lat' dir='ltr'><strong>sequendumqnod</strong></span> <span class='ocrx_word' id='word_1_220' title='bbox 925 1778 1018 1845; x_wconf 85' lang='lat' dir='ltr'><strong>Super</strong></span> <span class='ocrx_word' id='word_1_221' title='bbox 1032 1788 1162 1840; x_wconf 88' lang='lat' dir='ltr'><strong>arenam,</strong></span> <span class='ocrx_word' id='word_1_222' title='bbox 1178 1773 1282 1828; x_wconf 84' lang='lat' dir='ltr'><strong>iratres</strong></span> <span class='ocrx_word' id='word_1_223' title='bbox 1304 1771 1471 1829; x_wconf 77' lang='lat' dir='ltr'><strong>charissimi</strong></span> <span class='ocrx_word' id='word_1_224' title='bbox 1494 1775 1558 1846; x_wconf 81' lang='grc'><strong>(10),</strong></span> <span class='ocrx_word' id='word_1_225' title='bbox 1590 1774 1750 1849; x_wconf 42' lang='lat' dir='ltr'><strong>edificatis·</strong></span> 
     </span>
     <span class='ocr_line' id='line_1_19' title="bbox 53 1857 1750 1935; baseline 0.004 -21"><span class='ocrx_word' id='word_1_226' title='bbox 53 1857 433 1935; x_wconf 79' lang='lat' dir='ltr'><strong>inmeliusluitaspiritu</strong></span> <span class='ocrx_word' id='word_1_227' title='bbox 458 1868 561 1921; x_wconf 88' lang='lat' dir='ltr'><strong>sancto</strong></span> <span class='ocrx_word' id='word_1_228' title='bbox 578 1864 747 1922; x_wconf 79' lang='lat' dir='ltr'><strong>revelatum.</strong></span> <span class='ocrx_word' id='word_1_229' title='bbox 764 1887 779 1917; x_wconf 81' lang='lat' dir='ltr'><strong>a</strong></span> <span class='ocrx_word' id='word_1_230' title='bbox 792 1868 871 1924; x_wconf 85' lang='lat' dir='ltr'><strong>idem</strong></span> <span class='ocrx_word' id='word_1_231' title='bbox 926 1861 1300 1920; x_wconf 79' lang='lat' dir='ltr'><strong>Vestrumhccasdidcium</strong></span> <span class='ocrx_word' id='word_1_232' title='bbox 1331 1860 1469 1918; x_wconf 81' lang='lat' dir='ltr'><strong>Veritatis</strong></span> <span class='ocrx_word' id='word_1_233' title='bbox 1498 1864 1669 1921; x_wconf 89' lang='lat' dir='ltr'><strong>testimonio</strong></span> <span class='ocrx_word' id='word_1_234' title='bbox 1687 1865 1750 1921; x_wconf 90' lang='lat' dir='ltr'><strong>rui·</strong></span> 
     </span>
     <span class='ocr_line' id='line_1_20' title="bbox 51 1947 1747 2029; baseline 0.004 -25"><span class='ocrx_word' id='word_1_235' title='bbox 51 1947 82 2005; x_wconf 88' lang='lat' dir='ltr'><strong>lu</strong></span> <span class='ocrx_word' id='word_1_236' title='bbox 110 1953 213 2019; x_wconf 87' lang='lat' dir='ltr'><strong>quarto</strong></span> <span class='ocrx_word' id='word_1_237' title='bbox 240 1950 316 2006; x_wconf 92' lang='lat' dir='ltr'><strong>libro</strong></span> <span class='ocrx_word' id='word_1_238' title='bbox 343 1953 421 2009; x_wconf 72' lang='lat'><strong>18⁰</strong></span> <span class='ocrx_word' id='word_1_239' title='bbox 450 1954 487 2010; x_wconf 88' lang='lat' dir='ltr'><strong>De</strong></span> <span class='ocrx_word' id='word_1_240' title='bbox 516 1954 602 2011; x_wconf 92' lang='lat' dir='ltr'><strong>unico</strong></span> <span class='ocrx_word' id='word_1_241' title='bbox 628 1955 773 2027; x_wconf 88' lang='lat' dir='ltr'><strong>baptismo</strong></span> <span class='ocrx_word' id='word_1_242' title='bbox 805 1958 871 2029; x_wconf 73' lang='grc' dir='ltr'><strong>(ηε</strong></span> <span class='ocrx_word' id='word_1_243' title='bbox 926 1969 994 2010; x_wconf 85' lang='lat' dir='ltr'><strong>nam</strong></span> <span class='ocrx_word' id='word_1_244' title='bbox 1023 1951 1187 2025; x_wconf 88' lang='lat' dir='ltr'><strong>pollicetur.</strong></span> <span class='ocrx_word' id='word_1_245' title='bbox 1215 1951 1394 2008; x_wconf 75' lang='lat' dir='ltr'><strong>‘testimonio</strong></span> <span class='ocrx_word' id='word_1_246' title='bbox 1419 1952 1560 2008; x_wconf 85' lang='lat' dir='ltr'><strong>Veritatis</strong></span> <span class='ocrx_word' id='word_1_247' title='bbox 1583 1951 1747 2025; x_wconf 79' lang='lat' dir='ltr'><strong>plusiade-</strong></span> 
     </span>
     <span class='ocr_line' id='line_1_21' title="bbox 53 2037 1750 2110; baseline 0.004 -18"><span class='ocrx_word' id='word_1_248' title='bbox 53 2060 67 2090; x_wconf 73' lang='grc' dir='ltr'><strong>ιι</strong></span> <span class='ocrx_word' id='word_1_249' title='bbox 83 2037 213 2096; x_wconf 87' lang='lat' dir='ltr'><strong>Veritate</strong></span> <span class='ocrx_word' id='word_1_250' title='bbox 237 2040 436 2108; x_wconf 75' lang='lat' dir='ltr'><strong>manifestata,</strong></span> <span class='ocrx_word' id='word_1_251' title='bbox 452 2042 537 2099; x_wconf 85' lang='lat' dir='ltr'><strong>cedat</strong></span> <span class='ocrx_word' id='word_1_252' title='bbox 551 2044 731 2101; x_wconf 85' lang='lat' dir='ltr'><strong>cousuetudo</strong></span> <span class='ocrx_word' id='word_1_253' title='bbox 747 2048 871 2104; x_wconf 87' lang='lat' dir='ltr'><strong>veritati.</strong></span> <span class='ocrx_word' id='word_1_254' title='bbox 926 2045 1058 2109; x_wconf 85' lang='lat' dir='ltr'><strong>scendet,</strong></span> <span class='ocrx_word' id='word_1_255' title='bbox 1071 2040 1188 2098; x_wconf 88' lang='lat' dir='ltr'><strong>venient</strong></span> <span class='ocrx_word' id='word_1_256' title='bbox 1207 2039 1340 2107; x_wconf 82' lang='lat' dir='ltr'><strong>humina,</strong></span> <span class='ocrx_word' id='word_1_257' title='bbox 1357 2039 1473 2097; x_wconf 88' lang='lat' dir='ltr'><strong>ilsbunt</strong></span> <span class='ocrx_word' id='word_1_258' title='bbox 1485 2041 1576 2110; x_wconf 88' lang='lat' dir='ltr'><strong>venti,</strong></span> <span class='ocrx_word' id='word_1_259' title='bbox 1592 2047 1621 2099; x_wconf 91' lang='lat' dir='ltr'><strong>et</strong></span> <span class='ocrx_word' id='word_1_260' title='bbox 1635 2043 1750 2099; x_wconf 88' lang='lat' dir='ltr'><strong>irruent</strong></span> 
     </span>
     <span class='ocr_line' id='line_1_22' title="bbox 53 2129 1749 2206; baseline 0.003 -22"><span class='ocrx_word' id='word_1_261' title='bbox 53 2129 141 2187; x_wconf 88' lang='lat' dir='ltr'><strong>Plane</strong></span> <span class='ocrx_word' id='word_1_262' title='bbox 156 2130 225 2204; x_wconf 89' lang='lat' dir='ltr'><strong>quis</strong></span> <span class='ocrx_word' id='word_1_263' title='bbox 240 2131 354 2188; x_wconf 85' lang='lat' dir='ltr'><strong>dubitet</strong></span> <span class='ocrx_word' id='word_1_264' title='bbox 376 2134 492 2191; x_wconf 86' lang='lat' dir='ltr'><strong>veritati</strong></span> <span class='ocrx_word' id='word_1_265' title='bbox 507 2134 668 2192; x_wconf 76' lang='lat' dir='ltr'><strong>manifestae</strong></span> <span class='ocrx_word' id='word_1_266' title='bbox 683 2137 875 2195; x_wconf 86' lang='lat' dir='ltr'><strong>consuetudi·</strong></span> <span class='ocrx_word' id='word_1_267' title='bbox 927 2134 957 2189; x_wconf 90' lang='lat' dir='ltr'><strong>in</strong></span> <span class='ocrx_word' id='word_1_268' title='bbox 977 2131 1146 2197; x_wconf 82' lang='lat' dir='ltr'><strong>aedillcium,</strong></span> <span class='ocrx_word' id='word_1_269' title='bbox 1168 2135 1197 2187; x_wconf 89' lang='lat' dir='ltr'><strong>et</strong></span> <span class='ocrx_word' id='word_1_270' title='bbox 1223 2131 1317 2199; x_wconf 86' lang='lat' dir='ltr'><strong>audet,</strong></span> <span class='ocrx_word' id='word_1_271' title='bbox 1348 2135 1377 2187; x_wconf 92' lang='lat' dir='ltr'><strong>et</strong></span> <span class='ocrx_word' id='word_1_272' title='bbox 1400 2131 1455 2187; x_wconf 84' lang='lat' dir='ltr'><strong>erit</strong></span> <span class='ocrx_word' id='word_1_273' title='bbox 1465 2132 1551 2187; x_wconf 79' lang='lat' dir='ltr'><strong>ruina</strong></span> <span class='ocrx_word' id='word_1_274' title='bbox 1565 2133 1629 2204; x_wconf 78' lang='lat' dir='ltr'><strong>ejus</strong></span> <span class='ocrx_word' id='word_1_275' title='bbox 1641 2149 1749 2206; x_wconf 86' lang='lat' dir='ltr'><strong>magna</strong></span> 
     </span>
     <span class='ocr_line' id='line_1_23' title="bbox 51 2218 1746 2299; baseline 0.001 -23"><span class='ocrx_word' id='word_1_276' title='bbox 51 2234 119 2276; x_wconf 88' lang='lat' dir='ltr'><strong>uem</strong></span> <span class='ocrx_word' id='word_1_277' title='bbox 135 2220 238 2277; x_wconf 86' lang='lat' dir='ltr'><strong>cedere</strong></span> <span class='ocrx_word' id='word_1_278' title='bbox 261 2222 275 2277; x_wconf 75' lang='lat' dir='ltr'><strong>t</strong></span> <span class='ocrx_word' id='word_1_279' title='bbox 300 2243 315 2272; x_wconf 77' lang='lat' dir='ltr'><strong>a</strong></span> <span class='ocrx_word' id='word_1_280' title='bbox 334 2224 412 2280; x_wconf 84' lang='lat' dir='ltr'><strong>idem</strong></span> <span class='ocrx_word' id='word_1_281' title='bbox 429 2226 458 2280; x_wconf 90' lang='lat' dir='ltr'><strong>in</strong></span> <span class='ocrx_word' id='word_1_282' title='bbox 475 2223 550 2281; x_wconf 88' lang='lat' dir='ltr'><strong>libro</strong></span> <span class='ocrx_word' id='word_1_283' title='bbox 562 2224 603 2282; x_wconf 87' lang='lat' dir='ltr'><strong>De</strong></span> <span class='ocrx_word' id='word_1_284' title='bbox 618 2225 767 2299; x_wconf 89' lang='lat' dir='ltr'><strong>baptismo</strong></span> <span class='ocrx_word' id='word_1_285' title='bbox 783 2243 791 2283; x_wconf 74' lang='grc' dir='ltr'><strong><em>ε</em></strong></span> <span class='ocrx_word' id='word_1_286' title='bbox 809 2248 823 2279; x_wconf 82' lang='lat' dir='ltr'><strong>a</strong></span> <span class='ocrx_word' id='word_1_287' title='bbox 840 2229 872 2284; x_wconf 89' lang='lat' dir='ltr'><strong>ln</strong></span> <span class='ocrx_word' id='word_1_288' title='bbox 927 2220 1130 2295; x_wconf 82' lang='lat' dir='ltr'><strong>(taa.v1,t9).</strong></span> <span class='ocrx_word' id='word_1_289' title='bbox 1148 2218 1252 2290; x_wconf 87' lang='lat' dir='ltr'><strong>Nolite,</strong></span> <span class='ocrx_word' id='word_1_290' title='bbox 1269 2220 1333 2287; x_wconf 82' lang='lat' dir='ltr'><strong>dlii,</strong></span> <span class='ocrx_word' id='word_1_291' title='bbox 1349 2218 1439 2276; x_wconf 89' lang='lat' dir='ltr'><strong>nolite</strong></span> <span class='ocrx_word' id='word_1_292' title='bbox 1453 2237 1560 2292; x_wconf 92' lang='lat' dir='ltr'><strong>ponere</strong></span> <span class='ocrx_word' id='word_1_293' title='bbox 1571 2228 1681 2293; x_wconf 90' lang='lat' dir='ltr'><strong>partem</strong></span> <span class='ocrx_word' id='word_1_294' title='bbox 1697 2238 1746 2278; x_wconf 84' lang='lat' dir='ltr'><strong>ve·</strong></span> 
     </span>
     <span class='ocr_line' id='line_1_24' title="bbox 51 2308 1745 2388; baseline 0.001 -23"><span class='ocrx_word' id='word_1_295' title='bbox 51 2308 872 2388; x_wconf 58' lang='lat' dir='ltr'><strong>Evangeliottominusfflpasam,inquitateritaslloaa.</strong></span> <span class='ocrx_word' id='word_1_296' title='bbox 928 2318 1020 2370; x_wconf 84' lang='lat' dir='ltr'><strong>stram</strong></span> <span class='ocrx_word' id='word_1_297' title='bbox 1051 2326 1119 2368; x_wconf 89' lang='lat' dir='ltr'><strong>cum</strong></span> <span class='ocrx_word' id='word_1_298' title='bbox 1153 2309 1271 2382; x_wconf 83' lang='lat' dir='ltr'><strong>eisqui</strong></span> <span class='ocrx_word' id='word_1_299' title='bbox 1298 2309 1458 2365; x_wconf 85' lang='lat' dir='ltr'><strong>dixerunt:</strong></span> <span class='ocrx_word' id='word_1_300' title='bbox 1476 2309 1640 2367; x_wconf 65' lang='lat' dir='ltr'><strong>umectus</strong></span> <span class='ocrx_word' id='word_1_301' title='bbox 1658 2313 1745 2383; x_wconf 82' lang='lat' dir='ltr'><strong>possi·</strong></span> 
     </span>
     <span class='ocr_line' id='line_1_25' title="bbox 53 2399 1746 2472; baseline 0 -15"><span class='ocrx_word' id='word_1_302' title='bbox 53 2414 112 2469; x_wconf 83' lang='lat' dir='ltr'><strong>xxv,</strong></span> <span class='ocrx_word' id='word_1_303' title='bbox 127 2400 166 2472; x_wconf 84' lang='lat' dir='ltr'><strong>d).</strong></span> <span class='ocrx_word' id='word_1_304' title='bbox 183 2400 246 2458; x_wconf 85' lang='lat' dir='ltr'><strong>lion</strong></span> <span class='ocrx_word' id='word_1_305' title='bbox 263 2401 332 2458; x_wconf 82' lang='lat' dir='ltr'><strong>dixit</strong></span> <span class='ocrx_word' id='word_1_306' title='bbox 349 2420 356 2459; x_wconf 92' lang='lat'>:</span> <span class='ocrx_word' id='word_1_307' title='bbox 372 2403 431 2471; x_wconf 76' lang='lat' dir='ltr'><strong>Epo</strong></span> <span class='ocrx_word' id='word_1_308' title='bbox 446 2420 511 2460; x_wconf 88' lang='lat' dir='ltr'><strong>sum</strong></span> <span class='ocrx_word' id='word_1_309' title='bbox 535 2405 727 2465; x_wconf 88' lang='lat' dir='ltr'><strong>consuetudo.</strong></span> <span class='ocrx_word' id='word_1_310' title='bbox 752 2407 874 2464; x_wconf 79' lang='lat' dir='ltr'><strong>Revela·</strong></span> <span class='ocrx_word' id='word_1_311' title='bbox 927 2403 1040 2460; x_wconf 59' lang='lat' dir='ltr'><strong>&amp;ararat</strong></span> <span class='ocrx_word' id='word_1_312' title='bbox 1063 2402 1254 2458; x_wconf 81' lang='lat' dir='ltr'><strong>sanctuarium</strong></span> <span class='ocrx_word' id='word_1_313' title='bbox 1280 2401 1332 2456; x_wconf 81' lang='lat' dir='ltr'><strong>Dei</strong></span> <span class='ocrx_word' id='word_1_314' title='bbox 1354 2399 1441 2470; x_wconf 77' lang='lat' dir='ltr'><strong>(Psoi.</strong></span> <span class='ocrx_word' id='word_1_315' title='bbox 1464 2415 1568 2466; x_wconf 84' lang='lat' dir='ltr'><strong>axxxtt,</strong></span> <span class='ocrx_word' id='word_1_316' title='bbox 1592 2400 1646 2471; x_wconf 74' lang='lat'><strong>13).</strong></span> <span class='ocrx_word' id='word_1_317' title='bbox 1668 2401 1746 2457; x_wconf 84' lang='lat' dir='ltr'><strong>Deua</strong></span> 
     </span>
     <span class='ocr_line' id='line_1_26' title="bbox 51 2487 1746 2569; baseline 0.002 -25"><span class='ocrx_word' id='word_1_318' title='bbox 51 2487 131 2544; x_wconf 92' lang='lat' dir='ltr'><strong>tione</strong></span> <span class='ocrx_word' id='word_1_319' title='bbox 142 2489 232 2562; x_wconf 84' lang='lat' dir='ltr'><strong>igitur</strong></span> <span class='ocrx_word' id='word_1_320' title='bbox 243 2491 319 2547; x_wconf 88' lang='lat' dir='ltr'><strong>lacta</strong></span> <span class='ocrx_word' id='word_1_321' title='bbox 329 2493 557 2562; x_wconf 80' lang='lat' dir='ltr'><strong>veritatis‚cedet</strong></span> <span class='ocrx_word' id='word_1_322' title='bbox 570 2509 652 2551; x_wconf 90' lang='lat' dir='ltr'><strong>error</strong></span> <span class='ocrx_word' id='word_1_323' title='bbox 665 2496 792 2564; x_wconf 85' lang='lat' dir='ltr'><strong>veritati,</strong></span> <span class='ocrx_word' id='word_1_324' title='bbox 804 2497 874 2569; x_wconf 78' lang='lat' dir='ltr'><strong>quia</strong></span> <span class='ocrx_word' id='word_1_325' title='bbox 928 2491 1075 2550; x_wconf 91' lang='lat' dir='ltr'><strong>ultionum</strong></span> <span class='ocrx_word' id='word_1_326' title='bbox 1092 2487 1581 2564; x_wconf 85' lang='lat' dir='ltr'><strong>persequetur.iltosiutempestate</strong></span> <span class='ocrx_word' id='word_1_327' title='bbox 1596 2507 1659 2554; x_wconf 91' lang='lat' dir='ltr'><strong>sua,</strong></span> <span class='ocrx_word' id='word_1_328' title='bbox 1675 2495 1705 2547; x_wconf 93' lang='lat' dir='ltr'><strong>et</strong></span> <span class='ocrx_word' id='word_1_329' title='bbox 1715 2490 1746 2548; x_wconf 92' lang='lat' dir='ltr'><strong>iu</strong></span> 
     </span>
     <span class='ocr_line' id='line_1_27' title="bbox 51 2579 1749 2652; baseline 0.002 -17"><span class='ocrx_word' id='word_1_330' title='bbox 51 2581 82 2635; x_wconf 85' lang='lat' dir='ltr'><strong>et</strong></span> <span class='ocrx_word' id='word_1_331' title='bbox 96 2580 200 2633; x_wconf 88' lang='lat' dir='ltr'><strong>Petrus</strong></span> <span class='ocrx_word' id='word_1_332' title='bbox 211 2580 262 2651; x_wconf 88' lang='lat' dir='ltr'><strong>qui</strong></span> <span class='ocrx_word' id='word_1_333' title='bbox 273 2579 513 2650; x_wconf 85' lang='lat' dir='ltr'><strong>circumcidebat,</strong></span> <span class='ocrx_word' id='word_1_334' title='bbox 523 2583 613 2639; x_wconf 85' lang='lat' dir='ltr'><strong>cessit</strong></span> <span class='ocrx_word' id='word_1_335' title='bbox 622 2582 711 2640; x_wconf 88' lang='lat' dir='ltr'><strong>Paulo</strong></span> <span class='ocrx_word' id='word_1_336' title='bbox 721 2584 873 2644; x_wconf 86' lang='lat' dir='ltr'><strong>veritatem</strong></span> <span class='ocrx_word' id='word_1_337' title='bbox 927 2582 972 2640; x_wconf 89' lang='lat' dir='ltr'><strong>ire</strong></span> <span class='ocrx_word' id='word_1_338' title='bbox 992 2597 1047 2637; x_wconf 90' lang='lat' dir='ltr'><strong>sua</strong></span> <span class='ocrx_word' id='word_1_339' title='bbox 1069 2580 1200 2638; x_wconf 90' lang='lat' dir='ltr'><strong>turbabit</strong></span> <span class='ocrx_word' id='word_1_340' title='bbox 1217 2595 1277 2637; x_wconf 88' lang='lat' dir='ltr'><strong>eos.</strong></span> <span class='ocrx_word' id='word_1_341' title='bbox 1301 2580 1339 2636; x_wconf 85' lang='lat' dir='ltr'><strong>De</strong></span> <span class='ocrx_word' id='word_1_342' title='bbox 1357 2584 1453 2636; x_wconf 88' lang='lat' dir='ltr'><strong>vestro</strong></span> <span class='ocrx_word' id='word_1_343' title='bbox 1468 2594 1594 2652; x_wconf 77' lang='lat' dir='ltr'><strong>quoque,</strong></span> <span class='ocrx_word' id='word_1_344' title='bbox 1611 2597 1749 2638; x_wconf 84' lang='lat' dir='ltr'><strong>reversu-</strong></span> 
     </span>
     <span class='ocr_line' id='line_1_28' title="bbox 53 2664 1750 2742; baseline 0.004 -20"><span class='ocrx_word' id='word_1_345' title='bbox 53 2664 233 2738; x_wconf 77' lang='lat' dir='ltr'><strong>proedicanti.</strong></span> <span class='ocrx_word' id='word_1_346' title='bbox 245 2688 260 2718; x_wconf 83' lang='lat' dir='ltr'><strong>a</strong></span> <span class='ocrx_word' id='word_1_347' title='bbox 927 2671 1050 2730; x_wconf 90' lang='lat' dir='ltr'><strong>dissime</strong></span> <span class='ocrx_word' id='word_1_348' title='bbox 1065 2669 1180 2742; x_wconf 80' lang='lat' dir='ltr'><strong>praesul,</strong></span> <span class='ocrx_word' id='word_1_349' title='bbox 1190 2670 1341 2736; x_wconf 83' lang='lat' dir='ltr'><strong>deveatra,</strong></span> <span class='ocrx_word' id='word_1_350' title='bbox 1353 2669 1486 2742; x_wconf 86' lang='lat' dir='ltr'><strong>inquam,</strong></span> <span class='ocrx_word' id='word_1_351' title='bbox 1495 2669 1593 2742; x_wconf 88' lang='lat' dir='ltr'><strong>agitur</strong></span> <span class='ocrx_word' id='word_1_352' title='bbox 1606 2668 1750 2742; x_wconf 82' lang='lat' dir='ltr'><strong>periculo,</strong></span> 
     </span>
    </p>

    <p class='ocr_par' dir='ltr' id='par_1_3' title="bbox 44 2754 1749 4710">
     <span class='ocr_line' id='line_1_29' title="bbox 86 2754 1749 2836; baseline 0.004 -25"><span class='ocrx_word' id='word_1_353' title='bbox 86 2754 188 2828; x_wconf 88' lang='lat' dir='ltr'><strong>igitur,</strong></span> <span class='ocrx_word' id='word_1_354' title='bbox 201 2772 267 2813; x_wconf 88' lang='lat' dir='ltr'><strong>cum</strong></span> <span class='ocrx_word' id='word_1_355' title='bbox 279 2756 532 2816; x_wconf 87' lang='lat' dir='ltr'><strong>Gbrlstusverilas</strong></span> <span class='ocrx_word' id='word_1_356' title='bbox 547 2760 696 2835; x_wconf 83' lang='lat' dir='ltr'><strong>ait,msgis</strong></span> <span class='ocrx_word' id='word_1_357' title='bbox 711 2763 872 2836; x_wconf 79' lang='lat' dir='ltr'><strong>ueritatem,</strong></span> <span class='ocrx_word' id='word_1_358' title='bbox 928 2761 984 2819; x_wconf 90' lang='lat' dir='ltr'><strong>nisi</strong></span> <span class='ocrx_word' id='word_1_359' title='bbox 999 2759 1168 2833; x_wconf 84' lang='lat' dir='ltr'><strong>explantare</strong></span> <span class='ocrx_word' id='word_1_360' title='bbox 1191 2759 1326 2833; x_wconf 79' lang='lat' dir='ltr'><strong>satagitis</strong></span> <span class='ocrx_word' id='word_1_361' title='bbox 1350 2756 1560 2831; x_wconf 87' lang='lat' dir='ltr'><strong>plantationem</strong></span> <span class='ocrx_word' id='word_1_362' title='bbox 1586 2776 1674 2832; x_wconf 88' lang='lat' dir='ltr'><strong>quam</strong></span> <span class='ocrx_word' id='word_1_363' title='bbox 1690 2778 1749 2818; x_wconf 90' lang='lat' dir='ltr'><strong>non</strong></span> 
     </span>
     <span class='ocr_line' id='line_1_30' title="bbox 51 2845 1746 2926; baseline 0.004 -25"><span class='ocrx_word' id='word_1_364' title='bbox 51 2846 398 2918; x_wconf 84' lang='lat' dir='ltr'><strong>qoamconsuetudiuem</strong></span> <span class='ocrx_word' id='word_1_365' title='bbox 415 2851 497 2922; x_wconf 86' lang='lat' dir='ltr'><strong>sequi</strong></span> <span class='ocrx_word' id='word_1_366' title='bbox 514 2850 873 2925; x_wconf 71' lang='lat' dir='ltr'><strong>debemusquiaconsua·</strong></span> <span class='ocrx_word' id='word_1_367' title='bbox 925 2849 1070 2926; x_wconf 86' lang='lat' dir='ltr'><strong>plantavit</strong></span> <span class='ocrx_word' id='word_1_368' title='bbox 1090 2853 1173 2906; x_wconf 74' lang='lat' dir='ltr'><strong>Pater</strong></span> <span class='ocrx_word' id='word_1_369' title='bbox 1197 2854 1296 2905; x_wconf 89' lang='lat' dir='ltr'><strong>noster</strong></span> <span class='ocrx_word' id='word_1_370' title='bbox 1324 2845 1452 2905; x_wconf 75' lang='lat' dir='ltr'><strong>caelestis</strong></span> <span class='ocrx_word' id='word_1_371' title='bbox 1479 2848 1583 2918; x_wconf 80' lang='lat' dir='ltr'><strong>(liciti.</strong></span> <span class='ocrx_word' id='word_1_372' title='bbox 1615 2849 1670 2921; x_wconf 77' lang='lat' dir='ltr'><strong>xv),</strong></span> <span class='ocrx_word' id='word_1_373' title='bbox 1693 2866 1746 2908; x_wconf 89' lang='lat' dir='ltr'><strong>nec</strong></span> 
     </span>
     <span class='ocr_line' id='line_1_31' title="bbox 48 2934 1749 3012; baseline 0.002 -21"><span class='ocrx_word' id='word_1_374' title='bbox 48 2934 182 2991; x_wconf 82' lang='lat' dir='ltr'><strong>tudinem</strong></span> <span class='ocrx_word' id='word_1_375' title='bbox 193 2935 267 2991; x_wconf 90' lang='lat' dir='ltr'><strong>ratio</strong></span> <span class='ocrx_word' id='word_1_376' title='bbox 282 2940 311 2992; x_wconf 91' lang='lat' dir='ltr'><strong>et</strong></span> <span class='ocrx_word' id='word_1_377' title='bbox 324 2936 429 2994; x_wconf 89' lang='lat' dir='ltr'><strong>veritas</strong></span> <span class='ocrx_word' id='word_1_378' title='bbox 444 2954 560 3012; x_wconf 86' lang='lat' dir='ltr'><strong>semper</strong></span> <span class='ocrx_word' id='word_1_379' title='bbox 572 2938 755 2999; x_wconf 85' lang='lat' dir='ltr'><strong>excludit.De</strong></span> <span class='ocrx_word' id='word_1_380' title='bbox 769 2944 871 3002; x_wconf 88' lang='lat' dir='ltr'><strong>eodem</strong></span> <span class='ocrx_word' id='word_1_381' title='bbox 926 2947 1079 3011; x_wconf 87' lang='lat' dir='ltr'><strong>assumpta</strong></span> <span class='ocrx_word' id='word_1_382' title='bbox 1094 2941 1139 2994; x_wconf 90' lang='lat' dir='ltr'><strong>est</strong></span> <span class='ocrx_word' id='word_1_383' title='bbox 1153 2938 1189 2994; x_wconf 92' lang='lat' dir='ltr'><strong>de</strong></span> <span class='ocrx_word' id='word_1_384' title='bbox 1208 2936 1289 3008; x_wconf 83' lang='lat' dir='ltr'><strong>ligno</strong></span> <span class='ocrx_word' id='word_1_385' title='bbox 1309 2937 1394 3005; x_wconf 79' lang='lat' dir='ltr'><strong>cuius</strong></span> <span class='ocrx_word' id='word_1_386' title='bbox 1408 2937 1509 3007; x_wconf 73' lang='lat' dir='ltr'><strong>[otiam</strong></span> <span class='ocrx_word' id='word_1_387' title='bbox 1527 2951 1583 2993; x_wconf 84' lang='lat' dir='ltr'><strong>aaa</strong></span> <span class='ocrx_word' id='word_1_388' title='bbox 1598 2936 1707 3010; x_wconf 68' lang='lat' dir='ltr'><strong>defluet,</strong></span> <span class='ocrx_word' id='word_1_389' title='bbox 1721 2946 1749 2995; x_wconf 86' lang='lat' dir='ltr'><strong>st</strong></span> 
     </span>
     <span class='ocr_line' id='line_1_32' title="bbox 50 3022 1747 3103; baseline 0.005 -25"><span class='ocrx_word' id='word_1_390' title='bbox 50 3022 214 3096; x_wconf 80' lang='lat' dir='ltr'><strong>Cyprianus</strong></span> <span class='ocrx_word' id='word_1_391' title='bbox 230 3025 285 3098; x_wconf 77' lang='grc'><strong>18);</strong></span> <span class='ocrx_word' id='word_1_392' title='bbox 305 3049 315 3075; x_wconf 84' lang='grc' dir='ltr'>ι</span> <span class='ocrx_word' id='word_1_393' title='bbox 332 3026 473 3092; x_wconf 79' lang='lat' dir='ltr'><strong>Quaslibet</strong></span> <span class='ocrx_word' id='word_1_394' title='bbox 487 3031 670 3087; x_wconf 83' lang='lat' dir='ltr'><strong>consuetudo</strong></span> <span class='ocrx_word' id='word_1_395' title='bbox 684 3036 872 3102; x_wconf 82' lang='lat' dir='ltr'><strong>quantumvis</strong></span> <span class='ocrx_word' id='word_1_396' title='bbox 926 3032 1026 3087; x_wconf 83' lang='lat' dir='ltr'><strong>amata</strong></span> <span class='ocrx_word' id='word_1_397' title='bbox 1042 3043 1212 3103; x_wconf 73' lang='lat' dir='ltr'><strong>quaecunque</strong></span> <span class='ocrx_word' id='word_1_398' title='bbox 1225 3028 1306 3098; x_wconf 77' lang='lat' dir='ltr'><strong>saciat</strong></span> <span class='ocrx_word' id='word_1_399' title='bbox 1321 3026 1559 3098; x_wconf 80' lang='lat' dir='ltr'><strong>prosperabantur</strong></span> <span class='ocrx_word' id='word_1_400' title='bbox 1573 3028 1655 3099; x_wconf 82' lang='lat' dir='ltr'><strong>(Paci.</strong></span> <span class='ocrx_word' id='word_1_401' title='bbox 1673 3046 1692 3097; x_wconf 88' lang='lat' dir='ltr'><strong>t,</strong></span> <span class='ocrx_word' id='word_1_402' title='bbox 1709 3028 1747 3101; x_wconf 80' lang='grc'><strong>1).</strong></span> 
     </span>
     <span class='ocr_line' id='line_1_33' title="bbox 50 3115 1744 3190; baseline 0.003 -21"><span class='ocrx_word' id='word_1_403' title='bbox 50 3117 176 3182; x_wconf 83' lang='lat' dir='ltr'><strong>vetusta,</strong></span> <span class='ocrx_word' id='word_1_404' title='bbox 200 3117 390 3187; x_wconf 84' lang='lat' dir='ltr'><strong>quantumvis</strong></span> <span class='ocrx_word' id='word_1_405' title='bbox 418 3117 550 3190; x_wconf 84' lang='lat' dir='ltr'><strong>vulgata,</strong></span> <span class='ocrx_word' id='word_1_406' title='bbox 566 3118 678 3177; x_wconf 90' lang='lat' dir='ltr'><strong>veritati</strong></span> <span class='ocrx_word' id='word_1_407' title='bbox 691 3122 810 3180; x_wconf 83' lang='lat' dir='ltr'><strong>omnino</strong></span> <span class='ocrx_word' id='word_1_408' title='bbox 824 3129 870 3182; x_wconf 74' lang='lat' dir='ltr'><strong>est</strong></span> <span class='ocrx_word' id='word_1_409' title='bbox 923 3119 1146 3188; x_wconf 82' lang='lat' dir='ltr'><strong>Plantatiohssc,</strong></span> <span class='ocrx_word' id='word_1_410' title='bbox 1164 3115 1440 3190; x_wconf 86' lang='lat' dir='ltr'><strong>plantatiolethulis,</strong></span> <span class='ocrx_word' id='word_1_411' title='bbox 1458 3133 1575 3172; x_wconf 90' lang='lat' dir='ltr'><strong>uecsuo</strong></span> <span class='ocrx_word' id='word_1_412' title='bbox 1587 3117 1744 3188; x_wconf 86' lang='lat' dir='ltr'><strong>plantatori</strong></span> 
     </span>
     <span class='ocr_line' id='line_1_34' title="bbox 50 3204 1744 3283; baseline 0.004 -25"><span class='ocrx_word' id='word_1_413' title='bbox 50 3204 262 3276; x_wconf 86' lang='lat' dir='ltr'><strong>postponenda,</strong></span> <span class='ocrx_word' id='word_1_414' title='bbox 286 3210 315 3262; x_wconf 89' lang='lat' dir='ltr'><strong>et</strong></span> <span class='ocrx_word' id='word_1_415' title='bbox 344 3223 416 3264; x_wconf 85' lang='lat' dir='ltr'><strong>usus</strong></span> <span class='ocrx_word' id='word_1_416' title='bbox 448 3208 628 3279; x_wconf 86' lang='lat' dir='ltr'><strong>quiveritati</strong></span> <span class='ocrx_word' id='word_1_417' title='bbox 645 3214 869 3271; x_wconf 84' lang='lat' dir='ltr'><strong>estuantrarius</strong></span> <span class='ocrx_word' id='word_1_418' title='bbox 922 3208 1123 3283; x_wconf 88' lang='lat' dir='ltr'><strong>perniciosior,</strong></span> <span class='ocrx_word' id='word_1_419' title='bbox 1137 3223 1228 3279; x_wconf 87' lang='lat' dir='ltr'><strong>quarn</strong></span> <span class='ocrx_word' id='word_1_420' title='bbox 1245 3205 1272 3262; x_wconf 90' lang='lat' dir='ltr'><strong>ei</strong></span> <span class='ocrx_word' id='word_1_421' title='bbox 1291 3205 1378 3277; x_wconf 86' lang='lat' dir='ltr'><strong>cujus</strong></span> <span class='ocrx_word' id='word_1_422' title='bbox 1400 3205 1646 3279; x_wconf 85' lang='lat' dir='ltr'><strong>negligentiajem</strong></span> <span class='ocrx_word' id='word_1_423' title='bbox 1657 3206 1744 3277; x_wconf 86' lang='lat' dir='ltr'><strong>plan·</strong></span> 
     </span>
     <span class='ocr_line' id='line_1_35' title="bbox 50 3292 1744 3371; baseline 0.002 -22"><span class='ocrx_word' id='word_1_424' title='bbox 50 3292 223 3350; x_wconf 86' lang='lat' dir='ltr'><strong>abolendus.</strong></span> <span class='ocrx_word' id='word_1_425' title='bbox 252 3317 266 3346; x_wconf 78' lang='lat' dir='ltr'><strong>a</strong></span> <span class='ocrx_word' id='word_1_426' title='bbox 296 3295 427 3353; x_wconf 91' lang='lat' dir='ltr'><strong>Isidorus</strong></span> <span class='ocrx_word' id='word_1_427' title='bbox 456 3296 485 3353; x_wconf 92' lang='lat' dir='ltr'><strong>in</strong></span> <span class='ocrx_word' id='word_1_428' title='bbox 511 3297 700 3371; x_wconf 76' lang='lat' dir='ltr'><strong>synonymis,</strong></span> <span class='ocrx_word' id='word_1_429' title='bbox 729 3300 804 3357; x_wconf 89' lang='lat' dir='ltr'><strong>libro</strong></span> <span class='ocrx_word' id='word_1_430' title='bbox 823 3318 868 3360; x_wconf 88' lang='lat' dir='ltr'><strong>se·</strong></span> <span class='ocrx_word' id='word_1_431' title='bbox 921 3297 1114 3357; x_wconf 86' lang='lat' dir='ltr'><strong>tatacoaluit.</strong></span> <span class='ocrx_word' id='word_1_432' title='bbox 1139 3295 1202 3353; x_wconf 90' lang='lat' dir='ltr'><strong>Non</strong></span> <span class='ocrx_word' id='word_1_433' title='bbox 1227 3295 1305 3352; x_wconf 89' lang='lat' dir='ltr'><strong>enim</strong></span> <span class='ocrx_word' id='word_1_434' title='bbox 1324 3295 1744 3368; x_wconf 80' lang='lat' dir='ltr'><strong>immunisestamelelacto,</strong></span> 
     </span>
     <span class='ocr_line' id='line_1_36' title="bbox 48 3383 1741 3465; baseline 0.002 -26"><span class='ocrx_word' id='word_1_435' title='bbox 48 3386 143 3439; x_wconf 88' lang='lat' dir='ltr'><strong>cundo</strong></span> <span class='ocrx_word' id='word_1_436' title='bbox 158 3383 215 3456; x_wconf 82' lang='grc'><strong>(9);</strong></span> <span class='ocrx_word' id='word_1_437' title='bbox 231 3404 246 3435; x_wconf 91' lang='lat'>«</span> <span class='ocrx_word' id='word_1_438' title='bbox 262 3383 336 3442; x_wconf 85' lang='lat' dir='ltr'><strong>Usus</strong></span> <span class='ocrx_word' id='word_1_439' title='bbox 351 3385 515 3443; x_wconf 87' lang='lat' dir='ltr'><strong>auctoritati</strong></span> <span class='ocrx_word' id='word_1_440' title='bbox 531 3389 626 3442; x_wconf 85' lang='lat' dir='ltr'><strong>cedat.</strong></span> <span class='ocrx_word' id='word_1_441' title='bbox 641 3387 765 3445; x_wconf 75' lang='lat' dir='ltr'><strong>Pratum</strong></span> <span class='ocrx_word' id='word_1_442' title='bbox 782 3407 867 3447; x_wconf 88' lang='lat' dir='ltr'><strong>usum</strong></span> <span class='ocrx_word' id='word_1_443' title='bbox 921 3387 1058 3465; x_wconf 88' lang='lat' dir='ltr'><strong>quisquis</strong></span> <span class='ocrx_word' id='word_1_444' title='bbox 1073 3386 1268 3443; x_wconf 77' lang='lat' dir='ltr'><strong>antecessoris</strong></span> <span class='ocrx_word' id='word_1_445' title='bbox 1283 3385 1329 3441; x_wconf 91' lang='lat' dir='ltr'><strong>sui</strong></span> <span class='ocrx_word' id='word_1_446' title='bbox 1341 3384 1541 3453; x_wconf 74' lang='lat' dir='ltr'><strong>malefactum,</strong></span> <span class='ocrx_word' id='word_1_447' title='bbox 1552 3401 1619 3441; x_wconf 91' lang='lat' dir='ltr'><strong>cum</strong></span> <span class='ocrx_word' id='word_1_448' title='bbox 1636 3387 1741 3457; x_wconf 89' lang='lat' dir='ltr'><strong>possit,</strong></span> 
     </span>
     <span class='ocr_line' id='line_1_37' title="bbox 48 3471 1740 3549; baseline 0.002 -21"><span class='ocrx_word' id='word_1_449' title='bbox 48 3471 95 3529; x_wconf 84' lang='lat' dir='ltr'><strong>lex</strong></span> <span class='ocrx_word' id='word_1_450' title='bbox 109 3476 138 3528; x_wconf 91' lang='lat' dir='ltr'><strong>et</strong></span> <span class='ocrx_word' id='word_1_451' title='bbox 151 3471 224 3529; x_wconf 86' lang='lat' dir='ltr'><strong>ratio</strong></span> <span class='ocrx_word' id='word_1_452' title='bbox 248 3472 354 3530; x_wconf 74' lang='lat' dir='ltr'><strong>ducat.</strong></span> <span class='ocrx_word' id='word_1_453' title='bbox 382 3496 393 3525; x_wconf 76' lang='lat' dir='ltr'><strong>a</strong></span> <span class='ocrx_word' id='word_1_454' title='bbox 417 3475 590 3547; x_wconf 86' lang='lat' dir='ltr'><strong>Quiaigitur</strong></span> <span class='ocrx_word' id='word_1_455' title='bbox 605 3477 697 3532; x_wconf 78' lang='lat' dir='ltr'><strong>noxias</strong></span> <span class='ocrx_word' id='word_1_456' title='bbox 712 3484 868 3536; x_wconf 88' lang='lat' dir='ltr'><strong>consuetu·</strong></span> <span class='ocrx_word' id='word_1_457' title='bbox 921 3496 976 3537; x_wconf 91' lang='lat' dir='ltr'><strong>nou</strong></span> <span class='ocrx_word' id='word_1_458' title='bbox 992 3474 1121 3549; x_wconf 87' lang='lat' dir='ltr'><strong>corrigit.</strong></span> <span class='ocrx_word' id='word_1_459' title='bbox 1139 3480 1178 3531; x_wconf 84' lang='lat' dir='ltr'><strong>De</strong></span> <span class='ocrx_word' id='word_1_460' title='bbox 1193 3475 1248 3531; x_wconf 93' lang='lat' dir='ltr'><strong>boc</strong></span> <span class='ocrx_word' id='word_1_461' title='bbox 1262 3475 1340 3531; x_wconf 85' lang='lat' dir='ltr'><strong>enim</strong></span> <span class='ocrx_word' id='word_1_462' title='bbox 1357 3472 1485 3529; x_wconf 85' lang='lat' dir='ltr'><strong>Hilarius</strong></span> <span class='ocrx_word' id='word_1_463' title='bbox 1506 3488 1583 3545; x_wconf 82' lang='lat' dir='ltr'><strong>pape</strong></span> <span class='ocrx_word' id='word_1_464' title='bbox 1607 3471 1650 3529; x_wconf 90' lang='lat' dir='ltr'><strong>sic</strong></span> <span class='ocrx_word' id='word_1_465' title='bbox 1674 3475 1714 3530; x_wconf 89' lang='lat' dir='ltr'><strong>ait</strong></span> <span class='ocrx_word' id='word_1_466' title='bbox 1732 3491 1740 3531; x_wconf 75' lang='grc' dir='ltr'><strong>ε</strong></span> 
     </span>
     <span class='ocr_line' id='line_1_38' title="bbox 48 3559 1741 3638; baseline 0.002 -23"><span class='ocrx_word' id='word_1_467' title='bbox 48 3559 110 3617; x_wconf 90' lang='lat' dir='ltr'><strong>dini</strong></span> <span class='ocrx_word' id='word_1_468' title='bbox 125 3565 186 3619; x_wconf 88' lang='lat' dir='ltr'><strong>tam</strong></span> <span class='ocrx_word' id='word_1_469' title='bbox 201 3562 295 3620; x_wconf 88' lang='lat' dir='ltr'><strong>multa</strong></span> <span class='ocrx_word' id='word_1_470' title='bbox 309 3563 868 3630; x_wconf 83' lang='lat' dir='ltr'><strong>resistitauctorites‚vobisbeatissime</strong></span> <span class='ocrx_word' id='word_1_471' title='bbox 921 3593 936 3622; x_wconf 81' lang='lat' dir='ltr'><strong>a</strong></span> <span class='ocrx_word' id='word_1_472' title='bbox 952 3563 1418 3638; x_wconf 82' lang='lat' dir='ltr'><strong>Quodquiscommisitillieitam,</strong></span> <span class='ocrx_word' id='word_1_473' title='bbox 1432 3568 1483 3619; x_wconf 90' lang='lat' dir='ltr'><strong>aut</strong></span> <span class='ocrx_word' id='word_1_474' title='bbox 1503 3579 1521 3619; x_wconf 92' lang='lat' dir='ltr'><strong>a</strong></span> <span class='ocrx_word' id='word_1_475' title='bbox 1538 3562 1741 3620; x_wconf 82' lang='lat' dir='ltr'><strong>decessoribus</strong></span> 
     </span>
     <span class='ocr_line' id='line_1_39' title="bbox 47 3649 1742 3723; baseline 0.001 -16"><span class='ocrx_word' id='word_1_476' title='bbox 47 3649 166 3722; x_wconf 74' lang='lat' dir='ltr'><strong>praeut,</strong></span> <span class='ocrx_word' id='word_1_477' title='bbox 190 3649 337 3708; x_wconf 89' lang='lat' dir='ltr'><strong>incumbit</strong></span> <span class='ocrx_word' id='word_1_478' title='bbox 361 3655 397 3708; x_wconf 94' lang='lat' dir='ltr'><strong>de</strong></span> <span class='ocrx_word' id='word_1_479' title='bbox 421 3651 508 3709; x_wconf 92' lang='lat' dir='ltr'><strong>domo</strong></span> <span class='ocrx_word' id='word_1_480' title='bbox 525 3652 867 3713; x_wconf 80' lang='lat' dir='ltr'><strong>Dominibereditarium</strong></span> <span class='ocrx_word' id='word_1_481' title='bbox 920 3659 985 3716; x_wconf 89' lang='lat' dir='ltr'><strong>auis</strong></span> <span class='ocrx_word' id='word_1_482' title='bbox 1013 3655 1124 3713; x_wconf 83' lang='lat' dir='ltr'><strong>invenit</strong></span> <span class='ocrx_word' id='word_1_483' title='bbox 1149 3655 1325 3718; x_wconf 81' lang='lat' dir='ltr'><strong>admissum,</strong></span> <span class='ocrx_word' id='word_1_484' title='bbox 1353 3652 1379 3707; x_wconf 89' lang='lat' dir='ltr'><strong>si</strong></span> <span class='ocrx_word' id='word_1_485' title='bbox 1406 3653 1556 3723; x_wconf 90' lang='lat' dir='ltr'><strong>proprium</strong></span> <span class='ocrx_word' id='word_1_486' title='bbox 1577 3651 1742 3708; x_wconf 81' lang='lat' dir='ltr'><strong>vultvitare</strong></span> 
     </span>
     <span class='ocr_line' id='line_1_40' title="bbox 47 3739 1743 3822; baseline 0.001 -26"><span class='ocrx_word' id='word_1_487' title='bbox 47 3754 181 3797; x_wconf 87' lang='lat' dir='ltr'><strong>amovere</strong></span> <span class='ocrx_word' id='word_1_488' title='bbox 198 3739 356 3812; x_wconf 85' lang='lat' dir='ltr'><strong>piaculum.</strong></span> <span class='ocrx_word' id='word_1_489' title='bbox 373 3741 405 3797; x_wconf 88' lang='lat' dir='ltr'><strong>ln</strong></span> <span class='ocrx_word' id='word_1_490' title='bbox 416 3743 492 3814; x_wconf 89' lang='lat' dir='ltr'><strong>quod</strong></span> <span class='ocrx_word' id='word_1_491' title='bbox 505 3742 686 3815; x_wconf 74' lang='lat' dir='ltr'><strong>negligenter</strong></span> <span class='ocrx_word' id='word_1_492' title='bbox 700 3761 784 3818; x_wconf 88' lang='lat' dir='ltr'><strong>agere</strong></span> <span class='ocrx_word' id='word_1_493' title='bbox 799 3762 868 3818; x_wconf 76' lang='lat' dir='ltr'><strong>patn-</strong></span> <span class='ocrx_word' id='word_1_494' title='bbox 921 3745 1095 3822; x_wconf 86' lang='lat' dir='ltr'><strong>periculum,</strong></span> <span class='ocrx_word' id='word_1_495' title='bbox 1110 3741 1378 3800; x_wconf 78' lang='lat' dir='ltr'><strong>damnabitoltem</strong></span> <span class='ocrx_word' id='word_1_496' title='bbox 1395 3740 1473 3796; x_wconf 88' lang='lat' dir='ltr'><strong>idem</strong></span> <span class='ocrx_word' id='word_1_497' title='bbox 1491 3756 1499 3796; x_wconf 76' lang='grc' dir='ltr'><em>τ</em></span> <span class='ocrx_word' id='word_1_498' title='bbox 1515 3763 1529 3791; x_wconf 80' lang='lat' dir='ltr'><strong>u</strong></span> <span class='ocrx_word' id='word_1_499' title='bbox 1545 3739 1605 3796; x_wconf 90' lang='lat' dir='ltr'><strong>Nos</strong></span> <span class='ocrx_word' id='word_1_500' title='bbox 1616 3740 1645 3795; x_wconf 92' lang='lat' dir='ltr'><strong>in</strong></span> <span class='ocrx_word' id='word_1_501' title='bbox 1661 3741 1743 3797; x_wconf 91' lang='lat' dir='ltr'><strong>nullo</strong></span> 
     </span>
     <span class='ocr_line' id='line_1_41' title="bbox 47 3829 1743 3906; baseline 0 -20"><span class='ocrx_word' id='word_1_502' title='bbox 47 3829 168 3895; x_wconf 80' lang='lat' dir='ltr'><strong>illicem,</strong></span> <span class='ocrx_word' id='word_1_503' title='bbox 185 3829 315 3900; x_wconf 90' lang='lat' dir='ltr'><strong>pontitlci</strong></span> <span class='ocrx_word' id='word_1_504' title='bbox 331 3831 409 3887; x_wconf 87' lang='lat' dir='ltr'><strong>cedit</strong></span> <span class='ocrx_word' id='word_1_505' title='bbox 423 3832 459 3889; x_wconf 89' lang='lat' dir='ltr'><strong>ad</strong></span> <span class='ocrx_word' id='word_1_506' title='bbox 482 3849 610 3905; x_wconf 89' lang='lat' dir='ltr'><strong>poenam,</strong></span> <span class='ocrx_word' id='word_1_507' title='bbox 622 3834 773 3906; x_wconf 80' lang='lat' dir='ltr'><strong>judicialis</strong></span> <span class='ocrx_word' id='word_1_508' title='bbox 789 3838 867 3897; x_wconf 83' lang='lat' dir='ltr'><strong>enlm</strong></span> <span class='ocrx_word' id='word_1_509' title='bbox 920 3834 1055 3892; x_wconf 83' lang='lat' dir='ltr'><strong>volumus</strong></span> <span class='ocrx_word' id='word_1_510' title='bbox 1082 3831 1264 3889; x_wconf 80' lang='lat' dir='ltr'><strong>serenitatem</strong></span> <span class='ocrx_word' id='word_1_511' title='bbox 1290 3843 1434 3895; x_wconf 80' lang='lat' dir='ltr'><strong>exercere,</strong></span> <span class='ocrx_word' id='word_1_512' title='bbox 1452 3829 1502 3885; x_wconf 91' lang='lat' dir='ltr'><strong>sed</strong></span> <span class='ocrx_word' id='word_1_513' title='bbox 1522 3829 1574 3900; x_wconf 88' lang='lat' dir='ltr'><strong>qui</strong></span> <span class='ocrx_word' id='word_1_514' title='bbox 1591 3829 1621 3884; x_wconf 91' lang='lat' dir='ltr'><strong>iu</strong></span> <span class='ocrx_word' id='word_1_515' title='bbox 1643 3830 1743 3886; x_wconf 88' lang='lat' dir='ltr'><strong>causis</strong></span> 
     </span>
     <span class='ocr_line' id='line_1_42' title="bbox 46 3917 1742 3993; baseline 0.009 -17"><span class='ocrx_word' id='word_1_516' title='bbox 46 3934 187 3976; x_wconf 88' lang='lat' dir='ltr'><strong>excessus</strong></span> <span class='ocrx_word' id='word_1_517' title='bbox 201 3920 257 3984; x_wconf 85' lang='lat' dir='ltr'><strong>est,</strong></span> <span class='ocrx_word' id='word_1_518' title='bbox 273 3917 301 3974; x_wconf 92' lang='lat' dir='ltr'><strong>in</strong></span> <span class='ocrx_word' id='word_1_519' title='bbox 327 3920 455 3977; x_wconf 77' lang='lat' dir='ltr'><strong>Ecclesia</strong></span> <span class='ocrx_word' id='word_1_520' title='bbox 473 3921 593 3990; x_wconf 85' lang='lat' dir='ltr'><strong>christi,</strong></span> <span class='ocrx_word' id='word_1_521' title='bbox 610 3923 655 3980; x_wconf 82' lang='lat' dir='ltr'><strong>vel</strong></span> <span class='ocrx_word' id='word_1_522' title='bbox 670 3926 799 3985; x_wconf 86' lang='lat' dir='ltr'><strong>indebite</strong></span> <span class='ocrx_word' id='word_1_523' title='bbox 814 3929 867 3987; x_wconf 88' lang='lat' dir='ltr'><strong>ali·</strong></span> <span class='ocrx_word' id='word_1_524' title='bbox 922 3923 982 3993; x_wconf 86' lang='lat' dir='ltr'><strong>Dei,</strong></span> <span class='ocrx_word' id='word_1_525' title='bbox 997 3922 1040 3980; x_wconf 85' lang='lat' dir='ltr'><strong>vel</strong></span> <span class='ocrx_word' id='word_1_526' title='bbox 1056 3917 1311 3989; x_wconf 68' lang='lat' dir='ltr'><strong>contumaciam!</strong></span> <span class='ocrx_word' id='word_1_527' title='bbox 1326 3917 1424 3988; x_wconf 74' lang='lat' dir='ltr'><strong>aliquo</strong></span> <span class='ocrx_word' id='word_1_528' title='bbox 1439 3933 1557 3974; x_wconf 68' lang='lat'><strong>0¹00⁸⁸¹¹</strong></span> <span class='ocrx_word' id='word_1_529' title='bbox 1575 3917 1742 3992; x_wconf 66' lang='lat' dir='ltr'><strong>d0¹itt¹¹⁰Pst=</strong></span> 
     </span>
     <span class='ocr_line' id='line_1_43' title="bbox 49 4007 1742 4085; baseline 0 -22"><span class='ocrx_word' id='word_1_530' title='bbox 49 4007 119 4078; x_wconf 89' lang='lat' dir='ltr'><strong>quid</strong></span> <span class='ocrx_word' id='word_1_531' title='bbox 137 4022 324 4077; x_wconf 73' lang='lat' dir='ltr'><strong>presumere,</strong></span> <span class='ocrx_word' id='word_1_532' title='bbox 340 4007 384 4064; x_wconf 83' lang='lat' dir='ltr'><strong>vel</strong></span> <span class='ocrx_word' id='word_1_533' title='bbox 400 4010 478 4081; x_wconf 90' lang='lat' dir='ltr'><strong>quod</strong></span> <span class='ocrx_word' id='word_1_534' title='bbox 490 4020 699 4084; x_wconf 79' lang='lat' dir='ltr'><strong>presumptum</strong></span> <span class='ocrx_word' id='word_1_535' title='bbox 713 4017 866 4085; x_wconf 87' lang='lat' dir='ltr'><strong>reperitur.</strong></span> <span class='ocrx_word' id='word_1_536' title='bbox 920 4011 1139 4084; x_wconf 88' lang='lat' dir='ltr'><strong>autipscquod</strong></span> <span class='ocrx_word' id='word_1_537' title='bbox 1171 4024 1325 4082; x_wconf 87' lang='lat' dir='ltr'><strong>perparum</strong></span> <span class='ocrx_word' id='word_1_538' title='bbox 1351 4007 1547 4079; x_wconf 69' lang='lat' dir='ltr'><strong>praedecessor</strong></span> <span class='ocrx_word' id='word_1_539' title='bbox 1570 4008 1635 4078; x_wconf 89' lang='lat' dir='ltr'><strong>ejus</strong></span> <span class='ocrx_word' id='word_1_540' title='bbox 1664 4009 1742 4079; x_wconf 83' lang='lat' dir='ltr'><strong>tecit,</strong></span> 
     </span>
     <span class='ocr_line' id='line_1_44' title="bbox 44 4096 1744 4172; baseline 0 -19"><span class='ocrx_word' id='word_1_541' title='bbox 44 4096 240 4155; x_wconf 86' lang='lat' dir='ltr'><strong>incorrectum</strong></span> <span class='ocrx_word' id='word_1_542' title='bbox 256 4097 431 4172; x_wconf 87' lang='lat' dir='ltr'><strong>derelinqui.</strong></span> <span class='ocrx_word' id='word_1_543' title='bbox 448 4099 516 4168; x_wconf 82' lang='lat' dir='ltr'><strong>Oce,</strong></span> <span class='ocrx_word' id='word_1_544' title='bbox 539 4101 609 4156; x_wconf 92' lang='lat' dir='ltr'><strong>dum</strong></span> <span class='ocrx_word' id='word_1_545' title='bbox 631 4102 768 4160; x_wconf 87' lang='lat' dir='ltr'><strong>titubanti</strong></span> <span class='ocrx_word' id='word_1_546' title='bbox 794 4122 868 4162; x_wconf 76' lang='lat' dir='ltr'><strong>arcu</strong></span> <span class='ocrx_word' id='word_1_547' title='bbox 920 4100 1036 4160; x_wconf 81' lang='lat' dir='ltr'><strong>abolere</strong></span> <span class='ocrx_word' id='word_1_548' title='bbox 1049 4098 1188 4164; x_wconf 84' lang='lat' dir='ltr'><strong>noluerit,</strong></span> <span class='ocrx_word' id='word_1_549' title='bbox 1203 4098 1235 4155; x_wconf 91' lang='lat' dir='ltr'><strong>iu</strong></span> <span class='ocrx_word' id='word_1_550' title='bbox 1251 4112 1294 4164; x_wconf 85' lang='lat' dir='ltr'><strong>se,</strong></span> <span class='ocrx_word' id='word_1_551' title='bbox 1318 4096 1461 4170; x_wconf 89' lang='lat' dir='ltr'><strong>quidquid</strong></span> <span class='ocrx_word' id='word_1_552' title='bbox 1479 4097 1507 4151; x_wconf 90' lang='lat' dir='ltr'><strong>iu</strong></span> <span class='ocrx_word' id='word_1_553' title='bbox 1525 4096 1651 4152; x_wconf 89' lang='lat' dir='ltr'><strong>atiouon</strong></span> <span class='ocrx_word' id='word_1_554' title='bbox 1667 4113 1744 4154; x_wconf 89' lang='lat' dir='ltr'><strong>rese·</strong></span> 
     </span>
     <span class='ocr_line' id='line_1_45' title="bbox 44 4185 1741 4262; baseline 0.001 -19"><span class='ocrx_word' id='word_1_555' title='bbox 44 4185 175 4244; x_wconf 79' lang='lat' dir='ltr'><strong>indebito</strong></span> <span class='ocrx_word' id='word_1_556' title='bbox 185 4186 354 4243; x_wconf 85' lang='lat' dir='ltr'><strong>subveniret</strong></span> <span class='ocrx_word' id='word_1_557' title='bbox 369 4189 521 4261; x_wconf 82' lang='lat' dir='ltr'><strong>obsequio,</strong></span> <span class='ocrx_word' id='word_1_558' title='bbox 534 4189 683 4262; x_wconf 87' lang='lat' dir='ltr'><strong>abcugslo</strong></span> <span class='ocrx_word' id='word_1_559' title='bbox 695 4193 868 4262; x_wconf 73' lang='lat' dir='ltr'><strong>prefocatus</strong></span> <span class='ocrx_word' id='word_1_560' title='bbox 920 4190 1006 4261; x_wconf 81' lang='lat' dir='ltr'><strong>sarit,</strong></span> <span class='ocrx_word' id='word_1_561' title='bbox 1022 4186 1157 4245; x_wconf 79' lang='lat' dir='ltr'><strong>inveniet.</strong></span> <span class='ocrx_word' id='word_1_562' title='bbox 1169 4209 1183 4237; x_wconf 80' lang='lat' dir='ltr'><strong>a</strong></span> <span class='ocrx_word' id='word_1_563' title='bbox 1194 4185 1319 4253; x_wconf 65' lang='lat' dir='ltr'><strong>Parrasi</strong></span> <span class='ocrx_word' id='word_1_564' title='bbox 1332 4186 1400 4257; x_wconf 88' lang='lat' dir='ltr'><strong>quis</strong></span> <span class='ocrx_word' id='word_1_565' title='bbox 1410 4185 1608 4243; x_wconf 80' lang='lat' dir='ltr'><strong>eradicantem</strong></span> <span class='ocrx_word' id='word_1_566' title='bbox 1620 4203 1741 4244; x_wconf 85' lang='lat' dir='ltr'><strong>manum</strong></span> 
     </span>
     <span class='ocr_line' id='line_1_46' title="bbox 44 4274 1742 4354; baseline -0.001 -20"><span class='ocrx_word' id='word_1_567' title='bbox 44 4277 186 4350; x_wconf 81' lang='lat' dir='ltr'><strong>expiravit</strong></span> <span class='ocrx_word' id='word_1_568' title='bbox 202 4278 226 4350; x_wconf 89' lang='grc'><strong>(1</strong></span> <span class='ocrx_word' id='word_1_569' title='bbox 242 4279 309 4350; x_wconf 70' lang='lat' dir='ltr'><strong>lira.</strong></span> <span class='ocrx_word' id='word_1_570' title='bbox 326 4282 382 4347; x_wconf 84' lang='lat' dir='ltr'><strong>ss).</strong></span> <span class='ocrx_word' id='word_1_571' title='bbox 402 4278 504 4335; x_wconf 81' lang='lat' dir='ltr'><strong>liadab</strong></span> <span class='ocrx_word' id='word_1_572' title='bbox 518 4283 548 4334; x_wconf 91' lang='lat' dir='ltr'><strong>et</strong></span> <span class='ocrx_word' id='word_1_573' title='bbox 563 4279 638 4335; x_wconf 73' lang='lat' dir='ltr'><strong>thiu</strong></span> <span class='ocrx_word' id='word_1_574' title='bbox 667 4278 742 4337; x_wconf 86' lang='lat' dir='ltr'><strong>illios</strong></span> <span class='ocrx_word' id='word_1_575' title='bbox 758 4283 866 4354; x_wconf 76' lang='lat' dir='ltr'><strong>Aaron,</strong></span> <span class='ocrx_word' id='word_1_576' title='bbox 919 4285 1059 4343; x_wconf 78' lang='lat' dir='ltr'><strong>uestram,</strong></span> <span class='ocrx_word' id='word_1_577' title='bbox 1078 4276 1121 4332; x_wconf 91' lang='lat' dir='ltr'><strong>vel</strong></span> <span class='ocrx_word' id='word_1_578' title='bbox 1146 4275 1342 4343; x_wconf 77' lang='lat' dir='ltr'><strong>contumacia,</strong></span> <span class='ocrx_word' id='word_1_579' title='bbox 1357 4275 1401 4331; x_wconf 85' lang='lat' dir='ltr'><strong>vel</strong></span> <span class='ocrx_word' id='word_1_580' title='bbox 1418 4274 1549 4347; x_wconf 88' lang='lat' dir='ltr'><strong>quolibet</strong></span> <span class='ocrx_word' id='word_1_581' title='bbox 1562 4291 1637 4332; x_wconf 85' lang='lat' dir='ltr'><strong>ausu</strong></span> <span class='ocrx_word' id='word_1_582' title='bbox 1652 4277 1742 4347; x_wconf 87' lang='lat' dir='ltr'><strong>(quod</strong></span> 
     </span>
     <span class='ocr_line' id='line_1_47' title="bbox 44 4365 1742 4445; baseline -0.002 -20"><span class='ocrx_word' id='word_1_583' title='bbox 44 4368 121 4435; x_wconf 75' lang='lat' dir='ltr'><strong>leuis</strong></span> <span class='ocrx_word' id='word_1_584' title='bbox 136 4383 274 4431; x_wconf 73' lang='lat' dir='ltr'><strong>egressus</strong></span> <span class='ocrx_word' id='word_1_585' title='bbox 290 4387 307 4426; x_wconf 87' lang='lat' dir='ltr'><strong>a</strong></span> <span class='ocrx_word' id='word_1_586' title='bbox 324 4368 395 4424; x_wconf 84' lang='lat' dir='ltr'><strong>lario</strong></span> <span class='ocrx_word' id='word_1_587' title='bbox 413 4368 526 4425; x_wconf 83' lang='lat' dir='ltr'><strong>Domini</strong></span> <span class='ocrx_word' id='word_1_588' title='bbox 540 4369 604 4426; x_wconf 88' lang='lat' dir='ltr'><strong>ideo</strong></span> <span class='ocrx_word' id='word_1_589' title='bbox 619 4368 777 4439; x_wconf 82' lang='lat' dir='ltr'><strong>devorarit,</strong></span> <span class='ocrx_word' id='word_1_590' title='bbox 792 4388 865 4445; x_wconf 85' lang='lat' dir='ltr'><strong>quo·</strong></span> <span class='ocrx_word' id='word_1_591' title='bbox 920 4369 998 4425; x_wconf 90' lang='lat' dir='ltr'><strong>absit</strong></span> <span class='ocrx_word' id='word_1_592' title='bbox 1009 4368 1030 4437; x_wconf 88' lang='grc' dir='ltr'><strong>Ι)</strong></span> <span class='ocrx_word' id='word_1_593' title='bbox 1041 4367 1199 4438; x_wconf 82' lang='lat' dir='ltr'><strong>reprimere</strong></span> <span class='ocrx_word' id='word_1_594' title='bbox 1208 4365 1373 4433; x_wconf 85' lang='lat' dir='ltr'><strong>tentaverit,</strong></span> <span class='ocrx_word' id='word_1_595' title='bbox 1384 4365 1581 4437; x_wconf 91' lang='lat' dir='ltr'><strong>ipsedebitam</strong></span> <span class='ocrx_word' id='word_1_596' title='bbox 1594 4366 1742 4440; x_wconf 80' lang='lat' dir='ltr'><strong>sacrilegii</strong></span> 
     </span>
     <span class='ocr_line' id='line_1_48' title="bbox 46 4430 1743 4533; baseline -0.001 -20"><span class='ocrx_word' id='word_1_597' title='bbox 46 4457 532 4531; x_wconf 86' lang='lat' dir='ltr'><strong>niamthuribulisarreptisigaem</strong></span> <span class='ocrx_word' id='word_1_598' title='bbox 544 4458 672 4515; x_wconf 86' lang='lat' dir='ltr'><strong>alienum</strong></span> <span class='ocrx_word' id='word_1_599' title='bbox 686 4460 868 4533; x_wconf 77' lang='lat' dir='ltr'><strong>oderrepras·</strong></span> <span class='ocrx_word' id='word_1_600' title='bbox 884 4430 905 4496; x_wconf 70' lang='grc' dir='ltr'>ὓ</span> <span class='ocrx_word' id='word_1_601' title='bbox 921 4458 1086 4532; x_wconf 87' lang='lat' dir='ltr'><strong>experietur</strong></span> <span class='ocrx_word' id='word_1_602' title='bbox 1109 4456 1262 4513; x_wconf 88' lang='lat' dir='ltr'><strong>ultionem.</strong></span> <span class='ocrx_word' id='word_1_603' title='bbox 1283 4455 1323 4512; x_wconf 88' lang='lat' dir='ltr'><strong>De</strong></span> <span class='ocrx_word' id='word_1_604' title='bbox 1338 4455 1507 4528; x_wconf 84' lang='lat' dir='ltr'><strong>hujusmodi</strong></span> <span class='ocrx_word' id='word_1_605' title='bbox 1524 4471 1652 4527; x_wconf 89' lang='lat' dir='ltr'><strong>namque</strong></span> <span class='ocrx_word' id='word_1_606' title='bbox 1667 4472 1743 4528; x_wconf 85' lang='lat' dir='ltr'><strong>papa</strong></span> 
     </span>
     <span class='ocr_line' id='line_1_49' title="bbox 46 4542 1743 4621; baseline -0.002 -18"><span class='ocrx_word' id='word_1_607' title='bbox 46 4553 238 4617; x_wconf 86' lang='lat' dir='ltr'><strong>sumpserunt</strong></span> <span class='ocrx_word' id='word_1_608' title='bbox 254 4551 346 4612; x_wconf 75' lang='lat' dir='ltr'><strong>(Nam.</strong></span> <span class='ocrx_word' id='word_1_609' title='bbox 364 4550 428 4619; x_wconf 81' lang='lat' dir='ltr'><strong>mv).</strong></span> <span class='ocrx_word' id='word_1_610' title='bbox 443 4547 553 4607; x_wconf 84' lang='lat' dir='ltr'><strong>Oaiarn.</strong></span> <span class='ocrx_word' id='word_1_611' title='bbox 570 4549 639 4621; x_wconf 92' lang='lat' dir='ltr'><strong>quia</strong></span> <span class='ocrx_word' id='word_1_612' title='bbox 654 4550 763 4606; x_wconf 90' lang='lat' dir='ltr'><strong>summi</strong></span> <span class='ocrx_word' id='word_1_613' title='bbox 775 4567 868 4608; x_wconf 87' lang='lat' dir='ltr'><strong>sacer·</strong></span> <span class='ocrx_word' id='word_1_614' title='bbox 920 4547 1087 4620; x_wconf 81' lang='lat' dir='ltr'><strong>Stephanus</strong></span> <span class='ocrx_word' id='word_1_615' title='bbox 1102 4546 1147 4603; x_wconf 88' lang='lat' dir='ltr'><strong>bis</strong></span> <span class='ocrx_word' id='word_1_616' title='bbox 1162 4545 1265 4602; x_wconf 86' lang='lat' dir='ltr'><strong>scribit</strong></span> <span class='ocrx_word' id='word_1_617' title='bbox 1280 4544 1376 4601; x_wconf 83' lang='lat' dir='ltr'><strong>verbis</strong></span> <span class='ocrx_word' id='word_1_618' title='bbox 1391 4559 1398 4599; x_wconf 76' lang='grc' dir='ltr'><strong>ε</strong></span> <span class='ocrx_word' id='word_1_619' title='bbox 1415 4565 1430 4595; x_wconf 83' lang='lat' dir='ltr'><strong>a</strong></span> <span class='ocrx_word' id='word_1_620' title='bbox 1446 4542 1522 4601; x_wconf 88' lang='lat' dir='ltr'><strong>Sunt</strong></span> <span class='ocrx_word' id='word_1_621' title='bbox 1543 4542 1664 4613; x_wconf 82' lang='lat' dir='ltr'><strong>quidam</strong></span> <span class='ocrx_word' id='word_1_622' title='bbox 1690 4546 1743 4617; x_wconf 89' lang='lat' dir='ltr'><strong>qui</strong></span> 
     </span>
     <span class='ocr_line' id='line_1_50' title="bbox 46 4631 1741 4710; baseline 0 -20"><span class='ocrx_word' id='word_1_623' title='bbox 46 4632 123 4690; x_wconf 91' lang='lat' dir='ltr'><strong>dotis</strong></span> <span class='ocrx_word' id='word_1_624' title='bbox 144 4639 363 4709; x_wconf 71' lang='lat' dir='ltr'><strong>prerogativam</strong></span> <span class='ocrx_word' id='word_1_625' title='bbox 390 4638 553 4710; x_wconf 85' lang='lat' dir='ltr'><strong>usurpavit,</strong></span> <span class='ocrx_word' id='word_1_626' title='bbox 583 4637 664 4709; x_wconf 87' lang='lat' dir='ltr'><strong>lepra</strong></span> <span class='ocrx_word' id='word_1_627' title='bbox 692 4654 866 4709; x_wconf 89' lang='lat' dir='ltr'><strong>percussum</strong></span> <span class='ocrx_word' id='word_1_628' title='bbox 920 4636 964 4694; x_wconf 83' lang='lat' dir='ltr'><strong>vel</strong></span> <span class='ocrx_word' id='word_1_629' title='bbox 986 4636 1124 4693; x_wconf 83' lang='lat' dir='ltr'><strong>violentie</strong></span> <span class='ocrx_word' id='word_1_630' title='bbox 1152 4634 1197 4693; x_wconf 85' lang='lat' dir='ltr'><strong>vel</strong></span> <span class='ocrx_word' id='word_1_631' title='bbox 1221 4634 1318 4692; x_wconf 83' lang='lat' dir='ltr'><strong>lavore</strong></span> <span class='ocrx_word' id='word_1_632' title='bbox 1334 4648 1391 4689; x_wconf 89' lang='lat' dir='ltr'><strong>uon</strong></span> <span class='ocrx_word' id='word_1_633' title='bbox 1408 4631 1580 4703; x_wconf 87' lang='lat' dir='ltr'><strong>permittunt</strong></span> <span class='ocrx_word' id='word_1_634' title='bbox 1595 4633 1741 4690; x_wconf 76' lang='lat' dir='ltr'><strong>Ecclesiae</strong></span> 
     </span>
    </p>
   </div>
   <div class='ocr_carea' id='block_1_3' title="bbox 1 4773 1741 5568">
    <p class='ocr_par' dir='ltr' id='par_1_4' title="bbox 42 4773 1741 4920">
     <span class='ocr_line' id='line_1_51' title="bbox 42 4773 1741 4853; baseline 0.001 -21"><span class='ocrx_word' id='word_1_635' title='bbox 42 4838 45 4843; x_wconf 60' lang='grc'><em>,</em></span> <span class='ocrx_word' id='word_1_636' title='bbox 92 4777 122 4849; x_wconf 84' lang='grc'><strong>6)</strong></span> <span class='ocrx_word' id='word_1_637' title='bbox 135 4779 204 4850; x_wconf 86' lang='lat' dir='ltr'><strong>Cap.</strong></span> <span class='ocrx_word' id='word_1_638' title='bbox 221 4776 334 4836; x_wconf 89' lang='lat' dir='ltr'><strong>scilicet</strong></span> <span class='ocrx_word' id='word_1_639' title='bbox 348 4779 366 4835; x_wconf 91' lang='grc'>5</span> <span class='ocrx_word' id='word_1_640' title='bbox 381 4794 460 4836; x_wconf 83' lang='lat' dir='ltr'><strong>nass</strong></span> <span class='ocrx_word' id='word_1_641' title='bbox 475 4778 624 4845; x_wconf 81' lang='lat' dir='ltr'><strong>editionis.</strong></span> <span class='ocrx_word' id='word_1_642' title='bbox 640 4796 706 4853; x_wconf 88' lang='lat' dir='ltr'><strong>pag.</strong></span> <span class='ocrx_word' id='word_1_643' title='bbox 721 4781 784 4839; x_wconf 81' lang='lat' dir='ltr'><strong>tat.</strong></span> <span class='ocrx_word' id='word_1_644' title='bbox 954 4778 991 4851; x_wconf 85' lang='grc'><strong>(9)</strong></span> <span class='ocrx_word' id='word_1_645' title='bbox 1006 4782 1076 4851; x_wconf 86' lang='lat' dir='ltr'><strong>cap.</strong></span> <span class='ocrx_word' id='word_1_646' title='bbox 1097 4778 1140 4846; x_wconf 82' lang='lat' dir='ltr'><strong>ld,</strong></span> <span class='ocrx_word' id='word_1_647' title='bbox 1156 4776 1206 4833; x_wconf 84' lang='lat' dir='ltr'><strong>rabi</strong></span> <span class='ocrx_word' id='word_1_648' title='bbox 1222 4774 1265 4831; x_wconf 90' lang='lat' dir='ltr'><strong>sic</strong></span> <span class='ocrx_word' id='word_1_649' title='bbox 1279 4773 1403 4830; x_wconf 89' lang='lat' dir='ltr'><strong>babetur</strong></span> <span class='ocrx_word' id='word_1_650' title='bbox 1419 4790 1427 4829; x_wconf 73' lang='grc' dir='ltr'>ι</span> <span class='ocrx_word' id='word_1_651' title='bbox 1442 4796 1456 4823; x_wconf 80' lang='lat' dir='ltr'><strong>a</strong></span> <span class='ocrx_word' id='word_1_652' title='bbox 1473 4773 1564 4830; x_wconf 78' lang='lat' dir='ltr'><strong>natta</strong></span> <span class='ocrx_word' id='word_1_653' title='bbox 1579 4784 1650 4831; x_wconf 91' lang='lat' dir='ltr'><strong>sunt</strong></span> <span class='ocrx_word' id='word_1_654' title='bbox 1670 4793 1741 4834; x_wconf 90' lang='lat' dir='ltr'><strong>cou-</strong></span> 
     </span>
     <span class='ocr_line' id='line_1_52' title="bbox 91 4845 1740 4920; baseline -0.001 -16"><span class='ocrx_word' id='word_1_655' title='bbox 91 4849 208 4920; x_wconf 77' lang='lat' dir='ltr'><strong>&#39;tttbtd</strong></span> <span class='ocrx_word' id='word_1_656' title='bbox 919 4851 1076 4907; x_wconf 83' lang='lat' dir='ltr'><strong>suetudine</strong></span> <span class='ocrx_word' id='word_1_657' title='bbox 1089 4850 1200 4913; x_wconf 80' lang='lat' dir='ltr'><strong>vitiata.</strong></span> <span class='ocrx_word' id='word_1_658' title='bbox 1217 4845 1308 4902; x_wconf 85' lang='lat' dir='ltr'><strong>multa</strong></span> <span class='ocrx_word' id='word_1_659' title='bbox 1327 4861 1413 4916; x_wconf 86' lang='lat' dir='ltr'><strong>pravo</strong></span> <span class='ocrx_word' id='word_1_660' title='bbox 1430 4861 1483 4900; x_wconf 84' lang='lat' dir='ltr'><strong>usu</strong></span> <span class='ocrx_word' id='word_1_661' title='bbox 1502 4853 1678 4917; x_wconf 75' lang='lat' dir='ltr'><strong>presumpta</strong></span> <span class='ocrx_word' id='word_1_662' title='bbox 1680 4887 1740 4907; x_wconf 93' lang='lat'><strong>.....</strong></span> 
     </span>
    </p>

    <p class='ocr_par' dir='ltr' id='par_1_5' title="bbox 14 4915 1739 4997">
     <span class='ocr_line' id='line_1_53' title="bbox 14 4915 1739 4997; baseline 0.001 -23"><span class='ocrx_word' id='word_1_663' title='bbox 14 4934 24 4947; x_wconf 86' lang='grc'>·</span> <span class='ocrx_word' id='word_1_664' title='bbox 88 4919 115 4992; x_wconf 87' lang='grc'><strong>8)</strong></span> <span class='ocrx_word' id='word_1_665' title='bbox 130 4922 212 4992; x_wconf 86' lang='lat' dir='ltr'><strong>Apud</strong></span> <span class='ocrx_word' id='word_1_666' title='bbox 230 4923 261 4978; x_wconf 87' lang='lat' dir='ltr'><strong>D.</strong></span> <span class='ocrx_word' id='word_1_667' title='bbox 284 4921 461 4994; x_wconf 80' lang='lat' dir='ltr'><strong>cyprianum</strong></span> <span class='ocrx_word' id='word_1_668' title='bbox 485 4920 514 4977; x_wconf 91' lang='lat' dir='ltr'><strong>iu</strong></span> <span class='ocrx_word' id='word_1_669' title='bbox 530 4938 613 4978; x_wconf 90' lang='lat' dir='ltr'><strong>conc.</strong></span> <span class='ocrx_word' id='word_1_670' title='bbox 629 4922 863 4997; x_wconf 80' lang='lat' dir='ltr'><strong>Carthaginensi,</strong></span> <span class='ocrx_word' id='word_1_671' title='bbox 917 4923 1021 4978; x_wconf 78' lang='lat' dir='ltr'><strong>Adime</strong></span> <span class='ocrx_word' id='word_1_672' title='bbox 1045 4918 1299 4980; x_wconf 81' lang='lat' dir='ltr'><strong>consuetudinem.</strong></span> <span class='ocrx_word' id='word_1_673' title='bbox 1326 4932 1409 4972; x_wconf 85' lang='lat' dir='ltr'><strong>serva</strong></span> <span class='ocrx_word' id='word_1_674' title='bbox 1432 4915 1534 4987; x_wconf 88' lang='lat' dir='ltr'><strong>legem.</strong></span> <span class='ocrx_word' id='word_1_675' title='bbox 1555 4917 1646 4975; x_wconf 83' lang='lat' dir='ltr'><strong>Cedat</strong></span> <span class='ocrx_word' id='word_1_676' title='bbox 1667 4934 1739 4975; x_wconf 89' lang='lat' dir='ltr'><strong>con·</strong></span> 
     </span>
    </p>

    <p class='ocr_par' dir='ltr' id='par_1_6' title="bbox 44 4989 1737 5065">
     <span class='ocr_line' id='line_1_54' title="bbox 44 4989 1737 5065; baseline 0.002 -21"><span class='ocrx_word' id='word_1_677' title='bbox 44 4990 82 5047; x_wconf 89' lang='lat' dir='ltr'><strong>de</strong></span> <span class='ocrx_word' id='word_1_678' title='bbox 95 4993 278 5064; x_wconf 85' lang='lat' dir='ltr'><strong>baptizandis</strong></span> <span class='ocrx_word' id='word_1_679' title='bbox 286 4993 440 5059; x_wconf 70' lang='lat' dir='ltr'><strong>haereticis,</strong></span> <span class='ocrx_word' id='word_1_680' title='bbox 456 4994 484 5047; x_wconf 92' lang='lat' dir='ltr'><strong>in</strong></span> <span class='ocrx_word' id='word_1_681' title='bbox 497 4994 702 5065; x_wconf 77' lang='lat' dir='ltr'><strong>episcoporum</strong></span> <span class='ocrx_word' id='word_1_682' title='bbox 717 5003 865 5058; x_wconf 56' lang='lat' dir='ltr'><strong>sententia</strong></span> <span class='ocrx_word' id='word_1_683' title='bbox 918 4994 1043 5049; x_wconf 66' lang='lat' dir='ltr'><strong>suetudo</strong></span> <span class='ocrx_word' id='word_1_684' title='bbox 1058 4989 1371 5047; x_wconf 84' lang='lat' dir='ltr'><strong>auctoritati.Prarum</strong></span> <span class='ocrx_word' id='word_1_685' title='bbox 1385 5005 1470 5044; x_wconf 87' lang='lat' dir='ltr'><strong>usum</strong></span> <span class='ocrx_word' id='word_1_686' title='bbox 1489 4989 1533 5045; x_wconf 84' lang='lat' dir='ltr'><strong>lex</strong></span> <span class='ocrx_word' id='word_1_687' title='bbox 1544 4997 1571 5045; x_wconf 79' lang='lat' dir='ltr'><strong>et</strong></span> <span class='ocrx_word' id='word_1_688' title='bbox 1584 4990 1658 5045; x_wconf 78' lang='lat' dir='ltr'><strong>ratio</strong></span> <span class='ocrx_word' id='word_1_689' title='bbox 1673 4989 1737 5047; x_wconf 83' lang='lat' dir='ltr'><strong>viu·</strong></span> 
     </span>
    </p>

    <p class='ocr_par' dir='ltr' id='par_1_7' title="bbox 42 5060 1737 5133">
     <span class='ocr_line' id='line_1_55' title="bbox 42 5060 1737 5133; baseline 0.001 -14"><span class='ocrx_word' id='word_1_690' title='bbox 42 5062 330 5121; x_wconf 76' lang='lat' dir='ltr'><strong>tl3sicbabeturza</strong></span> <span class='ocrx_word' id='word_1_691' title='bbox 348 5067 378 5121; x_wconf 91' lang='lat' dir='ltr'><strong>ln</strong></span> <span class='ocrx_word' id='word_1_692' title='bbox 405 5066 561 5133; x_wconf 72' lang='lat' dir='ltr'><strong>hereticis,</strong></span> <span class='ocrx_word' id='word_1_693' title='bbox 584 5066 797 5125; x_wconf 72' lang='lat' dir='ltr'><strong>sineEccteeta</strong></span> <span class='ocrx_word' id='word_1_694' title='bbox 817 5073 862 5126; x_wconf 82' lang='lat' dir='ltr'><strong>ba·</strong></span> <span class='ocrx_word' id='word_1_695' title='bbox 917 5063 1146 5121; x_wconf 79' lang='lat' dir='ltr'><strong>aaatadesane</strong></span> <span class='ocrx_word' id='word_1_696' title='bbox 1174 5062 1202 5118; x_wconf 88' lang='lat' dir='ltr'><strong>in</strong></span> <span class='ocrx_word' id='word_1_697' title='bbox 1233 5075 1387 5125; x_wconf 80' lang='lat' dir='ltr'><strong>cunonem.</strong></span> <span class='ocrx_word' id='word_1_698' title='bbox 1418 5061 1486 5118; x_wconf 87' lang='lat' dir='ltr'><strong>dist.</strong></span> <span class='ocrx_word' id='word_1_699' title='bbox 1511 5076 1544 5126; x_wconf 85' lang='grc' dir='ltr'><strong>ιι,</strong></span> <span class='ocrx_word' id='word_1_700' title='bbox 1568 5060 1737 5120; x_wconf 74' lang='lat' dir='ltr'><strong>aurattana</strong></span> 
     </span>
    </p>

    <p class='ocr_par' dir='ltr' id='par_1_8' title="bbox 1 5131 1739 5207">
     <span class='ocr_line' id='line_1_56' title="bbox 1 5131 1739 5207; baseline 0.012 -20"><span class='ocrx_word' id='word_1_701' title='bbox 1 5171 2 5179; x_wconf 60' lang='lat'><strong>.</strong></span> <span class='ocrx_word' id='word_1_702' title='bbox 43 5138 162 5207; x_wconf 77' lang='lat' dir='ltr'><strong>pharao.</strong></span> <span class='ocrx_word' id='word_1_703' title='bbox 179 5138 380 5205; x_wconf 62' lang='lat' dir='ltr'><strong>admittendis,</strong></span> <span class='ocrx_word' id='word_1_704' title='bbox 396 5153 482 5193; x_wconf 89' lang='lat' dir='ltr'><strong>nemo</strong></span> <span class='ocrx_word' id='word_1_705' title='bbox 496 5139 739 5196; x_wconf 87' lang='lat' dir='ltr'><strong>consuetudinem</strong></span> <span class='ocrx_word' id='word_1_706' title='bbox 758 5143 862 5200; x_wconf 84' lang='lat' dir='ltr'><strong>rationi</strong></span> <span class='ocrx_word' id='word_1_707' title='bbox 915 5135 1062 5192; x_wconf 65' lang='lat' dir='ltr'><strong>iniectum</strong></span> <span class='ocrx_word' id='word_1_708' title='bbox 1094 5149 1101 5189; x_wconf 68' lang='grc' dir='ltr'>ἓ</span> <span class='ocrx_word' id='word_1_709' title='bbox 1132 5155 1146 5184; x_wconf 83' lang='lat' dir='ltr'><strong>a</strong></span> <span class='ocrx_word' id='word_1_710' title='bbox 1177 5131 1254 5190; x_wconf 68' lang='lat'><strong>0⁸⁰⁸</strong></span> <span class='ocrx_word' id='word_1_711' title='bbox 1283 5132 1449 5188; x_wconf 65' lang='lat' dir='ltr'><strong>⁸⁰⁰l⁰fll⁸li</strong></span> <span class='ocrx_word' id='word_1_712' title='bbox 1476 5136 1559 5190; x_wconf 61' lang='grc'><strong>00111</strong></span> <span class='ocrx_word' id='word_1_713' title='bbox 1588 5150 1739 5206; x_wconf 84' lang='lat' dir='ltr'><strong>:pravum</strong></span> 
     </span>
    </p>

    <p class='ocr_par' dir='ltr' id='par_1_9' title="bbox 43 5206 1116 5282">
     <span class='ocr_line' id='line_1_57' title="bbox 43 5206 1116 5282; baseline -0.003 -19"><span class='ocrx_word' id='word_1_714' title='bbox 43 5211 72 5263; x_wconf 82' lang='lat' dir='ltr'><strong>st</strong></span> <span class='ocrx_word' id='word_1_715' title='bbox 85 5206 200 5263; x_wconf 86' lang='lat' dir='ltr'><strong>veritati</strong></span> <span class='ocrx_word' id='word_1_716' title='bbox 215 5215 364 5280; x_wconf 74' lang='lat' dir='ltr'><strong>praeponet</strong></span> <span class='ocrx_word' id='word_1_717' title='bbox 379 5233 387 5271; x_wconf 72' lang='grc' dir='ltr'>ς</span> <span class='ocrx_word' id='word_1_718' title='bbox 404 5208 471 5282; x_wconf 87' lang='lat' dir='ltr'><strong>quie</strong></span> <span class='ocrx_word' id='word_1_719' title='bbox 487 5211 728 5267; x_wconf 77' lang='lat' dir='ltr'><strong>consuetudinem</strong></span> <span class='ocrx_word' id='word_1_720' title='bbox 746 5212 820 5268; x_wconf 80' lang='lat' dir='ltr'><strong>ratio</strong></span> <span class='ocrx_word' id='word_1_721' title='bbox 834 5219 863 5271; x_wconf 82' lang='lat' dir='ltr'><strong>at</strong></span> <span class='ocrx_word' id='word_1_722' title='bbox 917 5222 1013 5266; x_wconf 81' lang='lat' dir='ltr'><strong>usum.</strong></span> <span class='ocrx_word' id='word_1_723' title='bbox 1030 5227 1044 5254; x_wconf 76' lang='lat' dir='ltr'><strong>a</strong></span> <span class='ocrx_word' id='word_1_724' title='bbox 1061 5209 1116 5261; x_wconf 88' lang='lat' dir='ltr'><strong>etc.</strong></span> 
     </span>
    </p>

    <p class='ocr_par' dir='ltr' id='par_1_10' title="bbox 42 5274 1736 5355">
     <span class='ocr_line' id='line_1_58' title="bbox 42 5274 1736 5355; baseline 0.008 -30"><span class='ocrx_word' id='word_1_725' title='bbox 42 5278 151 5334; x_wconf 65' lang='lat' dir='ltr'><strong>veritas</strong></span> <span class='ocrx_word' id='word_1_726' title='bbox 163 5281 425 5352; x_wconf 64' lang='lat' dir='ltr'><strong>mapa—resciudat.</strong></span> <span class='ocrx_word' id='word_1_727' title='bbox 440 5281 537 5338; x_wconf 74' lang='lat' dir='ltr'><strong>»Edit</strong></span> <span class='ocrx_word' id='word_1_728' title='bbox 549 5280 652 5349; x_wconf 77' lang='lat' dir='ltr'><strong>Oxum,</strong></span> <span class='ocrx_word' id='word_1_729' title='bbox 670 5300 734 5355; x_wconf 73' lang='lat' dir='ltr'><strong>pag.</strong></span> <span class='ocrx_word' id='word_1_730' title='bbox 752 5284 861 5340; x_wconf 68' lang='lat'><strong>240.-</strong></span> <span class='ocrx_word' id='word_1_731' title='bbox 950 5278 1006 5346; x_wconf 83' lang='lat' dir='ltr'><strong>(lut</strong></span> <span class='ocrx_word' id='word_1_732' title='bbox 1019 5277 1082 5334; x_wconf 86' lang='lat' dir='ltr'><strong>Non</strong></span> <span class='ocrx_word' id='word_1_733' title='bbox 1108 5275 1200 5343; x_wconf 76' lang='lat' dir='ltr'><strong>igitur</strong></span> <span class='ocrx_word' id='word_1_734' title='bbox 1225 5274 1279 5330; x_wconf 91' lang='lat' dir='ltr'><strong>soti</strong></span> <span class='ocrx_word' id='word_1_735' title='bbox 1307 5275 1461 5345; x_wconf 75' lang='lat' dir='ltr'><strong>aymerico</strong></span> <span class='ocrx_word' id='word_1_736' title='bbox 1490 5276 1599 5346; x_wconf 89' lang='lat' dir='ltr'><strong>scripta</strong></span> <span class='ocrx_word' id='word_1_737' title='bbox 1613 5283 1659 5336; x_wconf 89' lang='lat' dir='ltr'><strong>eet</strong></span> <span class='ocrx_word' id='word_1_738' title='bbox 1675 5277 1736 5338; x_wconf 80' lang='lat' dir='ltr'><strong>hac</strong></span> 
     </span>
    </p>

    <p class='ocr_par' dir='ltr' id='par_1_11' title="bbox 39 5346 1699 5422">
     <span class='ocr_line' id='line_1_59' title="bbox 39 5346 1699 5422; baseline 0.005 -24"><span class='ocrx_word' id='word_1_739' title='bbox 39 5348 178 5421; x_wconf 67' lang='lat' dir='ltr'><strong>cypriani</strong></span> <span class='ocrx_word' id='word_1_740' title='bbox 193 5369 326 5419; x_wconf 60' lang='lat' dir='ltr'><strong>nonaum,</strong></span> <span class='ocrx_word' id='word_1_741' title='bbox 345 5369 402 5409; x_wconf 75' lang='lat' dir='ltr'><strong>non</strong></span> <span class='ocrx_word' id='word_1_742' title='bbox 417 5352 481 5422; x_wconf 74' lang='lat' dir='ltr'><strong>ipsa</strong></span> <span class='ocrx_word' id='word_1_743' title='bbox 496 5354 583 5409; x_wconf 61' lang='lat' dir='ltr'><strong>aaron</strong></span> <span class='ocrx_word' id='word_1_744' title='bbox 597 5354 644 5409; x_wconf 82' lang='lat' dir='ltr'><strong>hta</strong></span> <span class='ocrx_word' id='word_1_745' title='bbox 661 5359 747 5411; x_wconf 64' lang='lat' dir='ltr'><strong>aaran</strong></span> <span class='ocrx_word' id='word_1_746' title='bbox 761 5355 860 5412; x_wconf 65' lang='lat' dir='ltr'><strong>nitus.</strong></span> <span class='ocrx_word' id='word_1_747' title='bbox 915 5348 1050 5421; x_wconf 88' lang='lat' dir='ltr'><strong>apistols,</strong></span> <span class='ocrx_word' id='word_1_748' title='bbox 1070 5350 1121 5407; x_wconf 92' lang='lat' dir='ltr'><strong>sed</strong></span> <span class='ocrx_word' id='word_1_749' title='bbox 1137 5348 1190 5405; x_wconf 90' lang='lat' dir='ltr'><strong>toti</strong></span> <span class='ocrx_word' id='word_1_750' title='bbox 1204 5347 1338 5407; x_wconf 77' lang='lat' dir='ltr'><strong>Ecclesia</strong></span> <span class='ocrx_word' id='word_1_751' title='bbox 1350 5346 1597 5405; x_wconf 82' lang='lat' dir='ltr'><strong>claromontensis</strong></span> <span class='ocrx_word' id='word_1_752' title='bbox 1611 5348 1699 5408; x_wconf 90' lang='lat' dir='ltr'><strong>clero.</strong></span> 
     </span>
    </p>

    <p class='ocr_par' dir='ltr' id='par_1_12' title="bbox 39 5418 861 5550">
     <span class='ocr_line' id='line_1_60' title="bbox 39 5418 861 5550; baseline 0.011 -75"><span class='ocrx_word' id='word_1_753' title='bbox 39 5418 153 5550; x_wconf 47' lang='lat' dir='ltr'><strong>garitae.</strong></span> <span class='ocrx_word' id='word_1_754' title='bbox 165 5439 200 5480; x_wconf 91' lang='lat' dir='ltr'><strong>ex</strong></span> <span class='ocrx_word' id='word_1_755' title='bbox 213 5430 242 5481; x_wconf 75' lang='lat' dir='ltr'><strong>S.</strong></span> <span class='ocrx_word' id='word_1_756' title='bbox 259 5425 395 5496; x_wconf 78' lang='lat' dir='ltr'><strong>martyris</strong></span> <span class='ocrx_word' id='word_1_757' title='bbox 408 5423 541 5497; x_wconf 89' lang='lat' dir='ltr'><strong>epistolis</strong></span> <span class='ocrx_word' id='word_1_758' title='bbox 551 5426 587 5482; x_wconf 90' lang='lat' dir='ltr'><strong>ad</strong></span> <span class='ocrx_word' id='word_1_759' title='bbox 603 5429 635 5482; x_wconf 85' lang='lat' dir='ltr'><strong>P.</strong></span> <span class='ocrx_word' id='word_1_760' title='bbox 651 5427 822 5499; x_wconf 81' lang='lat' dir='ltr'><strong>Pompeium</strong></span> <span class='ocrx_word' id='word_1_761' title='bbox 831 5433 861 5484; x_wconf 93' lang='lat' dir='ltr'><strong>et</strong></span> 
     </span>
    </p>

    <p class='ocr_par' dir='ltr' id='par_1_13' title="bbox 60 5507 231 5568">
     <span class='ocr_line' id='line_1_61' title="bbox 60 5507 231 5568; baseline 0.029 -21"><span class='ocrx_word' id='word_1_762' title='bbox 60 5507 231 5568; x_wconf 55' lang='lat' dir='ltr'><strong>umanum.</strong></span> 
     </span>
    </p>
   </div>
   <div class='ocr_carea' id='block_1_4' title="bbox 0 0 1906 6030">
    <p class='ocr_par' dir='ltr' id='par_1_14' title="bbox 0 0 1906 6030">
     <span class='ocr_line' id='line_1_62' title="bbox 0 0 1906 6030; baseline 0 0"><span class='ocrx_word' id='word_1_763' title='bbox 0 0 1906 6030; x_wconf 95' lang='lat' dir='ltr'><strong> </strong></span> 
     </span>
    </p>
   </div>
  </div>
 </body>
</html>
