3802 6030
1771 68 1779 97 Ι

149 280 227 341 lm
627 272 715 333 vett.
738 268 977 333 illbllllllffl'l
997 267 1201 333 CENCMAN.
1224 271 1348 332 estse.
1772 271 1848 333 illd

148 412 180 467 Iu
197 412 282 484 uqrrie
298 425 365 482 ergo
381 409 480 462 rninue
496 406 575 461 hunc
591 404 698 462 timebo
983 403 1008 473 Α
1024 400 1080 457 Sed
1095 418 1130 458 ne
1146 403 1181 458 de
1197 402 1302 473 pluviis
1318 418 1471 474 aspersum
1487 400 1631 475 germinet
1648 401 1727 469 udis,

280 501 398 569 Absque
413 512 533 553 venenu.
1060 497 1118 547 Aut
1132 510 1164 549 en
1180 510 1237 549 nun
1256 498 1364 566 pereat,
1381 496 1538 567 essequod
1555 493 1624 550 hine
1639 499 1778 567 nequeat,

145 589 172 643 si
189 589 283 643 virum
299 602 478 658 quemquam
495 585 558 640 eine
572 588 652 641 veste
668 586 790 656 spectet,
1024 580 1151 637 Granum
1169 584 1306 654 quodque
1322 582 1401 655 legit,
1426 584 1557 655 prudens
1574 583 1698 639 t'urmice
1712 582 1846 656 bipertit;

145 674 275 748 Longius
291 690 413 747 serpeus
428 681 461 729 ut
476 675 512 729 ab
530 674 596 744 igne
611 679 706 728 cessat
723 689 731 738 ς
1057 670 1117 726 Iloc
1131 679 1174 727 eet
1190 673 1267 744 quod
1283 673 1369 729 biuus
1381 672 1426 728 lex
1441 673 1528 728 hnbet
1543 674 1610 729 inde
1627 673 1699 729 viae.

47 810 50 815 .
143 769 180 820 nt
194 766 295 821 videns
311 762 394 819 illum
412 763 462 836 qui
475 764 550 833 gerit
565 763 719 829 amictum,
1022 759 1088 824 oce
1105 765 1219 816 terrena
1234 770 1328 830 senet,
1344 761 1434 817 simul
1449 766 1478 817 et
1492 761 1621 818 coeleetin
1636 765 1798 830 monstret;

285 852 384 924 Surgit
399 853 428 908 in
445 852 540 907 illurn.
1057 848 1140 905 Nunc
1156 855 1281 906 mentem
1300 852 1401 922 pascit.
1418 856 1447 907 et
1463 854 1549 908 modu
1564 867 1671 922 corpus
1685 850 1746 906 elit.

143 944 233 1009 Quem
249 945 293 1000 vir
309 949 340 999 ut
357 943 457 1014 vineit,
475 942 667 1013 sequiturque
683 941 812 996 multum
1022 935 1079 990 Noe
1093 943 1157 993 uter
1172 942 1203 992 ut
1218 937 1338 1009 repleat,
1355 938 1441 994 famis
1459 945 1491 994 ut
1507 938 1631 994 formido
1648 938 1765 995 recedet

144 1033 271 1106 Negligit
285 1049 405 1104 corpus,
422 1032 490 1088 facit
503 1032 571 1087 inde
584 1044 710 1095 scutum,
1058 1026 1202 1099 Tempore
1212 1027 1328 1098 judicii,
1345 1029 1421 1100 quod
1437 1026 1532 1082 simile
1548 1038 1587 1082 est
1603 1027 1704 1083 hiemi.

147 1123 269 1181 verticis
282 1138 374 1194 usque
390 1127 468 1179 tenet
483 1120 531 1176 ille
546 1138 646 1177 curam
1357 1133 1392 1173 us
1408 1133 1508 1173 voces.

313 1211 353 1268 Ne
370 1211 519 1267 morietur.
1023 1203 1111 1261 Pleno
1122 1204 1197 1261 dolls
1215 1204 1317 1261 multis
1333 1206 1476 1262 vocitetur
1491 1206 1616 1262 subdole
1633 1205 1750 1276 vulpie3

149 1304 238 1358 Fonte
253 1300 303 1373 qui
319 1317 403 1357 sacru
418 1301 509 1356 semel
526 1302 694 1368 innovetur,
1058 1298 1140 1350 Hunc
1156 1302 1235 1353 amet
1251 1295 1309 1368 (tv)
1325 1297 1452 1369 agricole
1467 1298 1545 1368 quud
1563 1298 1639 1370 repit
1655 1296 1750 1353 eltilia

147 1391 249 1447 Denuo
264 1390 289 1445 si
303 1406 416 1463 peccas,
432 1390 587 1445 silicernus
603 1395 715 1445 exstas:
1023 1379 1070 1436 Sln
1088 1382 1357 1440 hebetillet'emem
1381 1385 1450 1457 quia
1476 1387 1593 1457 desunt,
1610 1387 1723 1442 invenit
1757 1392 1843 1440 erlem

147 1479 222 1553 Ergo
237 1480 279 1536 sis
294 1495 410 1550 semper
425 1479 663 1553 imitntornuguis
1059 1471 1122 1535 Oua
1136 1473 1192 1528 sibi
1207 1480 1359 1530 crucuutes
1377 1476 1516 1546 prendere
1534 1474 1624 1546 possit
1641 1493 1719 1530 sves.

286 1573 359 1625 Cum
378 1570 548 1625 veterascis.
1023 1562 1055 1627 lu
1071 1567 1176 1617 terrum
1200 1563 1294 1618 lusere
1309 1581 1338 1618 sc
1350 1565 1444 1619 tendit
1460 1573 1546 1636 utque
1562 1565 1711 1635 supinam,

146 1659 191 1716 Sit
206 1658 289 1714 cibus
309 1674 427 1731 percus,
446 1661 670 1727 minuanturque
687 1662 790 1714 urtus:
1060 1650 1095 1706 Et
1111 1652 1194 1723 quasi
1211 1666 1325 1708 mortua
1339 1654 1386 1714 eit.
1405 1652 1520 1708 tlirtrine
1540 1653 1621 1709 nullu
1634 1654 1734 1710 trahit.

146 1745 229 1804 Unde
245 1748 442 1816 coemendis,
457 1749 580 1803 miseros
593 1747 718 1817 juvabis,
982 1766 1007 1841 B
1024 1740 1129 1800 Coruin
1145 1746 1197 1797 aut
1211 1746 1272 1805 uter
1287 1759 1391 1798 corvus
1407 1750 1490 1815 putet
1508 1759 1572 1798 esea
1588 1744 1724 1810 cedever,

145 1837 291 1894 Posuiteus
307 1835 392 1904 delle,
409 1836 589 1909 Dominoque
606 1852 683 1909 sepe
1057 1828 1167 1886 lnsidet
1183 1836 1215 1886 ut
1229 1832 1374 1899 comedat,
1391 1832 1540 1887 morsibus
1556 1833 1692 1889 excoriat.

295 1924 364 1981 Dic:
382 1926 528 1981 Miserere,
1021 1917 1073 1974 Illa
1087 1918 1157 1973 levis
1172 1921 1277 1990 surgit,
1295 1922 1452 1992 subitoque
1468 1921 1584 1977 volrtile
1600 1922 1703 1989 sumit,

145 2013 245 2088 Signat
258 2014 337 2070 hunc
354 2013 458 2070 callem
475 2014 582 2084 lapidis
598 2014 739 2080 foramen,
1056 2009 1200 2064 Dentibus
1215 2015 1244 2064 et
1261 2011 1372 2066 tristem
1389 2011 1488 2067 reddit
1502 2012 1614 2066 edendo
1630 2012 1735 2068 vicem.

146 2103 248 2175 Signat
259 2109 287 2159 et
301 2103 452 2159 Christum
466 2110 568 2176 petra:
587 2121 653 2158 nem
671 2120 721 2174 per
737 2104 832 2174 ipsum
1021 2098 1088 2153 lude
1105 2104 1184 2154 tenet
1197 2099 1317 2170 duplum
1335 2116 1420 2170 quum
1439 2101 1558 2172 prodest
1573 2117 1659 2156 nosse
1675 2101 1812 2174 figuram,

146 2191 191 2248 Fit
206 2208 299 2249 novus
315 2193 487 2267 quisquam,
505 2194 583 2266 cupit
598 2199 685 2265 atque
700 2193 789 2255 vitum
1059 2186 1143 2245 Nune
1158 2189 1261 2249 nebulo
1275 2189 1391 2258 similis,
1410 2207 1462 2261 pur
1476 2190 1635 2260 aliquando
1653 2191 1735 2247 viris.

291 2282 362 2339 Fine
381 2288 537 2338 carentem.
1023 2277 1155 2335 Mortuus
1172 2285 1216 2335 est
1232 2282 1361 2351 eccequi
1379 2287 1501 2337 mortem
1520 2282 1585 2336 tecit
1604 2282 1734 2350 heberc3

143 2369 234 2442 Culus
250 2371 285 2426 ed
302 2370 414 2427 celsum
431 2371 575 2427 veniendo
592 2369 744 2443 templum,
1055 2368 1115 2423 lloc
1131 2374 1175 2424 eet
1188 2367 1357 2425 dissimulet
1372 2371 1449 2443 quod
1463 2370 1541 2426 mele
1557 2389 1614 2427 uon
1635 2373 1732 2428 faciat.

144 2456 183 2514 Ut
196 2460 283 2514 bibes
298 2476 414 2514 sucrum
432 2461 609 2531 beatumque
623 2461 744 2515 verbum
1020 2460 1110 2525 Cuius
1126 2457 1187 2512 edit
1203 2473 1318 2513 curnem
1336 2459 1472 2531 quisquis
1488 2477 1547 2515 rem
1567 2462 1650 2532 fingit
1667 2463 1796 2533 inanem,

142 2546 267 2604 Evomus
285 2549 411 2619 primum
430 2549 511 2619 quod
527 2549 616 2604 hebes
632 2564 788 2615 venenum,
1054 2550 1114 2601 Hoc
1125 2550 1169 2600 est
1184 2555 1334 2617 peccatum
1354 2550 1503 2618 quodlibet
1517 2556 1605 2622 atque
1621 2553 1747 2609 malum.

285 2639 377 2692 Corde
393 2639 539 2692 nocivum.
1021 2635 1111 2698 Quem
1129 2633 1214 2706 quusi
1231 2633 1365 2706 deglutit,
1382 2652 1448 2692 cum
1466 2653 1565 2692 secum
1580 2639 1615 2691 ud
1643 2644 1755 2694 tartare
1771 2640 1846 2696 ducit

141 2725 231 2780 Corde
248 2732 316 2779 suut
334 2727 383 2780 ire
396 2728 491 2796 magis
506 2741 600 2794 angue
612 2726 713 2798 nigre,
1058 2723 1173 2777 bremon
1191 2723 1227 2777 eb
1239 2723 1355 2780 insidiis
1371 2724 1531 2797 vulpeculu
1548 2725 1667 2781 similis.

145 2811 180 2869 bt
191 2813 272 2868 velut
288 2819 396 2869 matres
413 2814 514 2869 odium
531 2823 683 2882 creantes3
1021 2809 1068 2866 Sic
1084 2827 1149 2866 curn
1168 2813 1268 2868 fraude
1283 2814 1336 2868 viri
1353 2820 1423 2869 suut
1434 2815 1531 2886 vulpis
1547 2815 1667 2871 contine
1681 2816 1774 2890 digni,

142 2901 235 2958 Corde
252 2908 321 2959 sunt
337 2902 403 2957 rixe
421 2904 494 2958 bene
510 2920 567 2958 non
590 2903 701 2969 amice,
1057 2899 1161 2964 Quales
1177 2901 1230 2957 hoc
1247 2902 1345 2973 plures
1358 2912 1486 2974 tempore
1501 2909 1571 2958 sunt
1587 2903 1734 2961 homines.

319 2991 495 3064 Invidiaeque
1022 2988 1207 3061 herodesque
1224 2991 1279 3045 fuit
1294 2991 1343 3063 qui
1360 2992 1506 3047 christum
1537 3009 1665 3064 querere
1687 2992 1783 3065 jussit
1805 2993 1845 3052 *ε

145 3077 237 3137 Corde
252 3082 402 3154 conceptis
419 3081 502 3137 furiis
518 3082 666 3155 superbie,
1058 3077 1181 3135 Credere
1196 3096 1228 3136 ee
1242 3078 1398 3147 simulans,
1415 3083 1534 3152 perdere
1549 3083 1755 3141 dissimulans.

139 3174 212 3226 Nam
227 3173 388 3243 coequales
403 3186 585 3242 superosque
600 3170 717 3229 temnis.
983 3130 1006 3198 c
1359 3206 1393 3247 Μ
1408 3206 1503 3259 cm),

139 3256 227 3315 Plena
241 3266 313 3315 sunl
327 3259 391 3315 istie
406 3259 531 3332 ullisque
547 3261 648 3316 mulli!
1020 3274 1129 3331 Cervus
1146 3277 1252 3334 hebere
1268 3277 1341 3334 tices
1358 3288 1478 3335 naturus
1495 3285 1581 3353 atque
1598 3281 1707 3351 figurae

284 3348 377 3405 Corde
392 3350 521 3406 venenis.
1053 3364 1194 3420 Dicituru
1212 3367 1326 3441 Physica,
1342 3384 1409 3424 cum
1426 3368 1509 3424 docet
1524 3370 1603 3435 inde,
1621 3370 1708 3440 Lego.

138 3437 189 3494 llis
205 3438 322 3511 quidem
341 3455 433 3510 purus
449 3439 533 3510 quusi
549 3444 627 3496 vesle
643 3441 741 3497 nudus
1018 3452 1090 3509 Num
1107 3454 1224 3525 quosvis
1239 3456 1364 3527 grandes
1375 3475 1441 3513 cum
1456 3460 1577 3516 naribus
1593 3461 1722 3527 extrahit
1738 3477 1845 3539 ungues

20 3534 28 3543 ·
137 3526 291 3586 Demones
308 3529 416 3602 anguis
432 3530 545 3602 typicus
560 3529 686 3603 fugabis,
1054 3548 1093 3599 be
1109 3543 1202 3599 caveis
1218 3549 1310 3614 terre,
1327 3547 1362 3600 de
1377 3545 1530 3603 latebrisve
1547 3553 1645 3620 petre.

139 3617 239 3674 Noctis
260 3624 293 3675 ut
306 3636 398 3676 ceras
414 3618 555 3691 deprimit
570 3619 706 3677 tenebras
1018 3630 1096 3694 Quos
1107 3637 1196 3698 voret,
1217 3637 1247 3689 et
1260 3637 1334 3689 tetro
1351 3651 1416 3690 mox
1433 3636 1609 3692 fervescente
1625 3652 1737 3695 veneno

309 3707 408 3765 Orbita
423 3708 505 3765 solie.
1050 3720 1165 3776 AEetuat
1177 3721 1213 3777 ed
1228 3719 1358 3795 liquidas
1373 3739 1492 3797 pergere
1507 3725 1597 3780 fontis
1612 3741 1718 3797 aquea.

140 3796 245 3852 11⁷⁶
261 3797 314 3852 Sed
331 3801 428 3854 tamen
445 3796 554 3856 multus
568 3801 677 3873 patiere
694 3816 817 3874 pugnas,
1013 3808 1092 3874 Quas
1107 3826 1174 3866 cum
1192 3812 1264 3867 l'orte
1281 3812 1365 3880 bibit,
1382 3813 1428 3869 his
1444 3815 1550 3885 plenus
1566 3815 1660 3871 tuxicn
1676 3816 1769 3873 vincit

135 3889 229 3959 Atque
244 3885 315 3943 dum
330 3887 408 3944 vives
425 3887 455 3944 iu
472 3905 564 3962 egone
580 3890 641 3946 iles.
1553 3904 1576 3978 [l
1592 3904 1675 3961 idest
1690 3905 1805 3981 vomit]

34 3996 37 4002 ·
134 3969 216 4031 Unde
229 3982 379 4046 serpentes
395 3976 511 4034 imitere
527 3979 656 4051 prudens
1046 3993 1081 4044 Se
1090 3988 1289 4062 juvenemque
1305 3991 1383 4065 fucit¹
1401 4010 1511 4050 cornus
1527 3996 1644 4067 quando
1656 3993 1740 4066 lucit.
1800 3984 1804 3993 ¹

278 4064 404 4122 Vertiels
425 4070 535 4121 auctor.
1010 4076 1069 4133 Nus
1085 4096 1200 4154 quoque
1216 4082 1377 4154 compressi
1392 4087 1536 4155 serpentis
1552 4084 1655 4140 freude
1672 4083 1796 4159 maligni

132 4152 183 4209 Vis
200 4170 291 4211 novus
306 4155 396 4209 vitem
413 4155 476 4210 sine
493 4153 551 4208 [lue
567 4155 709 4225 diguam?
1047 4165 1131 4223 Virus
1142 4169 1358 4240 contrahimus,
1375 4173 1488 4230 urimur
1502 4179 1530 4229 et
1548 4174 1669 4229 funibus.

132 4241 254 4318 Semper
269 4242 391 4298 illesum
409 4246 499 4312 caput
512 4247 557 4296 est
572 4241 762 4302 habendum:
1021 4254 1086 4311 Haec
1099 4262 1145 4313 est
1160 4257 1283 4331 luxuria,
1300 4279 1389 4339 quum
1406 4264 1471 4333 fert,
1488 4265 1646 4339 odiumque
1660 4265 1706 4321 vel
1723 4265 1778 4343 ire,

131 4335 190 4390 Hoc
204 4337 293 4404 ceput
304 4329 368 4386 dico
384 4329 461 4401 quud
479 4329 571 4386 hahes
588 4330 693 4403 inipso
1048 4347 1105 4400 Aut
1120 4346 1208 4402 etiam
1222 4349 1313 4407 ninia
1326 4359 1371 4407 est
1386 4354 1451 4409 eris
1463 4355 1596 4410 evaritia.

262 4419 395 4494 Principe
410 4420 537 4478 Christo.
1017 4434 1058 4490 hd
1076 4434 1184 4491 fontem
1198 4437 1294 4493 vivum
1312 4439 1451 4498 debemus
1466 4459 1580 4500 currere
1596 4442 1759 4516 Christum¹

458 4528 492 4567 ne
511 4526 635 4568 roeurca
1055 4525 1191 4591 Quicum
1208 4545 1261 4585 noe
1279 4532 1358 4604 udat,
1375 4539 1492 4606 sumpte
1505 4550 1616 4590 venene
1631 4535 1725 4609 fugat.

133 4598 305 4671 Exemplum
323 4601 409 4656 nobie
425 4601 535 4672 prebet
549 4601 672 4657 formica
686 4601 807 4671 laboris,
1014 4615 1119 4670 1116
1135 4615 1171 4671 tet
1184 4633 1289 4675 sumus
1315 4620 1360 4679 his
1385 4623 1512 4696 demptis
1534 4624 1668 4699 juvenes,
1684 4624 1843 4700 fractisque

169 4689 292 4753 Quando
308 4706 361 4744 suo
378 4689 497 4745 solitum
514 4695 609 4763 portat
623 4692 653 4747 ln
670 4707 719 4748 ore
734 4692 832 4750 eibum
1645 4711 1808 4786 [superbia

133 4777 225 4849 1¹¹i⁰⁰
246 4777 309 4832 ⁸⁰5⁸
325 4779 409 4833 ¹⁸⁰5ss
427 4795 473 4834 ”⁰⁸
488 4784 632 4836 m⁰⁰⁸lfll
647 4782 825 4853 llllllllllfflc
1051 4804 1118 4868 Quae
1131 4801 1216 4875 qnasi
1232 4817 1341 4857 cornua
1357 4805 1437 4870 sunt,
1453 4818 1519 4857 curn
1537 4802 1660 4863 miseros
1676 4801 1799 4858 feriunt.

169 4866 247 4932 ΟΜ
262 4867 331 4939 (lull
345 4867 468 4925 Ju‘laelffi
486 4886 542 4925 ¹¹⁰⁰
561 4878 648 4939 emat,
664 4871 731 4927 5⁰⁶⁰
747 4888 823 4930 lfufl·
1018 4893 1133 4950 Cornua
1149 4896 1219 4948 eunt
1234 4889 1325 4958 oneri,
1342 4907 1405 4964 que
1423 4894 1540 4962 portent
1558 4890 1664 4947 vertice
1679 4891 1770 4959 cervi,

134 4954 170 5012 Ut
184 4956 282 5014 ΠΜ
298 4957 407 5013 bfumffi
425 4960 486 5014 fieri
502 4976 605 5015 ’ΜΕ
622 4961 734 5032 summi
1049 4981 1106 5038 Sed
1124 4998 1180 5038 uon
1199 4980 1332 5036 dedecori
1349 4981 1560 5036 indevirlentur
1575 4980 1646 5036 heri.

169 5044 218 5102 13⁸²
233 5047 322 5113 ⁰⁸¹⁰fv
341 5048 451 5104 lsslsslflss
466 5065 524 5104 ‘¹⁰¹¹
541 5048 699 5120 f0q⁰l⁹⁸⁰ll
712 5067 756 5106 θα·
1018 5072 1047 5128 Si
1065 5070 1168 5127 fluvios
1183 5073 1316 5126 sternant
1344 5072 1462 5142 pariter,
1479 5070 1647 5142 puriterque
1677 5074 1842 5143 peragrent,

132 5134 252 5209 Nosque
267 5137 447 5206 laboremus,
465 5137 655 5205 fr.rtree‚dum
672 5144 789 5213 tempus
805 5142 958 5218 habemus,
1052 5160 1180 5235 Longius
1197 5164 1226 5216 et
1241 5163 1366 5232 pergunt
1381 5176 1489 5229 percus
1505 5161 1622 5232 quundo
1635 5164 1753 5232 petunt.

169 5222 270 5280 5⁰⁰⁰&
287 5227 349 5281 fleti
364 5230 494 5298 tempore
506 5226 620 5297 J'u‘flssll·
1017 5249 1138 5305 Portant
1153 5263 1328 5319 suspensum
1344 5248 1512 5318 gradientes
1528 5248 1792 5321 ordinemeutum,

47 5392 50 5397 ¹
134 5315 203 5370 trec
218 5313 363 5370 frumenta
378 5313 458 5388 legit,
475 5314 500 5370 ei
511 5317 665 5388 comperit3
691 5318 799 5377 hordea
828 5327 958 5396 speruit:
1051 5340 1133 5396 Alter
1148 5338 1177 5394 tn
1194 5337 1315 5394 alterins
1330 5336 1467 5395 clunibus
1482 5340 1648 5411 impositus.

171 5403 238 5581 tppp
252 5421 354 5562 porum
370 5404 462 5479 lesem
479 5406 595 5481 eotttgo,
613 5424 670 5466 non
687 5415 823 5469 veterem·
1018 5428 1098 5483 eune
1117 5427 1243 5485 retinent
1257 5442 1356 5500 nium,
1372 5427 1396 5483 st
1414 5426 1472 5497 sint
1488 5428 1530 5485 vet
1547 5428 1578 5485 tn
1593 5427 1698 5486 ordine
1713 5431 1843 5499 eentum,

185 5506 202 5562 l
271 5522 318 5565 mu
333 5507 403 5566 odit.

172 5656 184 5692 ⁴
211 5659 278 5717 ive.
294 5675 355 5720 eru.
