3802 6030
172 286 248 348 tatu
660 278 752 341 tuo.
775 273 1010 339 ultuuuuatl
1033 270 1239 335 cuuoutu.
1264 267 1384 331 uulso.
1680 332 1686 339 ,
1802 260 1867 326 Μ

172 415 225 474 His
240 419 285 471 est
300 413 438 479 salvator,
453 412 501 485 qui
519 409 618 484 legiler
634 411 722 483 atque
736 415 857 465 crantor.
1013 405 1040 474 Α
1055 404 1162 461 Contra
1177 405 1312 459 naturam
1328 397 1490 472 parientem
1506 395 1624 452 credere
1638 408 1758 468 puram.

159 506 207 563 ‘Et
219 504 329 578 pateris
344 504 453 559 lruslra
468 515 642 558 consumere
657 502 785 571 plurima
800 498 893 554 lustra
1055 493 1182 550 Pristiua
1197 492 1283 564 signa
1295 505 1366 562 roga
1378 504 1441 560 quae
1458 490 1613 543 veneratur
1627 488 1794 558 synagoga,

172 598 311 666 l‘uguaus
327 593 476 649 ineassum
495 595 675 665 pugnantem
692 590 812 646 reddare
828 588 950 645 lassum.
1054 582 1177 640 Credere
1192 597 1303 649 collerls
1318 595 1395 635 unna
1412 576 1540 650 perillus
1554 576 1633 632 unda
1646 574 1779 631 teneris:

174 685 229 741 Sed
248 684 298 740 liet
312 700 411 740 verum
429 684 484 740 sub
500 688 634 753 tempore
649 681 781 755 quinqua
797 680 922 736 dierum.
1055 671 1127 728 Nam
1145 673 1238 727 rnhus
1254 669 1384 734 ardebat,
1397 669 1447 723 aad
1464 665 1576 723 frondis
1591 664 1703 722 honore
1716 662 1848 736 virebat3

173 774 254 841 Quod
273 772 346 830 mihi
362 774 548 840 monstravit,
565 773 613 846 qui
630 778 736 828 anneta
759 775 856 828 creata
880 768 997 826 creauit.
1054 762 1174 818 Pertulit
1186 763 1331 828 ardorem,
1349 775 1401 816 nee
1415 756 1541 830 perdidit
1555 757 1618 829 ipse
1629 756 1768 811 virorem.

171 861 239 920 iam
256 862 358 937 culpas
373 863 502 935 discunt,
518 863 590 920 satis
606 861 639 936 [i.
667 860 744 933 sitis]
771 867 844 917 aeatu
872 873 999 931 uanique
1054 851 1126 908 Cum
1143 854 1225 906 radix
1241 866 1299 906 non
1316 850 1373 915 del,
1384 853 1484 904 lamen
1501 846 1584 903 arida
1611 844 1727 918 virgula
1755 843 1869 913 frondet.

834 949 996 1023 [tatiacunt.
1052 940 1220 997 Fraudibus
1234 939 1332 996 allatis
1348 939 1438 994 decus
1456 938 1568 994 addens
1583 936 1774 1004 sirpinitatis.

173 1038 217 1098 0b
232 1040 299 1098 sitis
312 1041 460 1107 ardorem,
476 1040 648 1096 damnatum
661 1037 724 1110 legs
739 1053 872 1093 ornarem
1055 1031 1151 1089 Imbro
1167 1031 1265 1087 madet
1279 1028 1383 1098 vellus,
1399 1045 1465 1085 curu
1483 1044 1540 1085 nan
1557 1028 1653 1084 madet
1673 1027 1758 1082 arida
1773 1025 1867 1097 tellust

170 1130 236 1189 tam
254 1147 310 1186 uon
328 1131 510 1195 discernunt,
528 1130 605 1185 eloh
622 1129 674 1185 hac
692 1127 995 1195 animaliasteruunt3
1056 1121 1146 1179 Terra
1162 1121 1260 1177 madet
1275 1119 1365 1184 stilla,
1382 1136 1448 1175 cnm
1465 1118 1559 1175 vellus
1574 1134 1632 1175 uon
1650 1118 1752 1173 madet
1766 1117 1825 1176 illa.

172 1225 262 1288 Quem
276 1219 302 1275 si
317 1221 391 1274 iorte
405 1219 518 1285 hibunt,
539 1219 687 1276 oll'eudenl
703 1223 792 1290 atque
809 1216 955 1288 peribunt.
1053 1214 1143 1268 blatra
1160 1212 1215 1267 bea
1231 1210 1322 1283 digua
1338 1215 1408 1266 suut
1423 1209 1484 1266 hae
1501 1225 1552 1280 pra
1567 1208 1685 1275 Virpina
1700 1209 1806 1280 aiguas

172 1307 209 1366 Ut
224 1311 277 1366 bas
292 1309 348 1365 sub
364 1307 469 1379 cultra,
486 1308 567 1379 plebs
578 1309 676 1365 amuis
690 1311 806 1364 corruet
822 1305 907 1363 ultra.
1052 1307 1132 1373 Quod
1150 1307 1229 1363 dedit
1245 1306 1398 1364 insolitum
1416 1312 1560 1363 monstret
1569 1305 1704 1362 Danubio
1713 1304 1865 1378 repetitum.

172 1397 225 1464 Qui
239 1398 338 1470 justas
355 1397 462 1469 rnuuit,
480 1397 622 1454 facientes
636 1397 762 1454 crimina
776 1396 872 1470 punit.
1051 1397 1207 1472 Virgineus
1224 1402 1324 1470 partus
1340 1397 1455 1455 diuinas
1471 1398 1541 1454 dum
1558 1398 1635 1470 parit
1650 1402 1744 1465 artus,

171 1487 220 1544 Sia
233 1486 286 1543 tihi
304 1485 443 1542 trudendi
458 1485 573 1558 stipulas
589 1490 660 1543 snut
675 1503 755 1543 mara
772 1484 899 1553 terendi,
1052 1487 1138 1545 Nulla
1154 1488 1300 1545 auleatum
1317 1489 1367 1545 dat
1381 1488 1480 1545 ilarem
1496 1503 1613 1545 varnero
1628 1492 1760 1560 partum.

171 1575 231 1633 Nee
246 1575 346 1633 damni
363 1577 494 1650 fragmen
510 1576 637 1650 patiatur
653 1575 756 1633 militis
772 1591 881 1648 agmen.
1053 1578 1137 1634 Parta
1153 1583 1248 1634 serata
1264 1579 1322 1650 pall
1338 1578 1463 1636 Domina
1477 1578 1510 1634 lit
1524 1578 1631 1651 previa
1646 1577 1714 1649 sali,

172 1665 296 1723 Ancilla
311 1664 411 1721 diatau
428 1682 487 1721 nou
503 1669 559 1737 est,
575 1666 634 1721 dns
648 1665 770 1737 optima,
787 1663 899 1720 ilatum.
1052 1666 1164 1724 Florem
1181 1668 1335 1723 munditia
1351 1666 1517 1739 paritalvus
1533 1667 1633 1724 clausa
1648 1667 1759 1734 Maria,

171 1755 227 1823 Qui
239 1756 322 1813 sedet
336 1760 417 1813 nstra
431 1773 520 1828 super
535 1755 676 1829 premisit
693 1772 737 1812 ma
752 1753 805 1810 tibi
819 1767 933 1825 nnpar3
1013 1781 1036 1849 B
1053 1757 1166 1827 Integra
1181 1755 1337 1829 gignenda,
1353 1755 1434 1813 velut
1450 1755 1561 1823 integra
1576 1753 1788 1827 eaneipleuda:

172 1845 282 1905 Nuntia
296 1847 388 1904 missa
403 1846 474 1914 iera,
490 1851 665 1919 tantumque
680 1844 809 1903 salubria
823 1859 920 1917 quara
934 1856 942 1899 τ
1050 1844 1181 1917 Virginis
1195 1861 1264 1918 ergo
1280 1850 1362 1902 tarus
1377 1849 1489 1917 quanta
1503 1845 1536 1901 tlt
1550 1847 1618 1902 dolo
1631 1845 1767 1910 decorus.

171 1935 232 1994 Hac
246 1940 344 1993 tecum
360 1937 395 1993 de
410 1953 441 1994 re
455 1939 507 1993 tua
522 1936 583 1992 vult
598 1935 705 1994 aneilla
719 1949 847 1992 manera.
1050 1933 1119 1990 caeli
1135 1949 1285 2008 praecones
1300 1935 1464 1991 docuerunt
1478 1934 1632 2008 opiliones.

208 2025 309 2084 ¹185
326 2028 391 2082 Mox
405 2042 504 2083 secum
520 2024 645 2099 plaudit,
661 2041 729 2081 oum
759 2023 829 2081 talia
853 2022 997 2079 barbarus
1052 2024 1474 2096 Maaneuaaumsidns,een
1491 2025 1609 2096 quidam
1638 2023 1761 2082 vernula
1787 2023 1861 2093 lidus,

890 2112 996 2186 laudii,
1051 2113 1122 2170 Cum
1140 2128 1224 2185 prece
1238 2114 1381 2171 danorum
1397 2118 1481 2171 vacat
1495 2114 1564 2171 illua
1593 2115 1681 2172 corda
1711 2128 1862 2188 megaron.

173 2205 394 2280 Impatiensque
409 2222 499 2263 maras
512 2205 611 2262 subita
627 2208 752 2262 caecatur
764 2220 884 2271 amarer
1053 2205 1135 2261 Miris
1151 2205 1230 2262 unde
1245 2205 1340 2261 madia
1352 2205 1447 2262 rabies
1463 2205 1573 2261 insanit
1588 2205 1720 2273 llerodis,

176 2295 210 2352 ut
224 2296 317 2368 stupri
334 2301 427 2352 tatum
442 2313 562 2353 versans
577 2295 605 2351 in
624 2301 739 2366 pectore
754 2304 863 2364 ratum,
1053 2298 1092 2350 Aa
1108 2295 1203 2351 bimos
1219 2299 1327 2350 mactat
1342 2310 1415 2367 quas
1433 2300 1525 2350 mater
1541 2296 1648 2350 terniue
1665 2294 1766 2350 lactat.

175 2385 282 2444 Larius
297 2393 416 2442 extensa
432 2386 464 2441 dt
477 2384 561 2441 latus
577 2386 665 2441 diuite
679 2401 800 2452 meusa;
1053 2383 1136 2440 Hune
1152 2388 1305 2439 mactando
1319 2399 1449 2457 gregem,
1466 2399 1587 2456 puerum
1612 2382 1675 2438 vult
1698 2383 1817 2455 perdere
1830 2395 1864 2437 ro·

175 2476 206 2532 lu
223 2474 390 2546 neutrisque
401 2474 496 2530 haum
511 2491 568 2530 nan
580 2481 676 2531 cessat
684 2476 806 2531 fundere
819 2473 973 2532 Bacchum.
1777 2468 1863 2544 [gant

175 2563 245 2622 Plus
258 2563 345 2620 salita
360 2562 476 2636 planos,
491 2563 593 2620 iudith
609 2567 662 2619 luit
677 2563 743 2638 igue
759 2579 891 2621 serenus.
1054 2560 1109 2618 Sed
1127 2578 1201 2619 snus
1216 2561 1339 2618 illusum
1356 2562 1529 2634 paedapagus
1544 2565 1641 2617 servat
1655 2561 1766 2633 Iesum,

176 2657 238 2711 Nax
254 2653 345 2710 trahit
359 2652 388 2708 iu
405 2669 542 2710 somnum
560 2659 620 2711 tota
635 2670 700 2710 cnm
718 2653 811 2711 miore
827 2654 958 2714 domum.
1053 2651 1213 2707 sedulitate
1229 2650 1277 2723 pin
1293 2651 1407 2723 lugiens
1422 2667 1488 2706 cum
1507 2656 1599 2706 matra
1615 2649 1719 2707 Maria.

176 2739 296 2797 Femina
309 2737 398 2813 digua
412 2740 485 2797 satia
497 2741 572 2796 dans
588 2741 710 2797 sormam
725 2740 912 2815 virginitatis,
1057 2740 1171 2813 hacque
1183 2756 1255 2812 puer
1269 2743 1349 2796 suxit
1364 2741 1442 2812 quad
1459 2740 1562 2796 matris
1578 2742 1614 2796 nb
1631 2741 1721 2796 ubera
1736 2738 1827 2807 linxit,

178 2828 242 2886 Stat
257 2827 339 2885 ducis
353 2834 421 2886 ante
435 2834 530 2886 tarnru
548 2831 708 2903 spirantem
721 2832 999 2888 membraduarum.
1057 2829 1091 2885 ut
1106 2833 1189 2902 quasi
1207 2838 1341 2902 peccator
1357 2846 1502 2886 mammas
1519 2830 1591 2886 bibit
1606 2828 1818 2899 Omniareatar,
1900 2870 1901 2909 p

178 2918 287 2975 Dextra
301 2917 411 2974 victrici
418 2917 559 2992 jugulum
576 2919 684 2976 feriens
699 2919 822 2992 inimici,
1056 2918 1113 2976 Sed
1129 2919 1201 2976 coela
1216 2919 1331 2992 plenas,
1347 2919 1534 2992 claustraque
1550 2920 1671 2991 pudoris
1687 2935 1825 2977 ammana.

177 3008 220 3065 Ad
236 3023 374 3065 somnum
392 3007 453 3064 villi
468 3025 607 3066 somnum
623 3011 727 3067 martia
739 3010 819 3067 dedit
834 3008 877 3067 illi
894 3028 901 3068 :
1056 3011 1123 3075 Qus
1139 3008 1193 3083 legi
1210 3010 1297 3065 debat
1312 3008 1409 3065 caruis
1425 3010 1567 3082 preputio
1582 3009 1692 3081 prebet
1708 3026 1715 3066 :

176 3096 253 3154 Ense
267 3102 356 3170 caput
370 3102 483 3155 sectum
500 3098 659 3156 maculavit
673 3099 815 3170 sauguine
830 3099 948 3157 lectum.
1056 3099 1183 3155 Turture
1199 3099 1370 3168 mundatur,
1386 3115 1443 3169 quo
1455 3099 1557 3154 mundi
1573 3099 1660 3170 eulpa
1675 3097 1811 3156 lavatur:

176 3187 238 3245 Tali
253 3195 347 3244 marta
363 3188 441 3256 data,
456 3188 559 3246 Juoitu
576 3189 652 3246 radit
666 3190 849 3260 intemerata,
1018 3157 1185 3244 Gllestitnr
1199 3188 1315 3261 pannis,
1331 3189 1408 3243 victu
1424 3194 1578 3261 vegetatur
1592 3198 1617 3244 et
1633 3188 1742 3259 anuis3

176 3276 387 3350 causamque
402 3277 506 3346 usum,
523 3279 651 3335 reterens
665 3295 699 3335 ex
718 3279 801 3345 hosta
822 3280 997 3353 tropheum,
1054 3287 1158 3344 naa
1175 3292 1208 3344 ur
1223 3286 1301 3344 velut
1315 3286 1481 3356 addiscens,
1498 3287 1703 3362 elementaque
1717 3288 1811 3362 prima
1822 3287 1861 3343 a·

212 3366 298 3424 'l'alas
314 3367 439 3424 athletas
450 3368 519 3424 alim
535 3374 619 3425 vetus
634 3369 733 3425 attulit
752 3375 830 3434 stes,
1737 3378 1860 3451 [bissena

177 3462 231 3513 Pel
243 3474 317 3529 (1⁰⁰⁸
332 3457 426 3513 &⁰¹⁵5
444 3464 514 3514 suni
529 3460 628 3514 ¹¹⁰⁵¹³³
645 3464 732 3531 ‘liqut'
746 3458 867 3532 ΓθΡῦῙθῑ,
1051 3468 1137 3526 Audit
1154 3469 1296 3538 doctores,
1312 3469 1473 3543 interrogat
1487 3477 1516 3527 ct
1531 3470 1681 3528 seniores:

177 3547 256 3614 0⁰⁰⁸
272 3546 336 3602 ¹³⁰³
355 3551 485 3616 &temate
506 3563 580 3619 (1⁰0⁸
595 3548 682 3603 moda
697 3548 791 3620 8¹⁰5&
805 3554 925 3621 Vsslssbil
1050 3559 1086 3616 Et
1101 3559 1157 3615 luit
1170 3559 1314 3616 industris
1329 3559 1384 3632 legi
1400 3577 1450 3617 sex
1465 3561 1572 3617 saliare
1589 3560 1692 3617 lustris

175 3633 250 3691 Nm
265 3651 316 3707 ⁸9⁰
332 3633 464 3707 praeclari
481 3635 563 3704 regui
578 3636 706 3693 coelttsltss
721 3637 811 3702 avari.
1051 3645 1226 3719 iuscriptam
1242 3663 1332 3720 gypso
1349 3664 1436 3720 qnam
1454 3653 1622 3721 sumpserat
1637 3649 1719 3705 orbis
1747 3647 1783 3704 ab
1801 3646 1864 3721 ipso.

175 3724 277 3780 Mundi
295 3730 474 3781 tormentum
490 3727 666 3798 reputabant
681 3729 791 3801 grande
805 3729 960 3789 talentum.
1049 3734 1105 3790 Pro
1121 3735 1233 3792 uostris
1247 3736 1365 3793 damnis
1379 3736 1457 3792 lavat
1471 3737 1548 3793 huna
1569 3736 1747 3793 tardauicus
1775 3735 1862 3807 annia,

176 3812 233 3870 Sed
250 3830 303 3869 nea
318 3814 355 3871 ab
371 3813 425 3870 hoa
441 3814 505 3880 tuti,
522 3814 639 3888 quanda
656 3824 726 3875 sunt
737 3835 823 3876 carne
839 3819 947 3879 saluti:
1053 3825 1149 3882 Diluat
1165 3830 1197 3883 nt
1212 3843 1324 3883 uaevnrn
1341 3844 1428 3900 quem
1445 3831 1558 3884 severat
1571 3827 1630 3883 ilva
1645 3844 1698 3899 per
1711 3842 1813 3884 nvom.

178 3902 230 3959 l’ra
244 3907 360 3974 patrum
378 3920 452 3961 uana
467 3906 601 3963 dillertur
615 3907 715 3964 caelica
730 3910 814 3979 doxa,
1084 3920 1188 3973 Tentat
1203 3932 1268 3973 cnm
1286 3917 1499 3986 daem0n⁷¹,sed
1513 3917 1640 3973 sustinet
1650 3916 1859 3990 ipsePalnrnan.

177 3990 232 4048 Pro
249 3996 364 4065 patrum
382 3994 497 4051 thecnis
512 4000 669 4052 caruerunt
684 3999 790 4055 saoula
804 3999 913 4073 reguis,
1050 4007 1082 4061 ln
1098 4021 1128 4061 aa
1144 4004 1330 4079 lymphantes
1346 4005 1418 4079 rugit
1435 4006 1525 4078 impia
1540 4022 1610 4062 saxa
1626 4007 1795 4063 minantes:

174 4079 228 4138 Pra
245 4080 343 4139 radice
356 4088 471 4155 patrum
489 4085 625 4143 sorbebat
639 4087 725 4144 nacla
739 4088 920 4146 barathrum.
1051 4094 1147 4151 Esurit
1162 4100 1191 4150 ot
1206 4096 1310 4164 stertit,
1327 4096 1383 4151 sub
1400 4101 1514 4167 pectore
1530 4095 1628 4152 tristia
1638 4097 1747 4155 vertit:

169 4170 285 4245 lmpius
296 4180 324 4229 et
339 4178 460 4231 sauctus
474 4174 561 4231 dahat
576 4175 630 4232 hae
645 4177 701 4233 suh
713 4194 828 4235 carcere
848 4178 995 4252 planatus,
1048 4182 1233 4255 Discipulum
1249 4182 1358 4254 plantis
1373 4182 1498 4240 deservit
1514 4200 1593 4240 arare
1609 4184 1744 4243 lavantis.

168 4266 312 4318 Armatus
329 4261 423 4332 tortis,
440 4279 516 4337 qrras
530 4265 618 4321 traxit
631 4267 668 4323 ad
684 4267 758 4323 atria
771 4268 885 4325 mortis.
1050 4273 1080 4328 ld
1097 4288 1162 4328 vara
1178 4277 1270 4327 talum
1288 4271 1344 4328 luit
1358 4290 1373 4328 a
1388 4272 1499 4329 Dcitale
1515 4278 1681 4344 rematnm3

172 4350 248 4407 Sunt
263 4352 304 4409 ibi
323 4369 473 4426 moerares,
489 4362 559 4411 snut
573 4355 659 4412 iletus
672 4361 758 4428 alque
773 4357 900 4426 dolores,
1048 4364 1188 4418 Naturam
1205 4376 1333 4433 namque
1350 4361 1465 4434 plenam
1483 4364 1658 4419 monstravit
1672 4368 1842 4438 utramque:

174 4437 291 4497 stridor
306 4442 443 4512 dentalis,
460 4444 558 4516 paedor
572 4461 687 4517 quaqua
703 4444 891 4517 perpetualis.
1047 4449 1145 4521 Signis
1160 4449 1282 4522 patratis
1294 4451 1384 4521 aner
1398 4452 1519 4508 emicuit
1534 4453 1665 4510 Deitatis.

170 4527 222 4585 aar
233 4530 273 4587 ibi
291 4531 396 4606 caliga,
413 4535 519 4590 meruit
535 4551 624 4607 quana
640 4536 732 4606 patris
748 4535 840 4608 urigo,
1083 4539 1379 4613 Principiamagnum
1390 4549 1519 4597 mustum
1528 4543 1712 4612 juhetedare
1723 4546 1858 4616 stagnum,

168 4615 304 4689 Quinque
319 4635 370 4690 per
384 4626 482 4676 utatea
498 4623 698 4679 condemnans
714 4625 918 4695 posteritates:
1046 4628 1102 4685 Dat
1116 4645 1233 4701 quaque
1250 4629 1349 4685 mirari
1365 4631 1466 4686 viuum
1483 4631 1547 4687 sine
1563 4631 1619 4687 vila
1635 4633 1730 4689 errari
1744 4633 1777 4691 ⁷¹.

168 4704 223 4762 Sed
242 4708 347 4763 marlia
364 4715 458 4766 metas
474 4711 556 4767 dedit
571 4712 675 4768 ultima
687 4713 916 4787 temporisaelas.
1046 4719 1124 4783 Onus
1141 4735 1197 4774 uox
1212 4719 1361 4775 damnavit
1375 4720 1456 4776 ulans
1472 4721 1625 4776 huminum
1644 4724 1814 4793 repararit:

205 4795 990 4876 Hanaabalenamalem,dansverumeerueresolem,
1045 4811 1083 4864 Ut
1097 4807 1206 4880 lepram
1225 4813 1338 4881 purget,
1366 4809 1490 4881 placidis
1515 4809 1589 4866 bauo
1618 4813 1750 4870 tectibus
1779 4811 1856 4885 urget

169 4883 266 4941 Salem
283 4885 319 4941 da
335 4885 420 4943 stella
446 4888 594 4945 Christum
611 4890 647 4946 de
664 4899 756 4950 matre
773 4895 879 4966 puella.
1045 4898 1079 4954 Et
1094 4897 1190 4953 reddit
1205 4903 1303 4967 putres
1320 4900 1476 4954 arrinrabna
1491 4900 1622 4970 corporis
1637 4907 1730 4960 utros.

169 4976 205 5030 At
223 4975 316 5045 pudor
328 4979 374 5031 est
387 4975 484 5033 salvus
499 4979 592 5049 pariat
607 4998 672 5037 cum
690 4983 818 5057 Virginis
834 4984 928 5055 alvus,
1043 4993 1118 5044 Actu
1131 4988 1257 5060 privatas
1273 4986 1341 5042 lacit
1356 4992 1436 5043 artus
1451 4987 1648 5046 caerealidstas
1664 5006 1671 5045 :

166 5061 317 5120 Excedeua
333 5079 441 5121 marem
458 5075 575 5138 propter
588 5068 710 5128 Deitatis
727 5073 879 5134 honorem.
1046 5075 1108 5134 Rau
1122 5092 1229 5150 carpus
1245 5083 1354 5133 marcet
1369 5075 1478 5135 lluxnm
1495 5093 1613 5151 quaqua
1624 5081 1752 5139 seminis
1765 5083 1858 5156 [iaan-

166 5151 218 5206 llst
234 5153 282 5208 obl
298 5159 457 5226 conceptos
472 5159 506 5211 da
522 5157 593 5215 cosla
610 5175 709 5217 aeman
725 5163 861 5233 adeptus,
1630 5168 1757 5245 [cuiuis]
1773 5175 1857 5228 arcet:

163 5241 294 5311 Augellei
309 5260 402 5300 verna
413 5243 533 5316 iussum
551 5264 687 5306 serenans
702 5267 847 5324 superna,
1045 5254 1174 5312 Panibus
1186 5258 1377 5328 augmentum
1395 5255 1494 5313 lauces
1509 5256 1590 5314 dudit
1619 5258 1698 5315 iuter
1720 5264 1858 5325 edentum,

164 5328 298 5401 Concipit
311 5349 328 5388 a
343 5334 435 5400 caelis,
452 5335 521 5391 dum
539 5339 625 5394 sumit
639 5357 690 5396 eva
706 5341 848 5399 Gabrielis
861 5342 895 5402 ⁷⁰.
1044 5344 1098 5409 Oui
1113 5360 1166 5399 uas
1182 5344 1319 5411 sacrarit,
1335 5344 1384 5416 qui
1401 5346 1494 5401 millia
1509 5347 1601 5419 quina
1614 5346 1738 5408 cibavit.

163 5415 229 5476 Ilua
244 5427 289 5477 est
302 5421 354 5481 illa
365 5424 438 5482 lldes
453 5441 542 5498 quam
559 5427 644 5502 laisa,
660 5429 781 5503 perlida,
798 5432 887 5505 rides,
1043 5433 1152 5492 Vautaa
1167 5433 1289 5505 sedavit,
1305 5431 1413 5491 llnotus
1428 5436 1560 5493 tumidas
1575 5439 1750 5512 peragrarit

196 5592 221 5636 '⁰
234 5600 300 5661 tac.
316 5620 337 5664 r.
375 5606 396 5643 '¹
411 5606 516 5666 ,ltettb
532 5622 571 5664 ra.
611 5606 635 5643 ²¹
648 5608 728 5667 lauri.
745 5625 777 5666 rr.
