3802 6030
57 263 134 325 1657

93 393 272 466 Contemptis
287 392 403 466 opibus,
420 389 460 447 nil
473 391 624 465 proprium
636 390 772 449 retinent.

57 485 150 544 Unius
166 483 285 541 arbitrio
301 499 375 557 quoe
386 479 487 555 regula
501 485 603 538 sancta
614 484 737 549 coercet,

98 579 227 644 Quorum
242 577 368 651 quiaque
383 592 437 633 suo
453 574 494 631 nil
510 574 570 648 agit
585 574 715 633 arbitrio.

60 669 116 727 Gor
126 667 235 742 quibus
249 671 294 724 eet
308 682 412 737 unum,
428 664 537 738 quibus
556 661 715 720 indiscreta
738 661 882 728 voluntas,

95 763 151 814 Par
166 755 280 814 cunctis
295 756 425 823 babitus,
440 759 469 810 et
483 754 568 811 cibus
584 757 629 811 est
643 750 771 820 similis;

58 847 106 904 sic
116 852 214 904 tarum
228 851 258 902 ut
271 845 368 918 capiat
381 860 439 916 quo
455 843 581 916 quisque
595 843 708 899 videtur
723 857 817 915 egere,

94 943 172 994 AEtas
188 940 221 992 ut
233 936 345 1008 fragilis
360 934 531 991 debilitasve
540 933 637 1005 jubet,

58 1026 158 1083 Luxus
173 1026 257 1082 abest
271 1025 378 1095 omnis,
394 1024 534 1096 peccandi
547 1039 614 1079 rara
626 1021 760 1091 facultas,

94 1112 197 1170 Cuncti
213 1118 384 1169 cunctorum
400 1126 466 1166 cum
483 1110 605 1165 timeant
621 1108 732 1165 oculos.

56 1203 116 1259 Len
132 1203 300 1258 communis
315 1201 404 1258 hebet
418 1199 496 1256 vises
512 1215 580 1255 mox
590 1198 712 1271 prodero
733 1195 845 1269 culpes,

96 1293 132 1349 Ut
148 1307 271 1348 nascens
287 1290 388 1348 vitium
405 1304 491 1361 prena
503 1301 629 1361 sequent
645 1289 764 1343 resecet.

60 1379 212 1438 Desidiam
229 1379 356 1453 lugiunt,
370 1377 453 1433 labor
468 1376 548 1433 utills
559 1378 682 1448 occupat
696 1391 808 1444 omnes,

93 1470 186 1527 Noxia
202 1471 351 1541 torpentes
367 1483 403 1524 ne
416 1466 542 1524 subeant
557 1466 683 1522 animos.

53 1560 216 1617 Confusam
233 1556 305 1614 nihil
321 1560 365 1614 cst
380 1556 430 1613 nbi
445 1557 522 1612 liunt
535 1555 637 1612 ordine
656 1559 771 1625 cuncta,

89 1649 214 1706 Curatur
228 1651 323 1703 totum
340 1644 555 1720 negligiturque
567 1642 650 1702 nibil.

54 1738 115 1798 Nec
129 1735 226 1794 solum
240 1736 315 1805 vita,
332 1734 383 1792 sed
398 1738 514 1792 constat
528 1737 557 1791 et
573 1734 643 1791 ordo
655 1732 805 1807 loquendi,

92 1827 268 1897 Dispensant
278 1841 360 1897 teque
375 1822 582 1880 marimanam
599 1822 740 1882 minimis.

59 1916 184 1975 Nonnisi
200 1913 368 1988 prescripto
388 1913 546 1986 quiequam
572 1911 748 1986 loquiturve,
764 1910 877 1981 siletve,

85 2009 159 2072 Stat,
174 2004 269 2074 sedet,
287 2002 397 2060 incedit
411 2003 512 2059 ordina
528 2002 652 2074 quisque
664 2019 729 2059 eno.

49 2093 187 2152 eeclesia
207 2094 297 2150 limen
314 2096 471 2164 noctesque
490 2091 612 2163 diesque
629 2092 824 2164 frequentant,

91 2184 125 2240 nt
139 2184 250 2240 sanctis
264 2181 400 2254 precibus
416 2197 504 2253 saque
518 2197 647 2253 suosque
659 2183 773 2253 juvant.

53 2272 126 2339 Quid
144 2288 252 2339 moror,
264 2276 293 2326 et
303 2269 399 2327 verbis
414 2269 544 2326 evolvere
565 2270 681 2344 singula
696 2269 799 2328 tento?

91 2362 239 2435 Quidquid
254 2370 343 2435 agunt
359 2376 434 2434 opus
449 2365 493 2417 est
508 2360 637 2433 corporis
652 2365 703 2417 aut
717 2359 832 2418 anima.

54 2451 208 2524 Quidquod
225 2450 408 2507 sicbabitant
423 2453 456 2507 ut
471 2450 510 2505 sit
524 2465 604 2507 sacer
618 2449 681 2523 ipse
696 2451 860 2520 domorum,

95 2541 211 2596 Uteitue
222 2546 251 2595 et
267 2556 418 2606 numerus,
435 2539 644 2612 sufficiensque
659 2539 726 2596 albi.

56 2629 233 2698 Quadratum
251 2632 377 2700 speciem
392 2634 539 2685 structura
553 2629 716 2687 domestice
730 2628 846 2702 praisrt

93 2719 174 2774 Atria
191 2719 234 2774 bie
251 2718 328 2776 binis
343 2717 451 2790 inclyta
465 2718 634 2791 porticibus,

59 2807 126 2873 Qua
138 2806 233 2861 tribus
247 2804 367 2862 inclusa
383 2805 530 2872 domibus,
546 2822 618 2876 quae
633 2806 762 2878 corporis
777 2823 849 2864 usus

96 2893 238 2962 Postulat,
256 2899 284 2950 at
299 2898 402 2966 quarte
419 2911 482 2968 quae
498 2896 654 2952 domneest
668 2895 797 2964 Domini,

60 2985 232 3041 Discursnm
249 2983 412 3051 monacbis,
428 2984 515 3040 vitum
530 2986 611 3051 dant,
629 2989 656 3041 et
676 2985 845 3055 stationem,

92 3076 153 3139 Qua
165 3073 245 3130 velut
259 3073 289 3128 in
308 3073 398 3131 caulis
414 3076 617 3131 contineantur
631 3091 708 3132 oves.

735 256 917 321 cetutrta
936 256 1067 320 vente.

1682 264 1761 329 tote

895 389 921 461 Α
974 389 1004 446 ln
1020 391 1107 450 terrls
1121 392 1257 450 monachi
1272 394 1350 467 quod
1367 392 1554 452 modulentur
1568 396 1656 465 idem,

937 480 984 537 Sic
1000 481 1152 539 cherubim
1168 481 1250 554 coelo,
1267 482 1402 540 monachi
1413 482 1516 541 tellure
1531 491 1695 558 manentes,

972 568 1027 627 Uni
1043 573 1217 629 dantnnum
1234 573 1384 630 servitium
1399 573 1534 631 Domino.

1052 658 1122 718 xxi.
1138 661 1287 719 llorbodut
1300 664 1433 718 sommi
1450 665 1575 736 episcopo
1593 664 1642 739 (6).

937 748 1048 806 invidet
1061 750 1214 822 antiquum
1229 750 1323 825 pelagi
1340 751 1411 807 mibi
1428 750 1534 809 Unctus
1549 754 1697 825 amicum

972 838 1077 895 Oceani
1093 839 1177 897 limae
1191 846 1308 913 separat
1322 841 1489 900 unanimes.

934 926 992 984 Nec
1008 944 1081 1001 pons
1095 928 1125 985 in
1141 935 1240 1003 ponto,
1256 947 1310 987 neo
1320 935 1389 988 sunt
1403 932 1477 988 vada
1491 932 1590 1004 pervia
1604 939 1701 1002 conto,

971 1016 1009 1075 Ut
1023 1015 1096 1075 solet
1112 1021 1139 1074 in
1154 1018 1245 1091 Ligeri
1262 1021 1344 1076 navis
1359 1021 1463 1078 adacte
1478 1023 1549 1095 geri.

935 1104 992 1164 Sed
1009 1122 1103 1178 neque
1114 1107 1265 1180 prudentie
1281 1124 1345 1164 reor
1361 1114 1410 1165 eut
1423 1125 1455 1166 sa
1470 1112 1584 1170 tradere
1597 1115 1719 1184 ventis„

972 1198 1073 1257 1606
1090 1199 1148 1254 Aut
1163 1214 1227 1268 sue,
1243 1215 1275 1255 ss
1288 1204 1397 1272 spreto,
1412 1203 1528 1260 credere
1543 1204 1603 1262 tate
1618 1205 1701 1263 lreto.

933 1288 1057 1358 AEquora
1075 1294 1144 1343 sunt
1159 1293 1272 1345 tantum
1287 1290 1385 1361 generi
1400 1306 1539 1351 concesse
1555 1298 1718 1364 natantum,

969 1374 1069 1433 'l'ellus
1082 1376 1266 1449 gressilibus,
1283 1395 1356 1435 eura
1368 1377 1546 1437 volatilibus.

935 1464 968 1524 ut
982 1465 1088 1522 chorus
1102 1469 1248 1523 astrorum
1264 1472 1360 1524 servat
1373 1484 1501 1526 convexa
1516 1469 1660 1542 polorum,

968 1554 1137 1626 Quadrupla
1151 1555 1289 1612 materies
1305 1555 1360 1613 lert
1375 1558 1493 1616 totidem
1509 1560 1632 1632 species.

932 1644 1065 1713 Regnum
1081 1641 1205 1714 Neptuni
1220 1643 1319 1713 generi
1334 1643 1377 1700 sic
1392 1647 1532 1717 competlt
1547 1647 1609 1714 nni,

967 1731 1074 1788 Nostra
1092 1733 1141 1788 sed
1155 1730 1328 1805 improbitas
1344 1750 1389 1791 res
1403 1735 1472 1793 itin
1486 1737 1610 1796 illicitae.

931 1820 1000 1878 lnde
1015 1821 1047 1877 tlt
1063 1825 1096 1878 nt
1110 1820 1239 1878 dubitem
1255 1830 1357 1880 cantus
1373 1840 1409 1880 ne
1424 1825 1553 1898 pericula
1568 1829 1667 1898 vitem,

964 1913 1008 1967 An
1024 1909 1133 1967 stultus
1149 1911 1218 1967 llam
1235 1913 1533 1985 propteremioitiam.

929 2001 1000 2073 opto
1015 2004 1101 2055 tunm
1114 1997 1237 2065 vultum,
1256 2000 1295 2055 mi
1311 2001 1427 2074 praesul,
1442 2018 1560 2061 eernere
1578 2007 1716 2077 multum,

965 2088 1167 2161 Amplectique
1181 2104 1280 2146 senem
1297 2106 1385 2164 quern
1402 2091 1474 2149 colui
1493 2093 1644 2165 juvenem.

931 2178 1124 2251 sacrataeque
1140 2194 1245 2236 manus
1260 2195 1333 2236 cano
1349 2183 1526 2256 conjungere
1541 2200 1644 2257 canus,

965 2265 1209 2339 Colloquinmqne
1226 2268 1278 2339 tui,
1293 2268 1387 2327 dulole
1401 2271 1507 2339 amice,
1520 2272 1588 2340 irni,

929 2357 1115 2431 Hospitiiqne
1130 2356 1229 2428 tldem,
1245 2358 1408 2433 collataque
1423 2377 1544 2419 munere
1559 2364 1682 2437 pridem.

967 2449 1036 2512 Quae
1051 2446 1136 2504 labor
1150 2453 1195 2504 eet
1210 2449 1300 2506 scribi
1314 2465 1543 2509 commemorare
1560 2453 1614 2512 tibi

933 2535 975 2592 Ne
990 2537 1215 2611 patoringratns
1229 2539 1275 2595 cui
1292 2556 1358 2596 sum
1373 2540 1482 2598 servire
1497 2548 1628 2615 paratus,

969 2624 1021 2680 Cui
1033 2627 1058 2681 si
1075 2641 1121 2681 me
1135 2626 1255 2696 dedero,
1274 2644 1331 2684 non
1346 2632 1442 2685 menen
1457 2648 1559 2705 aquus
1573 2650 1632 2690 ero.

933 2713 986 2771 Sed
1002 2715 1132 2787 gelidum
1149 2720 1264 2789 pectus,
1280 2719 1331 2774 sed
1349 2718 1428 2776 lesen
1442 2718 1541 2779 labora
1555 2728 1692 2782 senectus

970 2803 1075 2861 Obstat
1089 2819 1125 2861 ne
1140 2805 1244 2863 tactam
1262 2823 1313 2879 per
1336 2807 1425 2866 marie
1438 2809 1497 2865 alta
1510 2810 1597 2871 viam.

934 2893 963 2949 si
980 2895 1052 2950 lines
1067 2894 1156 2950 vestri
1172 2900 1339 2967 peterentur
1353 2897 1425 2955 celle
1443 2900 1582 2971 pedestri,

971 2983 1015 3040 ud
1031 2982 1135 3041 charae
1150 2987 1225 3041 ades
1240 2985 1337 3052 terret,
1354 2989 1457 3058 amice,
1474 2991 1570 3059 pedes.

939 3076 976 3126 at
991 3072 1087 3143 tuqui
1103 3077 1234 3144 vegetus,
1249 3073 1298 3145 qui
1314 3079 1415 3131 ventos
1430 3093 1567 3147 spernere
1582 3087 1693 3147 suetus,

57 3165 187 3230 Quarum
205 3162 300 3236 prima
314 3163 421 3219 domus
434 3166 529 3219 servat
541 3169 700 3236 potumque
711 3165 881 3239 cibumque,
903 3117 926 3187 c
975 3158 1067 3217 Undis
1080 3161 1238 3233 circumagi
1254 3178 1311 3218 non
1327 3163 1432 3219 motuis
1447 3164 1551 3237 pelagi,

96 3253 132 3308 lle
150 3251 259 3325 quibus
271 3252 324 3307 bos
340 3250 432 3307 reficit
444 3252 549 3320 jnncta
564 3252 695 3309 secunda
709 3253 832 3324 domus,

58 3342 156 3399 Tertia
171 3342 300 3398 membra
316 3342 393 3397 tovat
407 3340 515 3397 lassate
530 3339 630 3398 labore
644 3340 772 3412 diurno;

95 3434 205 3499 Quarta
219 3430 269 3488 Dei
285 3431 388 3490 laudea
405 3431 524 3488 assidue
539 3434 667 3499 resonet,

59 3519 190 3578 Plurima
202 3526 340 3592 pratareo
356 3519 446 3576 simili
463 3521 608 3593 condigne
621 3519 726 3588 relatu,

93 3613 146 3667 Sed
159 3611 286 3668 breviter
300 3612 409 3679 dicam,
426 3611 467 3668 nil
479 3617 629 3684 superest,
645 3612 689 3669 rel
705 3612 796 3671 abest.

63 3702 122 3758 llos
136 3701 227 3773 igitur
243 3716 388 3774 proceres,
403 3701 483 3757 hunc
497 3701 619 3774 dignum
642 3700 728 3759 lauda
751 3710 885 3762 meatum

99 3792 243 3863 Exiguum
260 3791 366 3864 specie,
383 3789 515 3848 moribus
530 3792 684 3861 eximium,

63 3882 206 3953 Compero
219 3880 348 3937 formicis
362 3897 488 3952 quarum
506 3880 641 3938 studiose
656 3881 789 3941 laborum

97 3968 239 4026 'l'urmnta
254 3973 405 4026 convectat
419 3985 540 4041 corpore
555 3971 652 4042 majus
668 3987 762 4042 onns3

62 4060 131 4125 Quae
148 4075 184 4114 ne
200 4074 257 4113 non
272 4057 388 4130 possint
400 4073 586 4115 communem
603 4058 709 4115 ducere
724 4061 812 4120 vitem

99 4148 206 4204 lisdem
223 4146 279 4202 snb
295 4144 408 4202 laribus
420 4145 524 4202 borrae
540 4163 628 4218 parva
643 4146 749 4205 locant.

63 4244 205 4310 comparo
220 4236 327 4292 divinis
342 4235 457 4309 apibus,
474 4252 539 4307 quae
553 4252 674 4309 corpore
688 4253 786 4311 perro.

99 4330 236 4399 Ingentes
251 4326 367 4381 animas
383 4323 574 4399 egregiasque
588 4329 706 4399 gerunt.

63 4415 227 4488 Heragonis
243 4414 338 4482 cellis,
354 4429 418 4486 quae
435 4412 520 4470 mella
536 4413 830 4487 liquentiacondunt,

101 4503 174 4562 Utile
190 4503 347 4561 mirificum
364 4503 442 4576 qnod
459 4502 635 4561 fabricentur
649 4520 733 4577 opus.

66 4594 133 4659 Quae
149 4592 350 4663 disciplinam,
364 4609 428 4664 qna
440 4592 511 4663 jura
526 4593 686 4650 domesticu
701 4598 828 4661 servant,

102 4685 236 4751 Quaeque
251 4680 339 4737 simul
357 4681 448 4737 reficit
463 4681 613 4750 ingeniosa
627 4683 743 4741 domus.

64 4773 208 4843 Compare
223 4769 370 4826 sideribus
383 4769 491 4842 quibus
507 4768 575 4826 aula
587 4786 716 4843 superne
730 4773 861 4847 refulget,

99 4862 251 4931 Aeraque
267 4859 384 4915 lurtum
400 4857 535 4915 noctibus
551 4859 704 4918 irradiant.

64 4950 132 5015 Quos
146 4946 237 5004 semel
254 4946 422 5020 impositam
437 4953 556 5004 servant
567 4965 615 5022 per
631 4949 739 5007 secula
753 4949 859 5026 legem,

101 5041 167 5107 Quae
184 5034 285 5093 solitos
300 5053 403 5094 cursus
418 5041 447 5093 et
463 5053 601 5095 numeros
615 5044 767 5113 peragunt,

62 5129 204 5199 Compare
220 5125 335 5200 gyranti
351 5125 523 5183 solemniter
537 5127 637 5183 omnia
652 5127 744 5197 ooelo;

98 5221 221 5288 Insuper
235 5216 375 5290 angelicis
386 5233 523 5289 comparo
537 5217 707 5276 virtutibus.

63 5309 117 5375 Qui
133 5322 247 5378 semper
262 5312 381 5362 sanctus
397 5304 535 5379 replicata
551 5322 621 5364 voce
634 5307 781 5366 resultent

101 5449 141 5522 (d)
158 5449 241 5504 Forte
271 5448 451 5516 Westriensi,
481 5449 542 5505 sive
569 5448 810 5510 Wincenstrlenet
826 5453 887 5526 epi·

939 3247 1017 3305 llere
1032 3252 1091 3303 tua
1105 3248 1202 3320 gentis
1216 3263 1303 3321 greve
1313 3249 1458 3321 quidlibet
1473 3254 1683 3325 aggredientis,

973 3336 1086 3406 Visere,
1101 3338 1220 3410 qnando
1230 3337 1319 3405 volae,
1329 3337 1428 3396 littora
1441 3345 1542 3399 nostre
1555 3341 1644 3401 vales.

940 3426 999 3483 Hac
1015 3434 1043 3483 tn
1061 3433 1142 3497 parte
1157 3426 1251 3496 salus,
1269 3432 1338 3484 tuns
1353 3433 1398 3485 est
1412 3434 1495 3503 peter
1508 3431 1578 3489 hinc
1591 3440 1761 3509 generatus,

976 3515 1017 3571 Ad
1034 3517 1131 3573 natale
1147 3516 1242 3573 solum
1256 3516 1297 3573 ies
1312 3518 1351 3574 eit
1365 3517 1440 3576 inire
1455 3518 1559 3578 saturn.

940 3603 992 3662 llic
1011 3606 1129 3675 domus,
1146 3604 1193 3661 hic
1204 3606 1333 3676 lundus;
1363 3608 1442 3681 prior
1470 3608 1518 3667 bic
1546 3609 1638 3682 locus,
1653 3614 1703 3672 itle
1716 3630 1763 3672 ee·

1527 3701 1673 3775 [cundne;

975 3786 1016 3842 'l'e
1032 3785 1113 3843 locus
1128 3783 1176 3842 bic
1191 3786 1303 3854 docuit,
1318 3803 1377 3860 quo
1392 3787 1474 3846 locus
1491 3789 1540 3847 ille
1554 3791 1635 3851 oluit.

940 3874 978 3933 Ut
991 3874 1114 3946 patriam
1129 3879 1254 3947 repetes,
1271 3876 1360 3933 merie
1376 3878 1451 3935 ands
1467 3895 1602 3953 rumpere
1618 3885 1732 3955 metm

976 3963 1037 4021 lllis
1053 3979 1181 4036 namque
1191 3963 1286 4040 plagis
1301 3968 1408 4038 presul
1423 3972 1452 4026 et
1465 3969 1547 4027 exsul
1563 3971 1636 4044 egis.

940 4055 992 4112 nst
1006 4059 1035 4111 et
1049 4055 1077 4110 io
1094 4054 1141 4112 bis
1157 4055 1216 4110 orie
1232 4072 1346 4129 aequum
1364 4057 1417 4114 tibl
1432 4059 1546 4115 culmen
1562 4060 1694 4131 honoris,

977 4142 1095 4211 Urbem,
1108 4157 1169 4213 qnte
1184 4144 1287 4217 genuit
1301 4148 1338 4212 le,
1354 4149 1423 4201 tuus
1438 4146 1573 4205 obtinuit.

941 4229 993 4288 flio
1008 4239 1069 4288 stes
1084 4232 1218 4298 antistes,
1233 4230 1300 4289 lioet
1314 4233 1401 4289 istinc
1415 4249 1536 4307 corpore
1550 4237 1653 4307 distes,

976 4321 1085 4379 Urbem
1100 4321 1208 4393 quippe
1224 4338 1303 4394 rago,
1324 4340 1413 4395 quam
1429 4327 1501 4397 regit
1515 4326 1589 4384 alter
1607 4345 1671 4402 ego.

941 4417 1005 4468 Huc
1020 4412 1111 4484 igitur
1126 4410 1245 4483 poteris,
1261 4411 1317 4467 nisi
1333 4429 1387 4469 nos
1400 4429 1458 4470 noa
1469 4415 1563 4471 visere
1578 4421 1695 4488 quoeris,

903 4489 928 4560 D
977 4500 1072 4560 Moliri
1087 4501 1226 4569 redltum,
1241 4515 1307 4555 curn
1322 4499 1409 4557 luerit
1421 4501 1549 4559 libitum.

940 4593 1003 4660 Quo
1017 4589 1043 4647 ei
1059 4590 1132 4647 torte
1145 4605 1230 4645 vocae
1244 4588 1321 4647 citus
1337 4606 1486 4649 occurram
1502 4594 1633 4664 bajocas,

976 4681 1066 4737 Sedes
1082 4677 1258 4751 presulibus
1273 4678 1383 4736 snttloit
1397 4680 1448 4738 illa
1459 4682 1565 4740 tribus.

940 4769 1035 4827 Antei
1052 4767 1188 4841 displicet
1208 4767 1275 4836 boc,
1290 4767 1315 4824 si
1331 4784 1447 4827 currere
1462 4771 1591 4845 despicis
1606 4774 1690 4844 istnc,

978 4859 1026 4915 Dis
1040 4874 1098 4930 quo
1109 4857 1215 4929 jussus
1230 4872 1302 4926 eam,
1316 4859 1367 4914 eod
1383 4874 1450 4917 care
1464 4877 1500 4917 ne
1515 4878 1642 4935 peream.

1047 4946 1134 5005 llxll.
1148 4947 1182 5006 ld.
1195 4949 1335 5022 epiecopus
1351 4953 1382 5006 rt.
1398 4949 1591 5010 archidiacono
1605 4955 1655 5028 (it.

942 5037 1106 5112 lmplector
1121 5037 1229 5095 misens
1243 5054 1260 5094 a
1275 5040 1313 5105 te,
1328 5038 1502 5099 charissime
1515 5040 1567 5112 dli,

978 5130 1084 5187 Versus
1098 5127 1209 5202 ingenii
1224 5128 1310 5201 signe
1320 5127 1446 5202 benigna
1461 5132 1514 5190 tui.

940 5217 1107 5290 Amplector
1123 5216 1223 5273 leudes
1238 5216 1316 5273 lame
1330 5217 1466 5293 vulgante
1480 5222 1599 5292 relatae,

979 5306 1087 5365 lndnlia
1101 5306 1260 5378 acquirunt
1273 5323 1346 5379 qnae
1360 5309 1536 5368 documenta
1547 5319 1613 5370 tues.

976 5451 1015 5537 si)
1031 5452 1115 5508 Forte
1128 5449 1270 5507 llnrboduo
1285 5451 1425 5510 ltiuottone'
1438 5455 1643 5513 archidiacono
1654 5457 1764 5514 Nonne·

68 5537 168 5593 scopo,
184 5535 272 5592 qnam
289 5519 431 5576 Esuriens
458 5519 568 5576 tluntin
591 5522 659 5580 don.
689 5522 887 5585 olarimmnm
940 5522 1226 5595 retransmeare
1243 5527 1328 5583 notas
1344 5526 1646 5601 l).1.oyeutt,supre.

67 5596 152 5651 vocet
165 5592 245 5665 Anpl.
258 5605 346 5650 eocrae
361 5596 442 5665 parte
461 5608 491 5661 rr,
503 5608 532 5665 p.
547 5593 565 5647 7
603 5635 611 5652 .
