3802 6030
64 342 68 347 ,
168 259 246 326 rrae

167 398 307 473 llpnpulo
323 398 404 454 visus
422 414 479 452 nnn
495 399 612 463 ventus,
630 411 685 451 nnn
698 395 755 451 erit
768 394 872 462 imber,

202 493 236 544 m
252 496 346 543 tamen
363 487 460 542 omnis
476 502 568 557 aquas
585 490 682 542 lassus
699 486 812 540 habebit
830 498 909 555 ager.

167 578 276 635 Cuncta
291 578 379 632 trium
397 591 498 648 regum
515 591 581 630 curu
599 583 725 648 snrgunt
739 575 858 646 agmina
876 585 971 637 mane,

200 672 235 721 at
251 683 300 738 per
316 681 401 737 agros
418 671 539 720 nranant
555 665 686 720 lluminis
701 665 795 719 instar
809 677 904 735 aque,

166 759 206 811 Ex
221 760 263 812 tot
278 754 363 826 aquis
379 770 513 809 crescens
530 753 648 822 fluvius,
664 759 771 809 terrem
789 749 952 815 uradelacit,

200 844 234 901 lit
249 846 357 900 rubeus
372 850 488 901 torrens
502 845 544 899 sic
561 844 646 915 quasi
663 844 785 917 sanguis
800 846 872 898 erat.

163 936 232 990 tres
248 933 353 1005 pariter
366 950 448 1007 reges
465 950 610 1007 pugnasse
625 935 709 989 Moab
726 931 881 1005 reputavit,

199 1025 459 1097 Sanguineumque
480 1032 561 1080 ratus
576 1039 694 1079 currere
709 1023 831 1088 flumen,
848 1021 888 1076 uit
904 1037 911 1076 ε

170 1112 280 1170 ibioab
296 1115 331 1170 ad
347 1121 485 1186 pretam,
502 1116 641 1184 quoniam
658 1118 727 1169 tuus
744 1111 853 1168 occidit
881 1106 986 1176 bostis,

202 1201 268 1259 Jam
286 1202 415 1274 locuples
430 1204 481 1258 fies
497 1202 576 1257 illins
592 1218 626 1257 ex
641 1200 755 1274 spoliis.

166 1291 190 1347 lt
205 1291 289 1347 Moab
304 1315 311 1358 ς
327 1296 357 1346 at
373 1290 456 1345 illurn
475 1291 556 1362 lugat
571 1290 671 1352 lsrael,
687 1297 716 1346 et
730 1289 814 1346 Moab
831 1287 933 1344 urbem

197 1381 374 1451 aggreditur
389 1381 548 1453 qnamdam
568 1381 633 1452 plus
649 1380 716 1435 aliis
732 1379 887 1435 celebrem.

161 1469 220 1525 lisa
236 1468 322 1525 llloab
337 1469 483 1540 aspiciens
499 1474 557 1525 tres
574 1486 658 1543 reges
671 1468 869 1541 prevaluisse,

88 1628 91 1633 Ι
197 1557 244 1614 Sic
259 1558 351 1625 timet,
368 1557 527 1614 atracinus
544 1564 688 1630 perpetret
702 1556 853 1614 horribile.

161 1646 256 1704 Chare
272 1647 360 1703 ulmis
376 1646 472 1719 proles
488 1647 565 1720 ragis
580 1648 664 1703 Moab
680 1654 725 1703 eat
738 1663 811 1720 puer
827 1661 915 1714 unus,

149 1760 154 1767 ·
196 1737 249 1802 Oui
267 1737 352 1809 patrii
367 1737 448 1809 regni
465 1737 551 1793 debet
561 1738 667 1794 babere
682 1738 782 1794 decus.

162 1827 313 1899 aspiciunt
329 1844 422 1900 reges,
438 1833 467 1885 et
483 1829 566 1884 triete
581 1829 677 1885 serens
693 1828 910 1894 holocaustum,

196 1917 334 1973 lmmolat
349 1918 378 1973 in
391 1934 472 1974 muro
489 1934 538 1973 rex
550 1918 633 1974 ldoab
649 1917 726 1974 bunc
742 1933 878 1990 puerum.

16 1998 50 2093 'J
160 2006 304 2063 Gentibus
319 2008 348 2063 in
366 2022 448 2080 rages
465 2008 519 2063 luit
534 2007 697 2079 indignatio
714 2024 830 2077 magno,

194 2095 249 2161 Oui
266 2095 351 2152 Moab
367 2095 531 2168 indulgent,
547 2103 576 2152 et
589 2102 725 2170 repetunt
741 2096 868 2170 propria.

41 2248 44 2253 ,
158 2184 284 2243 Maxima
298 2190 394 2241 castra
410 2185 522 2254 locans,
538 2185 634 2242 valido
649 2185 842 2242 circumdedit
858 2183 943 2241 boste

194 2275 253 2332 Rex
268 2275 356 2348 Syria
373 2274 508 2331 Bsnadud
527 2277 633 2332 mmnia
647 2280 800 2332 Samariae.

158 2362 284 2421 Clausus
300 2366 328 2419 in
346 2365 531 2420 orbatorum
549 2365 708 2438 coniligere
723 2382 780 2420 non
797 2364 872 2421 valet
893 2362 982 2433 hosti,

195 2456 291 2525 rttque
307 2455 383 2509 lame
397 2461 520 2525 pereunt
532 2453 672 2510 Samaria
689 2454 798 2524 populi.

67 2560 71 2569 ·
159 2542 261 2600 12θὸ
277 2541 331 2598 Vix
347 2544 473 2615 pretium
488 2543 570 2600 carui
587 2550 701 2615 poterat
719 2544 790 2599 dare
815 2540 899 2614 plebs
924 2540 982 2599 asi-

884 2631 981 2706 luins,

191 2723 285 2793 Atque
299 2719 502 2777 columbarum
518 2726 648 2778 stercora
665 2722 709 2778 rix
725 2737 832 2779 emere.

155 2811 292 2867 samarie
309 2826 405 2879 regem
423 2811 597 2868 muliercula
612 2830 722 2885 pauper
737 2812 837 2879 adivit,

191 2898 403 2972 iudiciumque
419 2907 530 2973 petens,
547 2904 617 2958 talia
633 2904 785 2974 proposuit
801 2918 808 2958 :

157 2992 217 3044 ista
229 3004 327 3045 meum
348 2995 448 3046 natum
465 2992 653 3064 consumpsit
669 2992 775 3048 lemina
793 3007 909 3048 mecum
925 3010 932 3061 ;

193 3076 263 3135 licea
278 3095 366 3135 suurn
382 3079 469 3147 tollit,
487 3080 625 3137 mandere
640 3098 728 3154 quem
747 3081 867 3155 pepigit.

157 3167 217 3224 ilex
232 3169 321 3226 nimis
334 3170 401 3226 inde
418 3170 520 3227 dolens
537 3189 544 3228 :
562 3173 683 3229 silanus
695 3173 758 3244 jam
775 3173 929 3242 morietur,

190 3256 286 3324 Jurat,
303 3264 332 3315 et
348 3266 379 3315 ut
395 3267 478 3316 necet
494 3261 573 3317 bunc
588 3262 755 3318 accelerans
771 3260 915 3334 graditur.

154 3344 247 3419 thue
261 3347 361 3404 loram
379 3348 513 3405 irendrns
530 3351 620 3406 Elisai
639 3350 727 3406 limen
744 3352 845 3420 adivit,

189 3438 342 3510 Aspicisns
358 3438 452 3506 illum,
470 3440 513 3494 sic
530 3441 651 3496 Elisaus
666 3440 730 3496 ait:

153 3521 291 3579 Samaria
308 3527 357 3580 liet
372 3543 437 3581 cras
451 3526 531 3596 copia
550 3542 654 3598 magna
672 3527 781 3590 larinas,

189 3614 247 3680 ilic,
259 3619 353 3670 stater
369 3626 397 3668 ut
415 3621 540 3686 pretium
554 3617 592 3670 sit
608 3616 696 3670 modii
713 3612 828 3669 similar..

154 3700 235 3757 Unus
249 3703 333 3757 adeat
349 3702 494 3774 princeps,
512 3719 560 3759 rex
578 3704 722 3759 incumbit
736 3720 826 3777 super
841 3702 938 3777 illum,

190 3790 256 3862 lpse
270 3792 331 3847 viru
347 3790 462 3846 Domini
479 3792 536 3848 tale
551 3793 601 3848 dat
620 3794 791 3865 eloquium:

155 3879 185 3935 Si
203 3878 342 3934 Dominus
359 3880 444 3935 nobis
460 3890 569 3937 reseret
582 3882 645 3938 coeli
660 3888 833 3952 cataractas,

188 3970 251 4023 Non
267 3967 373 4038 poterit
387 3968 448 4024 lieri
466 3971 540 4042 quod
559 3977 618 4028 tore
634 3972 796 4045 significas.

153 4055 204 4113 Vir
221 4056 333 4112 liomini
350 4058 459 4129 prolert
477 4076 484 4114 :
501 4059 634 4117 Similem
651 4078 741 4134 quam
757 4061 821 4118 dico
850 4060 972 4129 videbis,

187 4146 257 4204 lude
272 4151 369 4203 tamen
390 4155 509 4222 gustum
526 4167 643 4208 sumere
660 4168 716 4208 nnn
733 4152 852 4223 poteris.

150 4235 291 4310 lngelicae
308 4242 395 4293 noctu
411 4241 531 4297 veniunt
548 4239 576 4295 in
593 4246 688 4296 castra
704 4240 876 4315 phalanges,

184 4327 331 4398 Armaque
346 4327 419 4383 dant
433 4329 547 4384 sonitus
564 4326 695 4401 undique
710 4320 864 4387 terribiles.

149 4416 219 4474 lisso
235 4428 314 4491 putat
331 4419 468 4476 Benadad
484 4419 620 4476 Pharium
637 4437 735 4494 regem
751 4422 795 4479 vel
818 4422 969 4481 iletbenm

185 4505 304 4564 Civibus
319 4510 449 4566 obsessis
462 4510 512 4583 qui
530 4511 602 4567 ierat
617 4511 768 4569 auxilium.

149 4595 214 4654 blox
230 4600 360 4654 benadad
378 4601 493 4672 lugiens
507 4601 535 4656 in
552 4602 657 4658 castris
673 4610 779 4660 cuncta
793 4602 943 4676 relinquit.

183 4692 277 4758 Atque
293 4705 363 4744 suas
376 4691 490 4746 animas
505 4691 667 4748 salvilicare
682 4693 773 4764 cupit.

146 4773 195 4829 Bis
210 4777 320 4847 gemini
339 4785 426 4833 noctu
442 4779 562 4834 veniunt
580 4782 608 4835 in
626 4788 720 4837 rastra
735 4780 853 4854 leprosi,

181 4866 374 4922 Inveniuntur
387 4884 469 4938 opes,
485 4884 569 4925 nonio
585 4868 699 4925 videtur
714 4871 766 4927 ibi.

145 4954 263 5010 Civibus
279 4955 308 5010 hi
326 4958 466 5021 rel'erunt,
483 4959 623 5028 queniam
640 4960 807 5016 discesserit
821 4960 926 5031 hostis,

182 5042 344 5114 Castraque
359 5049 523 5100 cernuntur
537 5045 619 5117 plena
636 5049 803 5121 quibusque
819 5051 914 5107 bonis.

147 5129 285 5186 Samariae
301 5132 378 5188 cives
395 5141 551 5206 properant
566 5135 595 5190 in
611 5147 707 5193 castra
720 5140 871 5211 Syrorum,

69 5216 77 5225 '
180 5219 386 5292 Etcapiuntur
397 5238 468 5295 opes
483 5241 547 5297 qua
563 5233 702 5296 superant
717 5245 887 5287 numerum.

144 5309 276 5382 insuper
290 5327 307 5366 a
323 5312 440 5384 populis
455 5313 578 5372 allertur
593 5323 675 5374 tanta
688 5318 795 5390 farina,

179 5401 217 5460 Ut
232 5409 329 5476 pateat
343 5421 431 5464 verax
450 5423 516 5482 vox,
531 5409 644 5478 Elissa,
661 5415 723 5468 tua.

179 5609 203 5648 '⁴
215 5611 229 5670 l
243 5611 309 5688 dep.
324 5630 356 5675 n.

658 258 748 320 vau.
773 249 1010 318 urnuasearr
1032 234 1229 311 cruenta.
1254 248 1380 310 asten.

1002 381 1095 458 gtlte
1110 381 1207 439 malus
1222 381 1358 456 princeps
1373 381 1508 440 illiseum
1525 383 1577 457 qui
1592 384 1770 458 reprobarit,

1794 256 1865 321 ΗΜ

1079 473 1215 529 Samariae
1230 479 1341 544 custos,
1359 489 1426 546 rege
1437 476 1569 544 jubante,
1586 475 1651 531 tuit.

1043 562 1095 619 ilic
1110 564 1198 619 rrriaer
1213 580 1230 619 a
1246 564 1331 619 turba
1345 562 1472 620 similam
1486 571 1619 637 gestante
1634 571 1777 639 gravatus

1078 653 1192 708 Occidit
1208 655 1235 708 in
1253 657 1335 725 porta
1347 656 1402 709 sub
1418 657 1519 726 populi
1536 654 1672 724 pedibus.

1042 746 1176 800 Mortuus
1191 751 1236 798 est
1249 741 1403 816 losupbat,
1420 745 1471 815 qui
1487 746 1575 799 t'ertur
1592 744 1685 817 patris
1701 746 1737 802 ad
1754 763 1860 822 urnam,

1077 833 1172 906 Atque
1189 850 1263 889 suus
1279 839 1365 889 uatus
1381 835 1436 889 l'srt
1451 834 1587 892 diadema
1600 834 1715 896 doram.

1042 920 1095 978 llio
1110 932 1222 981 statuas
1237 924 1337 989 coluit,
1353 925 1438 996 cnjus
1453 928 1578 997 genitrix
1593 926 1713 984 titbalia

1077 1012 1214 1083 Exstirit3
1232 1015 1292 1071 bec
1307 1015 1390 1071 Amri
1405 1031 1470 1088 rege
1486 1015 1541 1072 l'uit
1555 1017 1666 1088 genita.

1042 1100 1099 1158 lste
1113 1102 1180 1158 Baal
1193 1106 1295 1166 sacris.
1311 1112 1340 1161 et
1355 1107 1476 1161 t'ratrum
1493 1107 1571 1162 cede
1587 1122 1723 1175 suorum,

1078 1191 1163 1264 lingis
1179 1192 1267 1250 lidorn
1285 1193 1393 1250 meruit
1408 1196 1528 1267 perdere
1543 1196 1708 1252 servitium.

1040 1280 1092 1337 Hic
1107 1288 1206 1339 tamen
1222 1285 1397 1355 aggrediens
1412 1289 1599 1358 insurgentes
1615 1285 1773 1356 idumeus,

1075 1374 1107 1427 ln
1123 1373 1203 1429 Seiru
1219 1390 1353 1446 pugnans
1369 1381 1453 1431 nocte
1466 1374 1575 1448 fugavit
1591 1391 1653 1436 eos.

1038 1459 1116 1516 Juda
1129 1465 1228 1518 doram
1244 1464 1359 1535 sepelit.
1376 1463 1445 1521 Post
1459 1464 1544 1520 illum
1561 1465 1641 1524 lilius
1656 1467 1723 1539 ejus

1074 1551 1126 1608 list
1140 1552 1244 1609 Aesius
1260 1552 1423 1627 [Onboaias]
1440 1570 1501 1624 rex,
1527 1554 1576 1626 qui
1600 1555 1690 1614 nimis
1705 1560 1751 1615 est
1764 1574 1855 1632 repro·

1783 1648 1855 1718 [bus.

999 1745 1023 1812 fl
1039 1731 1089 1788 liio
1104 1733 1172 1789 Bnal
1188 1738 1234 1790 est
1245 1734 1349 1803 cultor,
1366 1735 1452 1792 docet
1463 1734 1541 1793 bunc
1555 1737 1683 1810 genitrix
1697 1736 1824 1812 Athalia,

1073 1823 1140 1886 One
1156 1821 1266 1879 Baalim
1279 1825 1422 1897 sequitur,
1439 1825 1513 1899 regis
1528 1827 1628 1884 Achab
1642 1827 1752 1901 genita.

1037 1910 1084 1969 Vir
1099 1910 1215 1969 Domini
1230 1913 1309 1971 venit
1322 1913 1458 1972 benadad
1474 1916 1633 1988 languente
1648 1917 1798 1979 Damasci.

1072 2001 1152 2058 Tunc
1164 2002 1267 2060 llazasl
1283 2003 1419 2078 princeps
1435 2005 1621 2077 protulitboc
1634 2009 1669 2063 ad
1686 2023 1756 2065 sum
1772 2026 1780 2066 ε

1036 2090 1082 2146 lde
1098 2095 1231 2149 Benadad
1244 2093 1363 2150 mittens
1374 2111 1411 2150 an
1423 2095 1462 2151 sit
1473 2111 1562 2168 propa
1573 2112 1655 2154 mors
1665 2098 1851 2171 sua‚querit;

1070 2180 1123 2237 Vir
1137 2182 1249 2240 Domini
1267 2185 1377 2256 prolert
1393 2201 1400 2240 ε
1419 2185 1468 2241 liic
1479 2189 1549 2259 quia
1564 2203 1669 2260 sospes
1684 2189 1753 2247 erit.

1035 2270 1116 2328 Scire
1127 2278 1223 2330 tamen
1238 2275 1304 2330 volo
1318 2280 1346 2331 te
1360 2276 1496 2333 Bensdad
1514 2278 1613 2333 subito
1628 2280 1818 2346 moriturum,

1070 2363 1161 2435 dique
1176 2363 1229 2418 tini
1245 2364 1385 2422 nominas
1398 2366 1448 2421 dat
1462 2367 1597 2422 diadema
1613 2384 1715 2425 suum.

1035 2451 1107 2507 Inde
1122 2458 1263 2526 sequente
1275 2455 1322 2510 die
1336 2455 1469 2511 benadad
1485 2456 1541 2512 luit
1555 2457 1754 2530 exanimatus,

1070 2544 1140 2610 Ejus
1156 2548 1185 2597 et
1197 2542 1225 2597 in
1241 2541 1316 2599 solio
1336 2560 1386 2600 rex
1400 2542 1485 2601 Azael
1499 2545 1623 2615 positus.

1032 2629 1126 2697 Tunc,
1143 2631 1475 2705 Elisms‚jubespuerum
1487 2633 1544 2690 cito
1556 2650 1676 2708 pergere
1688 2635 1852 2708 quemdam,

1071 2718 1103 2775 lit
1123 2720 1194 2778 l'acis
1210 2721 1288 2777 buno
1303 2721 1357 2778 olei
1376 2721 1476 2778 tollere
1490 2722 1673 2781 lenticulam.

1033 2807 1164 2881 Cumque
1182 2811 1303 2866 ttamotb
1320 2811 1427 2867 Galaad
1445 2829 1566 2884 puerum
1590 2814 1662 2870 iacis
1686 2814 1852 2885 accelerare,

1067 2897 1172 2955 taliter
1186 2899 1320 2955 insinuas
1335 2901 1406 2972 quid
1424 2900 1519 2972 placet
1531 2900 1610 2958 bunc
1625 2905 1733 2962 l'acere.

1032 2987 1154 3052 Quando
1167 2989 1272 3047 tabum
1290 3006 1413 3047 cernens
1427 2989 1505 3047 bunc
1519 2991 1548 3048 in
1564 2993 1737 3054 conclave...
1758 2996 1788 3067 [t.
1804 2994 1852 3051 de·

1730 3083 1852 3158 [duces]

1072 3166 1105 3221 ut
1117 3167 1194 3240 quod
1210 3168 1237 3224 ei
1252 3167 1340 3224 iacies
1354 3185 1413 3225 non
1429 3169 1537 3226 releras
1552 3170 1629 3229 aliis.

1035 3253 1233 3312 Undedebum
1248 3273 1365 3330 regem3
1383 3275 1432 3315 rex
1448 3259 1535 3316 israel
1552 3260 1615 3331 ipss
1629 3260 1749 3321 iuturus

1069 3346 1214 3402 percutiat
1232 3346 1348 3403 Jrzabsl
1364 3366 1371 3417 ;
1387 3349 1429 3405 sic
1442 3348 1538 3405 Achab
1553 3366 1641 3407 omne
1655 3366 1764 3425 genus.

1035 3435 1171 3491 Destruet
1184 3436 1246 3508 ipse
1264 3436 1331 3492 Baal
1346 3455 1353 3507 ;
1368 3441 1535 3511 quicunque
1551 3439 1619 3495 Baal
1636 3448 1795 3498 veneratur

1070 3523 1144 3579 linae
1157 3525 1232 3581 debu
1249 3534 1358 3597 pereat.
1374 3528 1420 3583 Sic
1436 3528 1579 3585 [laurinus
1595 3529 1738 3602 loquitur.

1031 3615 1168 3671 Protinus
1182 3616 1334 3687 accelerat,
1351 3635 1508 3692 regemque
1522 3619 1629 3677 lehem
1654 3637 1728 3694 puer
1753 3620 1854 3694 ungit,

1066 3704 1140 3770 Quid
1158 3707 1245 3762 iaciat
1261 3708 1380 3777 prolert,
1401 3707 1613 3783 egrediensque
1629 3712 1705 3784 lugit
1719 3711 1752 3768 ¹⁴.

1031 3793 1175 3860 Querltur
1190 3812 1206 3850 a
1221 3799 1334 3854 servis:
1348 3797 1412 3854 'libi
1429 3799 1498 3871 quid
1516 3799 1583 3856 lecit
1603 3817 1675 3872 puer
1689 3799 1765 3857 ille?

1067 3882 1157 3955 ldque
1170 3883 1246 3941 debu
1262 3887 1376 3943 cunctis
1385 3889 1505 3960 protulit
1522 3891 1668 3963 intrepide
1683 3907 1691 3949 r

1031 3970 1141 4030 Unctus
1157 3975 1193 4030 ab
1209 3976 1262 4032 hoo
1277 3992 1329 4048 ego
1343 3994 1410 4034 sum
1427 3995 1476 4036 rex
1492 3980 1593 4036 israel.
1610 3984 1670 4037 Hoc
1686 3980 1809 4038 iiliseus

1065 4063 1169 4121 12⁰8
1182 4066 1299 4135 Annuit,
1316 4073 1456 4141 stragem
1474 4086 1520 4127 me
1534 4071 1595 4127 lora
1613 4071 1679 4129 vult
1701 4073 1852 4128 Dominus.

1029 4150 1100 4207 Inde
1114 4153 1219 4211 Jebum
1236 4172 1333 4229 regem
1350 4158 1449 4231 populi
1466 4165 1652 4229 venerantur,
1668 4165 1697 4218 et
1713 4160 1758 4218 illi

1063 4242 1230 4316 Subjiciunt
1245 4251 1340 4303 vestes
1355 4247 1384 4302 in
1400 4249 1527 4321 speciem
1543 4249 1618 4307 solii.

1027 4328 1155 4389 Vulnera
1166 4334 1240 4390 lacta
1254 4333 1353 4392 Joram
1370 4342 1440 4393 sunt
1454 4340 1515 4413 regi
1531 4340 1728 4412 Samaritano,

1061 4419 1235 4493 Sumpserat
1250 4422 1311 4480 hac
1326 4441 1461 4500 pugnans
1473 4446 1539 4485 curn
1555 4431 1643 4504 Syrie
1658 4429 1777 4503 populo.

1024 4508 1136 4566 Jezrael
1151 4510 1300 4582 iilejacet,
1317 4515 1367 4570 sed
1383 4532 1449 4572 eum
1464 4533 1550 4589 quem
1567 4519 1660 4577 visere
1676 4517 1787 4589 tendis,

1058 4602 1168 4660 Jezrael
1184 4621 1201 4660 a
1215 4604 1292 4660 luda
1304 4623 1353 4663 rex
1369 4610 1476 4667 Abanta
1491 4611 1583 4670 venis.

1025 4691 1084 4749 Rex
1097 4693 1190 4750 Jebns
1206 4700 1238 4750 ut
1254 4711 1336 4768 reges
1349 4697 1469 4767 audivit,
1480 4699 1589 4758 iezrael
1600 4719 1677 4774 erse,

1060 4784 1171 4855 agmen
1188 4798 1222 4840 eo
1237 4784 1347 4842 ducens
1363 4791 1464 4859 querit
1476 4807 1526 4846 eos
1542 4808 1656 4864 cepere.

1023 4871 1055 4929 ln
1072 4873 1190 4944 gemino
1206 4889 1292 4930 curru
1309 4882 1444 4947 geminus
1460 4896 1510 4935 rex
1524 4879 1635 4939 Jearael
1650 4883 1721 4950 exit,

1060 4962 1278 5035 Pacilioumqus
1292 4964 1397 5021 lebam
1414 4969 1484 5024 dum
1503 4977 1596 5042 putat,
1613 4973 1717 5030 obvius
1734 4972 1768 5030 it.

1023 5052 1131 5110 Ordine
1145 5054 1319 5124 dispositam
1335 5058 1413 5130 cogit
1427 5059 1519 5117 Jebus
1539 5065 1582 5119 ire
1595 5070 1752 5134 catervam,

1059 5148 1152 5216 Atque
1165 5145 1240 5218 regit
1254 5161 1379 5202 cuneum
1398 5152 1521 5219 previus
1538 5153 1599 5224 ipse
1614 5169 1714 5211 suum.

1024 5234 1122 5305 Estne,
1139 5232 1239 5291 doram
1257 5236 1378 5308 profert,
1394 5240 1466 5295 mibi
1483 5242 1561 5312 pax?
1590 5242 1653 5302 Non
1681 5248 1740 5312 est,
1757 5241 1845 5300 iebus

1722 5331 1843 5409 [inquit,

1056 5419 1131 5473 cnm
1144 5413 1260 5471 lezabel
1276 5418 1423 5491 meretrix,
1439 5423 1528 5494 atque
1543 5422 1673 5482 venetica
1688 5423 1738 5483 sit.
1769 5430 1773 5435 '
