3802 6030
151 211 228 276 ltol
628 211 721 272 VEN.
743 208 984 274 flluuuuunl'l
1005 208 1203 272 CENOMAN.
1229 206 1352 270 ul‘lsc.
1780 206 1864 269 4308

153 352 208 407 Pro
224 347 347 406 custode
362 346 457 413 datur,
470 345 569 417 servit,
585 342 670 402 timet
683 347 889 410 etvaneratur,
994 348 1022 416 Α
1037 341 1108 402 Plus
1122 360 1177 418 ops
1191 342 1291 401 divina
1306 342 1431 415 possunt
1446 337 1489 396 vel
1505 339 1638 396 monstra
1651 337 1780 398 marina.

153 442 248 512 Atque
262 454 351 510 super
362 440 497 493 sanctum
513 434 602 503 dolet,
618 438 707 507 alque
722 434 792 492 iecit
805 434 890 509 quasi
899 434 980 508 plan·
1030 432 1087 491 Sed
1102 450 1161 492 non
1177 433 1318 507 procedit,
1330 448 1383 489 nee
1398 429 1477 487 enim
1492 427 1550 487 sibi
1564 431 1674 503 pontus
1692 427 1807 501 obedit,

837 524 941 598 [ctum,
1030 523 1065 580 us
1080 522 1183 598 pelago
1198 540 1325 589 mersus,
1343 520 1422 583 orior
1437 524 1482 577 est
1497 517 1649 592 citiusque
1664 534 1806 577 reversus

150 617 368 689 Terribilesque
384 617 449 673 ieras
464 615 596 687 fragilem
611 633 731 674 corvum
752 615 888 674 timuere.
1028 609 1111 680 Navi,
1127 628 1216 685 qnam
1232 617 1337 671 ventus
1347 611 1443 682 juvat,
1459 608 1643 682 impellitque
1656 608 1822 680 juventus:

153 708 253 763 'l'erret
268 721 319 763 eos
333 706 398 775 alis,
414 705 548 763 custodia
564 705 738 779 spiritualis.
1030 701 1112 767 Onod
1128 701 1259 774 potuisse
1274 700 1367 758 rirum
1377 703 1573 773 postmortem
1590 704 1727 771 nonputo
1737 698 1862 767 mirum,

39 807 42 810 “
153 802 238 854 Hunc
253 795 341 869 lupus
358 795 506 864 immanis,
523 812 612 869 quem
625 800 727 853 venter
741 794 848 869 agebat
869 791 977 866 inanis,
1030 793 1101 846 Cum
1118 789 1144 847 si
1160 790 1261 849 crelion
1274 791 1318 849 vis
1331 791 1371 848 sit
1384 795 1499 856 ventus,
1516 787 1718 846 navitanaris.

152 882 190 942 Ut
204 889 294 959 caput
309 885 431 959 aspexit,
444 884 544 958 procul
555 885 620 955 ejus
634 885 665 940 in
681 882 872 953 oraremus,
1030 879 1242 954 Expletumque
1258 881 1366 948 soclus,
1377 877 1552 955 properabat
1566 877 1667 950 iniqua
1683 876 1826 950 phaselus

157 975 194 1032 ut
208 980 297 1047 caput
310 975 338 1031 in
354 991 465 1032 morem
482 989 608 1032 curvans
624 973 758 1031 incientis
773 971 925 1044 bonorem,
1030 969 1168 1028 llllabens
1184 976 1266 1030 terra
1283 971 1369 1045 quasi
1384 970 1493 1046 gaudia
1517 984 1625 1042 magna
1649 969 1769 1027 reterre.

51 1078 54 1083 ·
154 1069 244 1124 llxtra
259 1069 408 1133 naturam,
425 1064 517 1138 gessit
532 1080 584 1137 pro
599 1079 720 1137 corpore
746 1077 858 1120 curam.
1031 1059 1157 1118 lusultat
1171 1060 1265 1132 lictor,
1281 1063 1333 1119 sed
1349 1065 1461 1132 martyr
1476 1064 1504 1117 et
1519 1059 1567 1116 hie
1583 1075 1702 1133 quoque
1717 1059 1822 1129 victor,

147 1153 260 1211 sus
277 1153 332 1211 Sed
341 1152 444 1225 nequit
458 1153 515 1210 ists
530 1151 591 1224 pati
602 1167 685 1209 mens
699 1151 910 1224 perfida,mens
921 1166 981 1207 sce·
1029 1149 1120 1215 Quem
1133 1156 1215 1225 putat
1225 1152 1469 1225 absorptum,jam
1478 1149 1644 1224 praescierat
1655 1149 1711 1207 sibi
1719 1155 1849 1223 portum.

834 1237 943 1313 tiarati,
1032 1239 1163 1313 Femina,
1179 1258 1226 1298 rea
1237 1241 1358 1313 fragilis,
1376 1239 1445 1297 lldei
1460 1238 1535 1297 solet
1549 1255 1615 1297 esse
1642 1239 1749 1299 virilis.

23 1400 32 1417 ,
157 1333 217 1392 Nec
232 1335 308 1391 lavet
324 1334 391 1391 buic
406 1333 493 1407 parti,
507 1333 559 1390 sed
573 1337 667 1392 tntum
683 1333 806 1408 deputat
828 1333 885 1390 arti
901 1352 908 1404 3
1033 1328 1171 1388 Rusticus
1186 1331 1356 1389 admonitus
1367 1346 1419 1404 per
1433 1346 1571 1387 somnum
1586 1345 1706 1403 poscere
1717 1327 1811 1399 littus,

154 1423 344 1495 aequoniam
360 1428 446 1481 terras
463 1439 593 1497 pugnam
610 1425 714 1497 nequit
728 1423 833 1480 amodo
849 1422 934 1493 terre,
1032 1422 1069 1475 ut
1079 1419 1128 1474 vili
1144 1421 1223 1478 losse
1238 1419 1354 1478 tumulo
1369 1420 1439 1476 dare
1453 1418 1593 1494 martyris
1621 1435 1699 1487 ossa,

154 1511 234 1569 Bella
250 1514 372 1587 parabat
386 1530 481 1588 aquae,
497 1530 596 1587 pugna
612 1513 797 1586 superandus
809 1515 943 1586 utraque.
1033 1515 1105 1566 bum
1117 1510 1201 1567 timet
1215 1513 1244 1566 et
1258 1509 1385 1580 dubitat,
1402 1509 1529 1583 fideique
1548 1507 1667 1583 negotia
1681 1508 1769 1576 vitat,

150 1601 325 1661 claruerant
337 1604 430 1676 signis
445 1603 544 1674 tellus,
560 1619 622 1672 aer,
639 1605 720 1661 luror
734 1602 811 1674 ignis
828 1621 835 1674 ;
1033 1607 1106 1658 Dum
1121 1602 1206 1659 timet
1220 1602 1361 1676 indignus
1376 1601 1544 1659 venerabile
1568 1599 1672 1659 tollere
1696 1601 1816 1675 pignus,

154 1693 206 1751 Hic
221 1694 319 1769 liquor
330 1701 376 1753 est
390 1700 524 1769 quartus,
541 1695 592 1770 qui
608 1700 698 1754 restat
712 1700 745 1753 ut
760 1695 860 1752 abluet
883 1700 975 1754 artus.
991 1710 1015 1775 Β
1033 1692 1290 1767 Martyrmatrnnae
1301 1690 1422 1764 pollenti
1438 1689 1589 1764 relligione

149 1780 241 1841 Debet
252 1785 394 1841 conlundi
410 1802 462 1857 per
476 1784 595 1858 singula
610 1801 733 1859 corpora
751 1784 866 1853 muudi,
1030 1783 1133 1850 Adsat,
1149 1786 1279 1856 apparet,
1291 1781 1364 1855 quid
1375 1786 1442 1856 agat
1457 1780 1551 1849 docet,
1568 1779 1677 1852 illaque
1691 1786 1786 1855 paret.

31 1904 46 1911 .,
147 1868 185 1928 Ut
197 1877 299 1930 contra
311 1873 437 1930 stultum
455 1872 495 1930 nil
510 1874 626 1932 deseret
641 1872 722 1931 orbis
738 1871 883 1930 inultum.
1032 1873 1112 1938 Quod
1125 1871 1169 1927 vir
1179 1888 1237 1929 non
1251 1873 1349 1942 audet,
1359 1872 1408 1945 pia
1419 1871 1528 1929 lamina
1541 1887 1671 1943 quaerere
1685 1871 1794 1943 gaudet
1818 1889 1826 1928 ι

150 1957 287 2019 Pressum
308 1961 385 2020 mols
400 1963 492 2037 gravi,
505 1962 591 2036 lubet
605 1962 685 2022 bunc
706 1963 859 2036 imponere
873 1962 939 2021 navi
1030 1961 1180 2019 Noctesub
1195 1963 1321 2020 obseura
1336 1961 1416 2035 vigili
1426 1961 1504 2018 senil
1514 1959 1551 2017 nd
1565 1975 1646 2018 mare
1662 1977 1746 2028 curs,

150 2050 359 2126 unanimisque
374 2053 427 2110 riri
443 2069 550 2128 corpus
565 2055 669 2128 pelago
684 2053 812 2128 sepeliri,
1030 2053 1137 2120 Querit
1151 2057 1181 2111 et
1197 2053 1349 2112 inventum
1364 2053 1452 2128 rapit,
1464 2057 1493 2111 et
1509 2052 1562 2109 dat
1573 2051 1600 2110 ei
1615 2055 1856 2123 monumentum,

152 2138 189 2201 Ut
203 2142 274 2217 quia
287 2143 407 2201 corvina
421 2144 518 2202 rabies
534 2145 637 2219 nequit
652 2150 741 2216 atque
756 2144 861 2213 lerina,

862 2560 1150 2654 ludrrlr

453 2755 753 2881 PASSIO
802 2757 1152 2885 SANGTAE
1193 2760 1553 2887 AGNETIS

763 2979 938 3045 wuelnls
959 2982 1011 3044 uu
1031 2983 1249 3046 nebullus.

373 3146 434 3235 (Ex
486 3149 626 3234 praelato
675 3149 903 3235 manuscripto
949 3147 1063 3216 Sancti
1110 3148 1251 3217 blasiani
1305 3150 1633 3238 Autissiodorensis).

737 3492 943 3588 BREVE
975 3491 1279 3592 MONITUM.

189 3750 351 3812 Invenitur
366 3750 448 3828 typis
462 3747 547 3810 edita
559 3748 758 3812 Francoinrti
772 3768 826 3812 an.
841 3749 932 3828 1624,
948 3751 1032 3832 typis
1046 3751 1165 3815 scilicet
1186 3751 1399 3815 Wechelianis
1413 3753 1498 3833 apud
1523 3751 1687 3816 Danielem
1703 3758 1735 3816 et
1758 3752 1846 3816 Dari-

150 3829 223 3891 dem
232 3830 364 3891 lucrios
379 3829 608 3892 etGlementem
623 3830 849 3893 schleichium.
862 3831 962 3912 quue
977 3834 1010 3894 in
1021 3833 1103 3895 libro
1119 3834 1279 3914 trigesimo
1290 3835 1543 3896 adversariorum
1555 3834 1849 3897 commentariorum

150 3909 281 3987 Gaapari
297 3909 416 3971 Bertbii
429 3909 486 3971 iol.
504 3911 596 3986 lll8‚
612 3911 667 3973 sed
714 3911 845 3973 rolixius
860 3930 897 3974 eo
913 3911 998 3992 qnod
1013 3919 1118 3976 exstat
1130 3915 1162 3976 in
1186 3915 1403 3996 manuscripto
1419 3916 1528 3978 Sancti
1551 3915 1685 3979 Mariani
1700 3916 1848 3978 Autissio-

150 3990 303 4064 dorensis,
320 3989 371 4052 oui
386 4009 423 4052 ex
436 3991 583 4053 undecim
599 3932 765 4072 capitibus,
780 3993 813 4053 in
829 4011 900 4073 quae
916 3995 946 4054 in
962 3995 1134 4057 Barthiano
1149 3994 1311 4070 dividitur,
1327 3999 1440 4057 desunt
1454 3998 1519 4058 lere
1529 3996 1593 4059 duo
1608 3997 1722 4058 ultima
1747 3994 1849 4076 capita

148 4088 221 4151 quse
236 4070 308 4132 huic
319 4074 394 4134 Sam
410 4073 550 4134 Mariano
565 4072 796 4151 subjunximus.
813 4075 912 4135 Porro
925 4073 1072 4137 Bnrtbius
1086 4076 1148 4137 hoc
1164 4096 1276 4154 poema
1291 4078 1449 4158 accepisse
1464 4096 1497 4139 se
1512 4085 1620 4139 monet
1632 4077 1673 4139 ab
1688 4078 1848 4139 Heriberto

149 4152 324 4232 Rosweydo
339 4154 370 4215 S.
386 4153 415 4215 J.
433 4155 615 4234 presbytero
629 4153 853 4228 eruditissimo,
869 4155 923 4233 qui
938 4155 1022 4216 illius
1037 4163 1199 4218 auctorem
1215 4176 1282 4219 esse
1297 4158 1457 4220 asserebat
1471 4158 1688 4220 Hildebertnm
1704 4160 1850 4220 Cenoma·

147 4250 275 4296 nensem
291 4233 485 4314 episcopum,
502 4233 587 4314 quod
603 4252 640 4296 ex
656 4235 717 4296 hoc
731 4235 944 4315 manuscripto
955 4237 1064 4298 Sancti
1076 4238 1208 4299 Mariani
1224 4239 1405 4301 coutlrmari
1421 4241 1533 4301 merito
1550 4245 1663 4319 potest.
1676 4240 1848 4314 Onominns

149 4313 246 4393 igitur
259 4314 321 4376 hoc
337 4333 451 4394 poema
465 4315 622 4378 tribuatur
636 4314 818 4377 Hildeberto
833 4334 897 4377 non
912 4316 1005 4378 debet
1019 4318 1146 4380 obstare
1160 4320 1245 4399 quod
1260 4320 1415 4398 Operibus
1428 4319 1567 4400 Philippi
1580 4321 1773 4401 bonae-Spei
1798 4319 1850 4382 ab·

146 4393 228 4457 batis
241 4395 332 4457 editis
346 4396 444 4458 Duaci
458 4414 510 4458 an.
528 4396 607 4458 1630
622 4395 681 4458 sub
697 4396 793 4459 finem
816 4401 986 4471 attexatur,
1003 4417 1074 4461 enm
1090 4397 1208 4460 ibidem
1232 4399 1326 4479 plura
1341 4400 1404 4462 alia
1418 4402 1561 4463 carmina
1588 4403 1708 4464 inserta
1723 4401 1846 4471 luerint,

148 4493 222 4619 iffi
235 4477 275 4618 iar?
289 4477 390 4621 fllderffi
400 4477 571 4621 ιιιιιΙῐιῖιιιιιι
586 4477 714 4620 optimae
728 4479 1113 4621 nottaessna'rtruscriplorum
1127 4479 1345 4543 indubitanter
1358 4487 1430 4543 sunt
1445 4481 1629 4557 Hildeberti,
1656 4483 1708 4544 cui
1732 4481 1850 4564 specia-

284 4578 305 4639 p
320 4578 340 4621 u
393 4578 428 4622 us
442 4578 484 4640 op
500 4577 573 4621 umas
588 4577 630 4620 no
645 4577 673 4621 ae
688 4577 763 4622 mss.
794 4577 820 4620 rr
844 4577 877 4620 ur
895 4578 943 4622 ur.

313 4913 419 4972 tm
444 4912 561 4970 caPU'l
580 4911 728 4971 PlllltlUll
748 4913 815 4985 (79).
993 4915 1016 4983 (2
1064 4912 1210 4984 Floribus,
1226 4914 1394 4974 utdoeebat
1410 4915 1509 4989 passio
1526 4932 1609 4974 sacra
1626 4917 1725 4976 iidem.

149 5005 246 5078 agnes
261 5017 344 5060 saura
359 5002 405 5060 sui
421 5017 545 5075 pennam
557 5000 708 5074 scriptoris
722 5001 847 5068 inaurel,
1031 5002 1144 5060 Florult
1157 5002 1228 5062 urbs
1245 5003 1343 5061 Rome
1357 5004 1518 5078 premisse
1535 5006 1660 5079 virginis
1673 5012 1753 5080 ortu,

187 5093 333 5166 Linguam
345 5095 481 5151 nectareo
495 5090 644 5164 compluat
659 5090 753 5148 imbre
769 5105 875 5148 msam.
1066 5089 1102 5147 nt
1117 5089 1198 5148 velut
1212 5090 1266 5148 boc
1282 5090 1402 5166 speculo
1418 5096 1477 5149 lota
1491 5090 1608 5150 relulsit
1622 5092 1746 5152 burnus.

148 5182 171 5222 ¹⁸
189 5184 281 5256 Cujus
292 5181 463 5257 martyrium
475 5179 605 5239 metricis
620 5181 778 5255 deplngere
793 5183 873 5237 tento
1029 5182 1100 5237 Orta
1114 5178 1213 5253 puella
1224 5195 1298 5238 novo
1311 5181 1451 5255 respersit
1476 5181 1591 5239 lumine
1617 5181 1756 5257 Romam,

187 5344 244 5420 (79)
260 5347 294 5403 lu
308 5343 435 5402 editione
450 5341 560 5401 Bnrtbii
573 5340 629 5400 boc
658 5357 763 5415 poema
787 5341 929 5399 dlridltnr
943 5342 974 5398 in
1029 5339 1119 5398 bonis
1134 5338 1170 5396 ab
1186 5339 1242 5396 bac
1255 5348 1379 5398 nostrae
1393 5341 1572 5402 Mariansnsi
1582 5341 1859 5420 codicedesumpta,

149 5418 302 5477 duodecim
316 5418 458 5491 capita-
472 5415 576 5474 Varias
586 5413 728 5473 lectiones
743 5413 974 5473 Bartbianeedi·
1029 5412 1078 5470 bio
1093 5413 1241 5470 notandas
1254 5413 1406 5472 duximus.

185 5541 249 5591 use
260 5545 335 5620 ΕΜ
