3802 6030
106 279 183 346 1673

103 415 201 491 Ipsius
215 432 337 473 occasus
352 415 465 473 homini
480 415 596 471 cuidam
613 412 698 486 quasi
715 429 834 488 suasus,

103 507 210 564 lterum
228 513 350 563 noturus
367 513 397 562 ut
412 507 519 578 cogitet
535 506 716 563 interituras.

100 595 160 668 56.
176 595 271 669 ilique
283 611 426 653 renascens
443 599 529 669 pyrus
543 611 592 660 per
608 594 795 661 mer-tutemet
807 595 930 667 flectitur

317 686 353 741 ud
366 685 537 758 «sparlonem,
551 692 606 740 cto.
623 686 662 758 (v.
678 685 717 756 6).

99 777 231 834 Pneums
245 778 329 831 vossi
344 776 447 841 solem,
464 775 534 848 quis
548 790 635 828 rorno
665 783 796 846 tompore
822 773 928 832 molem

99 866 259 921 viridunus
276 872 369 932 ierrae,
384 863 534 919 calefactat
547 863 680 935 germina
695 864 788 924 terro:

97 953 182 1013 Nunc
196 960 293 1010 munst
305 953 455 1025 obliquus,
473 968 508 1009 ne
525 957 611 1008 rebus
627 952 675 1008 unt
694 952 836 1025 iniquus;

96 1045 145 1101 Sic
161 1044 270 1100 i'scisus
293 1059 419 1113 numius
445 1058 548 1098 sinum
566 1043 737 1099 moiorslur
753 1052 927 1115 utrimque,

95 1134 138 1195 Ne
154 1136 214 1190 sint
227 1132 340 1206 algores
358 1132 450 1199 nimii,
470 1131 573 1207 nimirq
585 1148 610 1186 to
623 1131 746 1188 calores.

97 1227 171 1282 Cum
188 1239 219 1281 se
235 1222 374 1290 sustollit,
392 1223 637 1294 horrulislrigora
652 1222 756 1278 mollit.

97 1318 167 1374 Post
177 1315 288 1371 hiemes
305 1320 424 1372 moestus
438 1318 510 1369 tuno
524 1313 624 1369 omnis
639 1320 750 1370 recreat
762 1317 859 1374 osius.

101 1404 232 1464 Brumsli
250 1403 464 1477 plaustrorum
481 1403 515 1459 ttt
529 1403 651 1460 divexus
666 1403 694 1458 in
712 1410 824 1474 austro,

98 1495 184 1554 Hunc
199 1496 311 1552 confert
323 1494 561 1570 questum,quod
574 1493 661 1549 rebus
674 1497 927 1566 tempsrntaestum

97 1583 226 1642 Telluris
242 1583 324 1640 tsssae
337 1581 422 1655 qussi
440 1589 540 1654 psrtus
555 1581 619 1653 rjus
634 1597 700 1639 essa

99 1676 210 1729 Ventrr
224 1678 364 1739 cessaret,
380 1688 431 1743 par
443 1672 520 1727 idem
536 1671 561 1727 si
578 1676 682 1727 cuncte
696 1677 840 1743 gravaret.

95 1765 111 1835 5
127 1762 173 1825 Vi.
189 1761 289 1822 Omnia
310 1761 431 1833 flumina
445 1765 551 1817 intrant
565 1777 654 1825 murs,
670 1767 698 1817 ct
713 1777 790 1817 mure
811 1777 865 1819 non
880 1778 923 1820 re·
938 1784 963 1853 Β

232 1854 352 1911 suriunt.
372 1852 411 1909 rid
426 1854 515 1909 iocum
530 1854 611 1920 uatis,
624 1859 679 1911 etr.
696 1853 739 1923 (V.
755 1853 795 1924 7.)

96 1943 236 2011 Quamvis
247 1950 422 2000 cunctarum
439 1943 541 2000 labens
557 1944 699 1999 decursus
712 1958 855 2013 nrpuurum

95 2035 129 2094 Io
142 2051 220 2091 mure
236 2050 267 2091 se
284 2035 421 2103 tundant,
438 2048 589 2107 uunquam
607 2043 704 2089 tamon
722 2034 789 2088 luds
810 2032 922 2090 redun-

794 2119 887 2200 ]=luni‚

95 2217 174 2285 Quas
190 2214 301 2290 physici
318 2213 414 2271 cuncti
431 2214 532 2270 dieunt
548 2214 701 2288 salsugine
717 2214 797 2286 ponti

95 2308 167 2364 listu
184 2307 308 2362 siccatas
323 2305 446 2361 sauciis
456 2319 521 2361 asse
536 2311 660 2372 voratos,

96 2397 160 2455 Non
176 2397 374 2462 affirmamus,
389 2411 442 2451 uec
457 2407 534 2450 certo
552 2399 624 2449 teste
641 2394 808 2466 probamus.

94 2486 169 2546 Num
185 2487 210 2541 si
226 2485 393 2550 delicerent,
412 2485 536 2540 reureuri
552 2501 656 2540 rursus
673 2484 831 2553 bsbsrenl3

96 2579 152 2638 Sed
170 2582 323 2650 postquam
342 2576 464 2646 Plostes,
479 2581 510 2631 ut
526 2584 592 2649 post
604 2578 705 2649 probat
721 2577 922 2648 Ecclesium,

95 2668 225 2726 Sabbata
243 2666 378 2731 sacravit,
394 2673 505 2721 mundo
520 2682 592 2721 nova
608 2665 689 2721 nullo
705 2666 822 2724 creavit.

98 2758 210 2817 Exlunc
225 2757 319 2812 retritis
335 2756 376 2812 nil
388 2762 433 2812 est
447 2762 544 2812 ortum
562 2756 720 2811 nouitatis:

97 2847 193 2917 Stirps
208 2848 295 2902 durat
310 2862 407 2902 rerum
424 2861 499 2917 quus
527 2860 578 2900 ssx
593 2845 674 2900 dudit
697 2845 769 2901 ordo
783 2844 922 2916 oleronis

96 2935 188 2994 Dnrnt
204 2936 284 3008 origo
299 2941 394 3003 vatus,
407 2935 499 2990 luctor
511 2941 610 2990 munet
628 2934 691 3005 ipss
705 2936 831 3005 quietus.

95 3026 171 3099 Ergo
188 3023 284 3087 fluunt
301 3025 365 3096 rivi,
382 3023 618 3083 refluunlrsrum
636 3024 765 3084 recidivi.

96 3112 186 3176 ortus
202 3116 236 3171 sd
249 3116 348 3171 sedern
363 3114 488 3187 lymphs
504 3121 677 3171 revocantur
691 3115 820 3184 eaedem

94 3205 126 3262 Iu
143 3220 222 3260 msrs
236 3207 354 3269 duxere.
366 3204 486 3272 redunt,
503 3207 624 3259 veniunt
639 3205 783 3263 redivivu.

92 3299 117 3354 Α
134 3295 242 3351 isctora
256 3295 342 3351 dutrrs
357 3299 435 3366 putei
451 3294 478 3348 io
494 3292 595 3349 tellure
610 3299 724 3350 mestus

94 3384 219 3444 Numine
235 3390 312 3440 tsrru
329 3386 436 3449 mnris;
455 3399 506 3456 prr
521 3398 614 3455 uquss
630 3383 717 3438 horno
734 3381 920 3455 significaris,

94 3472 206 3533 Dassuis
221 3473 250 3528 in
270 3481 389 3539 terram,
406 3488 458 3527 nan
475 3472 580 3544 imples
596 3472 660 3545 rjus
676 3488 817 3531 acerram.

93 3564 224 3635 Suscipit
238 3579 253 3617 e
270 3563 363 3633 primu
379 3564 503 3616 t'nrrnutn
519 3560 659 3619 cudarera
675 3562 745 3619 linio

94 3654 127 3712 lu
142 3653 218 3709 sauli
236 3659 330 3719 suetus
349 3667 496 3720 nunquam
514 3658 611 3707 tarnen
628 3653 691 3724 ipss
707 3651 838 3722 rcptstn3

92 3747 147 3802 Sed
163 3762 256 3815 ponus
271 3747 441 3815 stnorpturn
459 3743 606 3799 rneliorsrn
625 3746 718 3800 reddit
733 3745 768 3801 ud
799 3751 917 3816 ortum3

93 3833 152 3892 Hoc
168 3836 365 3905 corruptivum
382 3836 499 3906 qurt'ttlu
515 3845 616 3903 surget
633 3831 804 3891 red-virum.

90 3921 182 4000 §tlt
199 3923 311 3981 Cauros
339 3939 382 3978 res
407 3923 551 3991 rtilrirr'les,
569 3938 622 3977 nort
649 3927 737 3994 potest
765 3939 812 3979 ens
838 3928 919 3983 tronto

146 4015 285 4084 espiieurc
299 4028 442 4068 serranus:
460 4012 517 4068 Noa
532 4020 684 4077 saturatur,
700 4019 752 4069 ctu.
766 4013 808 4086 (V.
824 4013 864 4087 8.)

92 4101 183 4169 Lenes
199 4105 330 4158 orcultns
345 4120 441 4158 rerum
460 4106 491 4157 tlt
507 4103 585 4156 nulla
602 4104 734 4170 lucullus,

95 4193 200 4250 ms
217 4191 264 4248 Vel
283 4192 387 4262 linguis
405 4193 470 4247 nisu
489 4192 551 4257 luri,
569 4192 610 4247 rel
627 4191 832 4261 curtracense,

90 4285 177 4340 Auris
192 4299 248 4338 non
262 4283 354 4348 studit,
372 4298 422 4337 nen
439 4282 526 4337 homo
542 4283 610 4354 quis
627 4287 742 4354 pectore
761 4281 880 4341 claudit.

90 4371 168 4432 Nulli
187 4372 338 4428 mandrita)
354 4374 506 4445 prasentia
523 4382 652 4443 temporo
666 4372 691 4425 vi
706 4389 729 4428 us

90 4462 206 4523 ttiturae
221 4479 325 4519 cousus
342 4464 511 4518 conceditur
527 4463 612 4518 edere
628 4463 754 4519 clausos.

90 4551 202 4609 Cuncta
219 4572 269 4626 per
284 4553 408 4625 oenigma
421 4554 505 4608 ruodo
518 4552 659 4609 discimus
670 4510 956 4626 antpnrsdigrrs;n

89 4644 163 4703 Num
182 4642 267 4702 modu
283 4661 334 4717 per
354 4652 564 4717 purtesrerum
593 4644 798 4716 cognoscimus
827 4647 916 4700 ortes.

124 4842 183 4915 (63)
208 4843 291 4899 Forte
315 4840 509 4914 patriciorum,
525 4857 576 4898 seu
607 4841 767 4900 illustrium
797 4859 915 4903 ovorum

91 4931 373 5055 supssrpuppstmdioe.
387 4985 545 5043 claxendix
561 5002 577 5041 s
595 4990 625 5041 D.
646 4992 779 5058 ttucango
795 4986 823 5040 in
836 4986 917 5044 utos·

88 5063 168 5115 surio
187 5060 285 5115 lutino
300 5061 409 5113 dicitnr
424 5058 591 5125 classicum,
609 5074 659 5111 sou
678 5061 747 5114 tuiis
777 5061 914 5116 militaris

90 5133 169 5187 uude
184 5131 213 5185 in
231 5131 296 5184 Vita
312 5131 341 5187 S.
358 5127 499 5194 Wilttidi,
516 5146 579 5198 cup.
593 5129 639 5195 25,

127 5218 284 5275 discendis
296 5220 395 5285 torruit,
411 5220 522 5274 comites
536 5234 587 5273 rus
601 5218 773 5288 promptulus
788 5220 879 5278 orleii.

89 5308 190 5363 Potest
204 5309 291 5363 stiam
304 5306 359 5364 diri
376 5307 491 5363 classici
508 5308 601 5378 ipsius
617 5307 916 5376 tegumentunt.Unde

91 5379 205 5436 Priscil.
228 5381 277 5437 lib.
294 5381 451 5435 Cluxrndix
466 5389 511 5434 ost
525 5382 645 5436 roncho.
663 5381 848 5449 ortssipnnm
867 5399 916 5437 ru-

90 5453 181 5524 gitur.
200 5451 272 5507 tuto,
293 5453 460 5523 ltucungius
480 5453 550 5505 citat
575 5453 707 5505 tilossum
731 5470 784 5506 rus.
800 5451 830 5508 S.
846 5459 915 5510 (lsr-

92 5525 171 5580 mant
190 5543 213 5581 a.
230 5524 332 5583 Patris.
360 5528 407 5577 ott
425 5526 466 5577 sic
493 5524 635 5578 nostor:
656 5516 813 5598 clusere-p
829 5527 914 5596 qussi

89 5591 267 5669 καλασσὲνδιξ
283 5596 402 5652 castior
418 5610 505 5661 voco;
521 5594 564 5649 vel
580 5598 713 5652 custodis
728 5598 816 5663 tubas,
827 5598 856 5654 id
870 5601 917 5657 est

496 275 684 341 sosotttttt
707 273 941 343 suntttttttrtt
962 277 1136 345 Mosasts
1155 277 1405 345 arrutoartu

945 416 1042 491 Assd
1059 416 1107 487 pis
1121 416 1239 489 quando
1254 413 1303 473 Del
1318 418 1420 473 vestre
1435 414 1522 472 iacies
1536 414 1620 475 larici

1729 278 1808 345 tstt

983 506 1013 563 lu
1032 524 1061 562 rs
1075 507 1196 579 parebit,
1211 512 1280 562 tunc
1298 507 1382 562 uobis
1397 523 1484 563 omne
1500 507 1620 578 patebit.

982 598 1063 655 Tunc
1079 598 1167 653 homo
1183 613 1247 652 vers
1265 597 1345 651 dubit
1359 598 1503 652 condens·
1520 597 1629 652 ridere.

982 686 1085 757 svnt.
1100 687 1170 758 Quid
1186 699 1225 740 ast
1241 687 1311 758 qnod
1324 689 1401 756 luit?
1416 687 1506 758 ipsum
1524 688 1594 758 qrrod
1606 692 1733 753 loturum
1747 694 1810 753 erl,0

1105 778 1148 832 nal
1162 778 1212 831 salt
1224 779 1281 832 sois
1292 791 1400 843 norrun,
1417 787 1471 831 stc.
1489 775 1534 846 (V.
1547 775 1567 833 9
1581 784 1610 831 et
1627 777 1683 845 to.)

982 865 1123 925 Redditur
1140 866 1207 921 huic
1225 867 1335 921 muodo
1350 866 1426 937 quod
1444 865 1515 920 ubiit
1525 866 1587 935 jnm
1607 863 1764 936 pereundo,

981 956 1017 1020 Et
1032 964 1168 1013 nuscetur
1184 957 1259 1012 idem
1277 954 1356 1029 qnod
1373 956 1520 1011 hububunt
1543 955 1650 1011 saeoulu
1679 955 1806 1027 pridem.

981 1045 1053 1106 Num
1067 1062 1114 1103 res
1128 1046 1252 1103 subluto
1267 1052 1338 1101 sunt
1351 1047 1464 1101 semine
1478 1046 1675 1118 reciprocat-r.

981 1134 1092 1208 Nempe
1108 1142 1288 1207 persolutam
1304 1140 1477 1191 conssrvaut
1494 1135 1693 1206 posteritatem
1707 1150 1716 1204 t

980 1223 1067 1285 Omni
1083 1225 1190 1297 quippo
1207 1225 1247 1280 rui
1264 1232 1323 1280 stst
1339 1224 1415 1280 linus
1427 1225 1585 1298 progeniei.

980 1315 1028 1372 Sio
1044 1330 1169 1385 prossus
1182 1311 1265 1372 diseo
1281 1313 1373 1369 luerat
1389 1313 1465 1385 quud
1478 1320 1609 1383 tempore
1623 1312 1720 1385 prisco

980 1403 1157 1477 Exponrsndo
1173 1403 1269 1460 brevis
1284 1408 1364 1460 nocet
1380 1402 1501 1474 questio
1518 1403 1642 1460 nodum.

981 1495 1058 1554 ttors
1074 1494 1223 1552 hominem
1241 1495 1355 1555 stravit.
1372 1509 1466 1566 genus
1481 1496 1509 1549 et
1524 1492 1638 1565 specius
1661 1492 1808 1565 raparavit

982 1586 1130 1643 ltiversum
1149 1601 1281 1653 numero,
1297 1584 1347 1642 sed
1365 1584 1501 1641 eumdem
1515 1582 1634 1639 nornine
1648 1598 1735 1651 vero:

979 1679 1090 1733 Numan
1107 1675 1184 1732 euim
1200 1691 1301 1732 verum
1319 1674 1369 1730 dut
1383 1671 1520 1732 dillinitin
1536 1687 1647 1729 rerum.

980 1764 1042 1832 ttrc.
1053 1780 1118 1839 qus
1133 1765 1274 1821 distentsi
1288 1780 1335 1820 res
1351 1761 1510 1821 mulerluiis
1525 1761 1648 1820 identsi.

980 1856 1030 1911 Per
1045 1854 1130 1926 cujus
1148 1870 1256 1910 munus
1272 1854 1372 1925 plures
1389 1851 1521 1908 homiues
1536 1852 1615 1907 velut
1632 1866 1709 1908 uuus

975 1943 1067 2003 Unico
1083 1960 1129 2000 res
1144 1951 1254 2009 essent,
1269 1945 1294 1999 ai
1304 1942 1526 1999 circumstantia
1541 1945 1658 1998 cessent

974 2033 1135 2091 Dissooiuta
1148 2033 1226 2100 loris,
1237 2040 1266 2090 et
1280 2035 1377 2089 euntis
1395 2034 1491 2102 passio
1507 2035 1600 2089 voris.

972 2126 1027 2181 Hic
1041 2128 1086 2179 ssi
1102 2124 1234 2180 mortalis
1250 2126 1361 2179 ratione
1374 2122 1477 2195 vigens
1492 2120 1641 2191 animulis,

975 2214 1055 2271 Alter
1069 2215 1105 2270 nd
1119 2215 1147 2269 id
1163 2221 1251 2270 natus
1265 2213 1377 2269 rutinae
1393 2228 1494 2286 rigens
1510 2213 1680 2280 animatus;

974 2304 1029 2363 Sed
1047 2320 1104 2360 nou
1121 2310 1165 2360 est
1180 2304 1257 2371 tntis,
1275 2303 1344 2374 quia
1357 2318 1403 2359 res
1418 2301 1621 2358 individualis.

975 2393 1072 2453 Unum
1089 2398 1227 2451 noscetur
1240 2393 1266 2449 si
1281 2392 1420 2447 dilllnitio
1436 2391 1532 2458 detur,

974 2481 1133 2542 Unirooum
1150 2499 1256 2539 nomen
1272 2482 1395 2538 rationis
1409 2480 1534 2553 suscipit
1546 2495 1632 2537 omen
1647 2495 1655 2538 ι

974 2571 1071 2632 Unum
1089 2578 1159 2629 sunt
1173 2587 1242 2644 ergo
1259 2589 1267 2639 ;
1283 2570 1361 2643 quod
1377 2571 1400 2626 si
1419 2585 1470 2643 per
1483 2577 1588 2627 cotors
1608 2585 1711 2643 pergo,

974 2667 1051 2737 Lege
1064 2661 1125 2734 puri
1141 2663 1240 2718 lunctu
1255 2661 1351 2717 veniet
1365 2659 1532 2716 substantio
1547 2665 1655 2715 cuncta

865 2786 868 2791 ·
974 2754 1109 2811 Arbores
1125 2751 1232 2824 plantas
1247 2751 1359 2822 sprciss
1375 2755 1421 2805 cst
1436 2764 1500 2820 qus
1518 2749 1575 2804 luit
1588 2753 1657 2805 unte

974 2842 1080 2911 Arbor,
1095 2847 1124 2896 st
1139 2842 1227 2897 arbor
1241 2839 1327 2901 arbit.
1338 2838 1455 2911 generis
1470 2837 1620 2894 successio
1635 2835 1738 2896 stultit.

975 2932 1073 2986 llsrbrs
1090 2936 1283 2993 marcescunt,
1297 2929 1347 2984 sed
1365 2943 1414 2999 por
1429 2942 1529 2983 semen
1541 2925 1732 2983 revirescunt.

974 3019 1054 3077 Socii
1070 3034 1185 3090 vorago.
1200 3019 1278 3090 quod
1296 3017 1390 3090 prima
1404 3015 1513 3072 creavit
1529 3017 1622 3087 origo,

975 3108 1033 3166 Ceu
1052 3108 1152 3163 metris
1168 3123 1286 3180 permen
1301 3106 1409 3161 relovst
1421 3121 1472 3179 per
1484 3110 1618 3176 temporo
1633 3116 1746 3171 semen,

975 3197 1057 3267 Quod
1072 3197 1149 3254 Deus
1160 3200 1291 3261 sternet,
1307 3195 1385 3270 qnod
1403 3192 1629 3264 multipliosndo
1643 3192 1799 3265 gubernat.

972 3291 989 3363 5
1004 3286 1051 3345 tx.
1067 3288 1128 3346 iam
1143 3287 1217 3343 enim
1232 3287 1373 3356 processit
1385 3291 1452 3340 ants
1465 3298 1523 3339 nos.
1541 3282 1600 3338 Non
1622 3291 1661 3338 est
1673 3283 1802 3350 priorum

1167 3375 1312 3443 memoria,
1329 3384 1382 3430 uto.
1400 3370 1445 3444 (V.
1462 3372 1496 3428 to
1510 3371 1607 3442 sill.)

972 3469 1035 3522 Non
1051 3467 1096 3521 est
1110 3467 1261 3536 gestorum
1280 3464 1453 3515 memorntro
1470 3459 1683 3530 preteritorum

972 3554 1029 3613 Neo
1044 3566 1112 3611 eunt
1128 3551 1218 3608 visuri
1236 3551 1392 3623 presentis
1406 3554 1507 3605 nostro
1520 3547 1622 3604 loturi.

972 3644 1044 3701 Eoos
1059 3642 1147 3699 silent
1162 3642 1229 3697 anni
1246 3641 1324 3717 quod
1340 3637 1515 3695 commisero
1530 3636 1657 3712 tyranni,

974 3732 1147 3802 lllsgnillcss
1165 3746 1286 3802 pompus
1301 3745 1368 3785 oum
1387 3744 1476 3793 nuno,
1490 3727 1598 3782 oblivio
1614 3741 1748 3799 rumpes,

972 3821 1047 3878 sunt
1061 3821 1139 3875 tituli
1155 3820 1252 3884 stulti,
1268 3818 1358 3875 stults
1374 3834 1441 3874 cum
1460 3833 1547 3873 carne
1559 3816 1677 3888 sepulti,

973 3910 1072 3967 Mundi
1090 3909 1252 3973 tetrarcha,
1269 3915 1408 3980 proetores
1424 3914 1512 3978 atque
1528 3906 1706 3964 monarchis.

971 4000 1063 4073 Reges
1080 3998 1222 4071 patricum
1238 3997 1295 4073 (63)
1312 4001 1366 4055 sub
1384 3998 1550 4055 claxendice
1565 3996 1623 4068 (di)
1645 3995 1797 4053 silentum.

970 4088 1121 4145 vitores
1137 4088 1232 4157 pultis
1249 4103 1375 4160 quorum
1393 4086 1560 4158 ripensibus
1578 4085 1670 4151 ulriss

970 4177 1176 4250 Spernitenitn
1193 4177 1265 4233 tales
1281 4193 1333 4249 per
1347 4192 1432 4249 quiem
1450 4190 1509 4229 non
1524 4175 1617 4228 esurit
1630 4171 1692 4227 oles

969 4267 1015 4323 Sir
1031 4267 1103 4324 bene
1117 4267 1264 4322 muudsnu
1286 4263 1456 4338 prnnnntist
1469 4262 1569 4318 omniu
1584 4275 1672 4316 vans:

969 4358 1044 4429 Ergo
1059 4359 1163 4429 regulis
1178 4358 1323 4414 sententia
1340 4364 1397 4412 stet
1413 4351 1572 4428 generalis.

969 4448 1034 4518 fix.
1051 4448 1104 4521 tipo
1120 4447 1295 4505 sotericus
1323 4445 1369 4516 {ui
1393 4461 1446 4501 rec
1469 4443 1557 4501 lsrael
1585 4440 1616 4498 in
1639 4442 1799 4500 Jerusalem

1331 4535 1369 4608 (u.
1390 4535 1441 4607 1.).

971 4632 1037 4685 rost
1056 4631 1167 4699 putrem
1181 4624 1272 4683 David
1286 4624 1425 4681 Sutonrun
1442 4640 1492 4681 rex
1507 4624 1704 4699 induperavit.

972 4717 1077 4776 ml
1094 4717 1124 4773 ld
1142 4716 1230 4772 rebus
1241 4717 1333 4790 gostis
1348 4719 1380 4770 ui
1395 4719 1479 4772 notst
1492 4716 1612 4773 scedula
1623 4717 1718 4786 testis,

971 4914 1082 4973 conniis
1093 4930 1151 4987 qun
1168 4913 1276 4970 teritur
1290 4912 1427 4979 tubaseu
1439 4912 1575 4970 vexillum
1585 4932 1706 4988 parvum
1719 4918 1796 4989 quod

971 4988 1012 5043 itti
1029 4989 1168 5042 ndhaerot.
1181 4987 1228 5042 Sto
1244 4986 1345 5060 igitur,
1367 4995 1398 5042 ot
1413 4994 1564 5060 putamus,
1581 4996 1701 5062 possent
1714 4989 1798 5048 intel·

973 5057 1022 5131 ligi
1041 5061 1069 5114 lsi
1082 5074 1199 5114 versus:

1006 5152 1077 5209 saal
1092 5150 1170 5206 tituli
1181 5148 1260 5206 stulti
1271 5146 1357 5206 atrri'u
1372 5153 1431 5207 istm
1444 5164 1533 5207 coras
1546 5149 1658 5223 sepulti.

970 5239 1000 5296 ld
1017 5249 1058 5295 est
1076 5241 1159 5294 strrlti
1177 5239 1399 5295 memoriarum
1427 5241 1550 5309 ipsomet
1574 5242 1725 5311 sepelitur.
1744 5259 1797 5301 nso

971 5312 1061 5379 hujus
1075 5312 1229 5368 oblivionis
1244 5319 1454 5381 suntexpertes
1465 5313 1520 5383 ipsi
1530 5313 1615 5369 ctiam
1629 5315 1793 5382 tetrarchis,

971 5392 1127 5455 regas‚ato.
1144 5386 1193 5452 qtri
1209 5382 1295 5439 nlistn
1309 5384 1459 5442 oblivioni.
1477 5391 1508 5439 ui
1524 5385 1648 5453 rnnjorss
1664 5388 1721 5446 sui.
1735 5403 1793 5458 quo

970 5456 999 5510 in
1017 5456 1107 5511 iritum
1124 5455 1272 5510 silentium
1295 5459 1376 5524 qnasi
1404 5458 1459 5511 snb
1484 5457 1719 5523 etaiennrtcetd
1746 5463 1792 5514 est

971 5524 1073 5583 ultima
1084 5526 1271 5584 otrlrvromdtu
1285 5529 1512 5596 ssprtiunrur‚nt
1525 5530 1641 5583 tandem
1653 5542 1793 5602 processu

970 5605 1136 5674 temporum
1152 5601 1232 5657 nulls
1246 5597 1282 5658 de
1296 5600 1370 5673 ipsis
1385 5600 1437 5655 list
1451 5597 1602 5654 memoria.
