3802 6030
88 194 168 258 1375
571 193 661 256 vett.
685 190 927 255 attollentem
947 191 1152 255 CllNOMdN.
1174 184 1298 256 episc.
1728 196 1794 258 tuit

90 326 254 402 Utiliusquc
267 326 340 384 nibli
356 325 385 382 in
402 328 518 399 postera
532 325 609 382 secla
622 338 777 382 reservans
925 324 954 393 A
1002 324 1129 383 Procius
1143 323 1299 381 intendant
1311 325 1347 382 ad
1363 331 1413 384 tua
1426 326 1515 384 verba
1531 327 1583 385 dli.
1813 342 1818 417 q

124 417 249 489 Prodlga
263 416 397 472 donatrix
414 430 488 486 pens
503 413 646 471 remansit
656 415 751 485 inops.
969 411 1033 483 ipse
1048 412 1133 469 Pater
1145 427 1296 485 superum,
1312 413 1429 486 quoties
1448 414 1494 471 vel
1521 430 1633 488 magne
1657 411 1793 491 requirit,
1815 422 1818 479 ζ

90 505 156 566 tam
173 522 267 578 noque
283 508 407 562 miretur
421 521 571 562 censorem
592 504 806 574 Justiniannm,
1004 503 1143 570 Quamvis
1158 501 1324 559 accelerans
1339 504 1453 561 tardior
1467 521 1533 562 esse
1554 505 1652 562 timet.
1815 510 1818 575 l

127 595 192 651 Jam
208 612 303 668 neque
318 613 349 652 se
360 596 451 667 jactet
462 595 555 651 Roma
569 594 676 652 Catone
692 612 756 653 suc.
967 591 1038 650 Cum
1055 591 1109 647 tibi
1125 591 1287 648 multimodi
1304 593 1387 650 deret
1401 604 1573 652 ornamenta
1590 596 1713 654 decoris

90 683 121 740 st
137 685 265 756 popolus
279 685 346 740 latix
362 689 504 758 augustos
519 684 592 741 vixit
605 685 634 740 in
652 700 756 750 annos,
1003 680 1117 754 Jupiter
1133 683 1162 737 in
1179 683 1275 738 dando
1291 685 1380 739 movit
1404 688 1543 756 utrasque
1567 701 1689 742 manus.

126 773 232 831 Nostra
247 790 299 831 nec
314 774 437 831 interius
448 781 580 849 tempora
595 789 704 830 numen
720 773 840 830 babent.
968 772 1009 828 Ne
1024 771 1094 844 quid
1110 770 1291 828 inhumanis
1307 772 1435 829 solidum
1451 773 1614 832 consistere
1630 775 1724 833 rebus

93 863 192 920 Dictus
207 880 271 920 eras
287 879 376 920 sensu
393 862 508 920 Graecos
518 879 635 936 quoque
653 863 779 934 sincere,
794 861 886 918 vincis
903 877 911 933 ς
1004 859 1097 930 Dicat,
1111 866 1139 918 ct
1154 868 1283 934 opponat
1297 864 1412 919 credere
1427 864 1534 921 stultus
1549 864 1650 937 bomo,

127 951 219 1009 Marte
233 951 339 1019 valere,
354 951 434 1008 vales
451 971 459 1022 ;
475 956 591 1024 sceptra
601 956 710 1021 tenere,
725 956 820 1007 tenes.
967 950 1046 1008 inter
1059 967 1213 1008 successus
1228 957 1256 1008 et
1271 953 1379 1025 gaudie
1394 955 1622 1026 prosperitatum

91 1043 147 1101 Sed
163 1042 298 1116 quamvis
310 1040 436 1098 sublime
450 1046 538 1115 eaput
552 1042 606 1098 sub
622 1041 718 1097 sidera
738 1038 858 1107 condes,
1002 1039 1082 1096 Alter
1093 1044 1123 1096 et
1137 1040 1236 1097 inialia
1251 1041 1371 1112 angelus
1387 1058 1462 1099 unus
1477 1044 1542 1104 erit.

128 1133 187 1190 Rex
202 1149 291 1206 super
306 1133 470 1190 humanum
487 1133 705 1206 dispositorque
719 1148 824 1203 genus,
967 1129 1031 1197 iiiii,
1047 1147 1093 1186 me
1108 1130 1248 1203 perimes,
1263 1130 1444 1204 immotaque
1459 1149 1551 1206 pensa
1566 1150 1708 1192 surarum

93 1223 190 1282 Unum
206 1223 303 1280 deerat
318 1223 424 1291 adbuc,
440 1240 499 1280 non
514 1240 601 1281 nosse
615 1226 699 1279 tunm
716 1223 876 1295 genitorem
1004 1218 1084 1276 Istud
1100 1220 1136 1277 sb
1153 1225 1262 1276 aeteroo
1276 1222 1455 1279 constituere
1470 1222 1576 1281 seclus.

127 1313 169 1368 ad
184 1311 278 1370 solide
293 1311 395 1384 plenus
407 1311 610 1385 prosperitatis
622 1328 704 1385 opes.
968 1307 1042 1364 Olim
1059 1307 1193 1382 dispositi
1210 1309 1255 1366 lex
1270 1315 1299 1366 et
1313 1310 1450 1369 dolentia
1466 1312 1518 1369 lati

90 1401 145 1459 Sed
160 1401 234 1458 votis
250 1400 435 1458 astrictatuis
450 1402 566 1459 lectuna
580 1400 704 1469 laborat,
1003 1400 1108 1455 Utetur
1122 1399 1258 1456 manibus
1273 1402 1302 1456 iu
1320 1416 1383 1456 mea
1398 1401 1458 1458 iata
1473 1403 1541 1462 tuis.

130 1488 166 1546 ut
180 1493 231 1545 tua
242 1489 280 1545 eit
291 1489 373 1546 nulla
386 1489 479 1561 gioria
494 1500 575 1563 parte
591 1488 697 1546 minor.
968 1487 1104 1544 Dextram
1121 1505 1179 1545 non
1195 1489 1327 1546 animum
1344 1491 1496 1563 prebebis,
1515 1497 1593 1560 nate,
1611 1490 1719 1562 furem,

91 1577 150 1636 Iste
166 1584 257 1652 pater,
272 1584 355 1653 paler
370 1582 424 1636 iste
438 1586 519 1651 tuus,
535 1595 689 1653 cognosce,
704 1576 806 1647 revise,
1004 1577 1057 1642 Oui
1074 1581 1124 1634 tua
1134 1577 1191 1634 tela
1212 1583 1291 1650 regat
1306 1579 1428 1652 spiritus
1443 1581 1517 1637 alter
1530 1582 1596 1638 crit.

127 1667 201 1732 Quid
216 1669 252 1725 de
268 1686 355 1727 carne
369 1687 422 1727 sua
437 1669 561 1727 contulit
575 1685 639 1726 esse
653 1668 717 1726 tibi.
929 1691 953 1757 B
969 1666 1000 1724 vt
1016 1667 1192 1724 firmementi
1206 1668 1433 1742 divinorumque
1448 1670 1585 1744 supernis

93 1756 187 1815 Filius
200 1760 342 1832 exsurgit,
358 1760 453 1833 surgit
467 1758 825 1834 pater,oscu1a]ungunt,
1002 1757 1143 1814 Cursibus
1157 1762 1304 1815 astrorum
1321 1761 1433 1832 cogeris
1447 1777 1512 1818 etse
1528 1777 1650 1819 nocens.

127 1849 185 1907 Nee
199 1853 316 1908 cohibet
328 1851 473 1926 iacrymas
485 1853 539 1910 iste
552 1853 595 1908 vel
612 1852 666 1909 iste
681 1868 760 1910 suas.
969 1846 1086 1920 Cogeris
1101 1864 1166 1905 asse
1186 1864 1305 1917 nocens,
1333 1851 1546 1921 manifestaque
1565 1852 1656 1924 eulpa
1671 1851 1785 1909 deorum

92 1939 246 2013 Implicitis
262 1941 429 2016 strictisque
444 1942 493 1999 diu
505 1941 706 2016 complexibus
722 1941 843 2012 herent,
1005 1941 1065 2007 Est,
1082 1938 1131 1994 ubi
1148 1955 1205 1995 non
1219 1939 1314 2013 possis
1332 1941 1432 1998 mitior
1446 1958 1512 1998 esse
1527 1943 1616 2015 patri.

127 2029 162 2085 tet
177 2036 302 2104 cogneis
317 2048 399 2088 sacer
414 2036 530 2104 pectora
546 2031 656 2089 mulcet
668 2047 761 2088 amon
971 2031 1127 2086 Parcarum
1143 2030 1290 2104 seriesque
1306 2035 1401 2102 tenax,
1418 2033 1569 2107 fisumque
1585 2049 1709 2093 necesse

404 2120 541 2180 CANTUS
559 2123 609 2179 xl.
1005 2117 1185 2192 Simpliciter
1199 2125 1307 2178 nostre
1319 2123 1444 2180 crimina
1454 2124 1541 2181 cedis
1558 2123 1680 2181 habent

96 2215 133 2270 et
141 2212 257 2285 genitor
269 2214 351 2270 vultu
367 2231 426 2271 non
437 2214 598 2271 exsatiatus
612 2217 710 2272 amato
970 2208 1014 2265 tu
1023 2214 1386 2282 neque‚nate,nocens,nec
1397 2212 1475 2269 enim
1488 2229 1553 2270 reor
1567 2217 1788 2271 essenoceutem

130 2299 224 2357 lieret
238 2306 266 2358 et
277 2303 449 2375 injuvenem
466 2304 579 2359 lumina
593 2301 651 2358 ssxa
665 2306 754 2357 tenet.
1005 2297 1070 2362 Oui,
1087 2300 1225 2371 quianon
1241 2302 1335 2373 potuit
1351 2318 1408 2358 non
1425 2303 1572 2369 nocuisse,
1590 2306 1687 2360 nocet.

93 2389 247 2463 aspiciens
257 2393 348 2463 igitur
363 2398 450 2448 tants
466 2391 607 2450 miracula
626 2391 737 2461 forme,
970 2387 1033 2444 Non
1049 2388 1112 2447 sine
1128 2397 1273 2464 respectu,
1294 2393 1357 2449 sine
1372 2409 1402 2449 re
1412 2393 1557 2465 patricida
1566 2393 1683 2453 vocaris
1698 2410 1706 2450 :

127 2484 188 2535 Aut
203 2481 386 2554 stupefactus
401 2484 434 2539 ad
447 2482 518 2552 haeo,
535 2487 586 2538 aut
601 2480 745 2537 hilaratus
762 2478 803 2534 att
818 2494 825 2534 τ
1006 2476 1139 2536 Nominis
1154 2480 1290 2537 attendas
1304 2481 1470 2554 significate
1483 2481 1536 2539 tui.

94 2566 204 2625 lttttttae
216 2569 352 2640 specialis
368 2572 470 2640 bonor,
488 2570 610 2627 rationis
625 2574 655 2626 et
668 2568 745 2642 aequi
971 2568 1110 2626 Condono
1127 2587 1201 2639 maa,
1217 2575 1293 2636 nate,
1309 2571 1375 2638 tibi,
1391 2588 1457 2629 cum
1473 2573 1570 2629 dicere
1586 2570 1675 2629 vellet

112 2656 273 2713 ‘immotus
289 2657 385 2727 limes,
404 2664 621 2733 perpetuusque
645 2663 739 2724 tenor,
1008 2659 1132 2727 Funera,
1150 2678 1204 2718 vox
1219 2661 1352 2735 linguam
1368 2663 1560 2721 nullasccuta
1574 2679 1673 2722 auam.

96 2743 244 2815 Natc,(sed
262 2761 371 2817 usurpo
387 2748 622 2804 nomeniortasse
636 2745 800 2819 paternum)
973 2750 1142 2820 imperfecta
1158 2750 1231 2807 toret
1247 2757 1339 2824 rupte
1355 2753 1498 2809 sententia
1511 2753 1603 2820 vocis,

134 2830 188 2895 uui
204 2848 298 2889 sevus
313 2838 395 2906 pater
407 2844 461 2905 est,
476 2837 661 2893 desinitesse
683 2840 775 2907 pater.
1009 2839 1062 2893 Sed
1080 2838 1127 2912 pia
1143 2841 1288 2913 supplevit
1303 2840 1432 2915 lacryma
1447 2844 1556 2900 mantis
1572 2858 1659 2916 opus.

98 2918 181 2989 Nate,
199 2921 310 2978 letabor
324 2925 414 2995 enim,
427 2931 477 2982 tna
492 2931 520 2983 tc
535 2927 670 2996 gestabat
684 2926 714 2981 in
730 2923 794 2981 alvo
974 2927 1129 3001 Linquitur
1143 2929 1172 2984 in
1189 2930 1333 3004 iacrymas
1345 2932 1439 2989 oculis
1454 2949 1543 3005 super
1557 2932 1668 2990 insitus
1678 2930 1784 3001 humor,

134 3008 236 3080 Mater,
252 3028 344 3085 eoque
360 3016 432 3072 mori
445 3021 576 3090 tempore
586 3018 691 3089 jussus
706 3031 781 3072 aras.
1011 3021 1148 3092 Quasque
1163 3025 1259 3092 potest
1274 3021 1368 3093 pietas
1383 3020 1491 3078 blanda
1505 3022 1741 3093 ministratopes.

97 3097 205 3155 iussus
220 3115 295 3172 eras,
307 3102 398 3173 jussi,
414 3105 532 3176 perlecti
550 3106 662 3164 roboris
677 3120 781 3173 annos,
935 3065 957 3133 c
977 3110 1109 3183 Cumque
1123 3113 1220 3166 tameo
1239 3109 1347 3167 scirent
1361 3127 1447 3168 curas
1458 3116 1487 3168 et
1502 3110 1633 3184 pondera
1652 3108 1741 3184 regni.

134 3193 337 3266 Maternosque
350 3196 452 3255 volens
467 3197 629 3273 anticipare
653 3197 725 3255 dies.
1011 3206 1081 3258 Arte
1097 3200 1246 3274 patricida
1257 3200 1438 3272 consilioque
1453 3201 1527 3274 regi,

100 3283 190 3338 Pmna
205 3289 326 3353 paratur
340 3286 367 3343 ei
383 3305 471 3360 quem
484 3306 540 3345 non
556 3289 746 3346 damnaverat
759 3302 850 3354 error,
978 3291 1011 3346 ln
1028 3290 1101 3346 Latii
1118 3306 1238 3362 peccare
1253 3289 1364 3347 bonum
1376 3308 1495 3364 peccare
1507 3292 1657 3361 timentes,

135 3373 170 3427 ilt
183 3374 390 3444 prejudicium
406 3377 506 3451 lingna
523 3383 644 3451 paterna
657 3378 736 3436 iacit.
1012 3378 1154 3451 colloquii
1170 3384 1269 3451 gratas
1284 3378 1448 3450 corripuere
1465 3396 1572 3436 moras.

100 3457 176 3518 Ordo
196 3461 248 3518 sed
263 3472 373 3524 eterne
386 3468 561 3542 predaeque
576 3468 660 3526 nexio
685 3484 780 3523 rerum
978 3469 1052 3541 drgo
1068 3467 1208 3524 recessuri
1225 3472 1327 3523 natum
1339 3485 1428 3541 super
1442 3468 1541 3525 oscula
1555 3468 1680 3537 lassent,

135 3549 274 3607 Humane
289 3570 397 3613 vanum
411 3558 536 3631 dissipet
550 3558 621 3615 ertia
636 3574 711 3629 opus
1013 3557 1221 3629 alternantque
1236 3556 1321 3625 vires,
1339 3558 1571 3630 participantque
1587 3557 1694 3613 virum.

103 3650 300 3717 Servaturque
312 3662 385 3720 puer
400 3645 513 3719 placide
528 3646 577 3717 qui
604 3648 746 3717 temperet
760 3645 871 3712 orbem,
978 3645 1020 3701 Ad
1036 3643 1257 3701 deliberandum
1274 3644 1577 3719 complexandumque
1593 3643 1722 3702 vicissim

139 3732 339 3805 Romuleaque
354 3738 435 3807 regat
450 3735 558 3790 mmnia
572 3733 649 3790 lacta
663 3750 764 3792 manu.
1014 3731 1125 3789 Praebet
1141 3734 1176 3789 ad
1192 3733 1319 3790 alternos
1334 3751 1365 3791 se
1381 3735 1522 3808 patricida
1538 3737 1634 3791 sinus.

101 3824 131 3879 ei
147 3824 226 3878 dure
241 3825 365 3880 feritatis
379 3825 467 3882 homo
483 3825 615 3883 Romana
629 3826 781 3899 gubernet,
980 3822 1165 3891 Distrahitur,
1182 3823 1307 3880 discedit
1321 3824 1357 3880 ab
1373 3823 1438 3892 bac,
1455 3828 1612 3896 prensatur
1624 3824 1661 3880 ab
1687 3821 1745 3892 illo,

140 3911 284 3968 Funditus
299 3930 333 3969 ex
349 3913 407 3970 imo
419 3919 530 3971 vertere
544 3920 649 3971 cuncta
665 3920 762 3988 queat.
1015 3913 1050 3969 ut
1063 3913 1143 3969 venit
1161 3913 1195 3969 ad
1214 3912 1349 3969 dominos
1362 3914 1480 3985 publica
1495 3915 1593 3987 praeda
1609 3913 1695 3970 duos.

103 4000 144 4059 Na
160 4007 258 4072 pereat
273 4004 403 4060 mundus
418 4003 653 4076 tesimplicitatis
672 4006 801 4062 amicum
979 4004 1100 4058 Cernere
1115 4001 1192 4057 risus
1208 4005 1270 4056 erat
1286 4000 1467 4074 miserosque
1483 4002 1606 4074 piosque
1621 4003 1764 4074 parentes,

140 4091 286 4164 imposuit
303 4092 382 4151 Latio
395 4094 517 4165 provida
530 4110 602 4150 cura
614 4094 701 4151 iovis.
1015 4090 1087 4148 Tam
1104 4090 1180 4147 mala
1194 4090 1239 4147 vel
1255 4094 1375 4146 sanctus
1391 4105 1422 4147 sa
1438 4090 1609 4147 moderatur
1620 4106 1715 4147 amor.

102 4181 220 4256 Imperii
235 4181 366 4255 gladium
381 4181 606 4256 libertatemque
625 4183 748 4241 nocendi
1282 4178 1418 4237 cautus
1438 4179 1499 4236 Xli.

141 4270 173 4328 ln
189 4269 297 4344 placidi
313 4276 411 4330 mutas
426 4277 456 4329 at
471 4272 639 4330 miserantis
655 4290 738 4347 opus.
981 4271 1142 4327 ltttondens
1157 4274 1327 4343 quantoque
1343 4270 1460 4344 probro,
1474 4273 1644 4344 quantoque
1660 4268 1769 4344 pudore

106 4361 161 4428 Qut
177 4360 292 4418 Latium
309 4361 453 4435 placidus,
470 4367 597 4419 mentem
614 4362 690 4436 ragis
703 4361 890 4436 imperiosus,
1016 4361 1087 4420 Fata
1101 4359 1192 4417 velint
1206 4361 1296 4417 vitam
1312 4361 1528 4418 commaculare
1548 4378 1644 4432 suam,

142 4450 178 4507 itt
192 4451 271 4524 regia
286 4468 393 4508 nomen
407 4451 515 4510 rectius
527 4451 596 4509 inde
612 4456 703 4509 tenes.
945 4436 1077 4510 baltius
1091 4451 1236 4524 ingemuit
1250 4451 1403 4524 patricida,
1420 4468 1564 4524 suamque
1588 4451 1681 4510 relabi

106 4540 197 4607 Quem
213 4541 291 4614 geris
306 4541 781 4617 expugnasbominem,oarnisque
792 4542 928 4618 maligne
1017 4540 1174 4599 Fortunam
1187 4541 1290 4606 sensit,
1306 4541 1528 4614 comminuique
1539 4542 1643 4600 decus.

143 4629 262 4688 lesistis
277 4636 376 4689 motus
389 4630 452 4705 lege
467 4637 565 4690 tenere
579 4649 678 4706 vagos.
983 4629 1043 4686 Scit
1058 4629 1188 4700 tragilem
1205 4630 1400 4704 rapidumque
1414 4646 1493 4703 vage
1514 4630 1670 4704 vertiginis
1695 4629 1799 4697 orbem,

107 4724 146 4779 Ta
161 4721 293 4790 cohibes,
310 4722 454 4795 vivosque
469 4739 558 4780 senex
568 4723 752 4796 juvenilibus
773 4723 858 4781 annis
1018 4715 1051 4774 Et
1067 4718 1132 4774 θεοὶ
1148 4717 1246 4775 vultus
1263 4718 1395 4775 numinis
1413 4718 1569 4792 ambiguos
1585 4736 1592 4788 ς

144 4814 202 4868 Nec
217 4814 245 4867 te
261 4811 410 4878 distincta,
427 4811 477 4868 sed
494 4813 642 4886 sapienter
660 4812 733 4887 agis.
983 4806 1124 4879 Quodque
1139 4807 1241 4879 nequit
1255 4811 1394 4879 certoque
1409 4806 1642 4881 gradatimque
1656 4810 1759 4865 tenore

108 4900 190 4957 iutra
206 4906 316 4955 nature
331 4900 448 4956 voluisti
463 4903 559 4958 vivere
574 4901 657 4969 lines,
1019 4898 1134 4963 Quanta
1148 4897 1219 4953 veiis
1236 4897 1338 4952 mundi
1355 4896 1448 4969 gioria
1458 4901 1536 4952 stare
1552 4896 1613 4952 diu.

146 4989 220 5045 Lora
232 4996 328 5046 tumen
345 4991 418 5045 ireni
436 4988 578 5048 liberioris
593 4990 716 5058 babens,
983 4990 1136 5045 Moerorem
1153 4991 1219 5058 post
1234 4987 1295 5042 iata
1310 4987 1430 5052 timens,
1446 4992 1512 5058 post
1526 4984 1636 5042 blanda
1656 4985 1774 5043 ruinam

109 5079 210 5137 18οὄ
228 5078 286 5135 Nec
300 5095 464 5146 removens,
478 5079 606 5136 formave
627 5084 758 5150 tumens,
789 5081 930 5154 opibusve
1018 5075 1121 5131 Secum
1134 5074 1259 5131 sollicito
1275 5079 1389 5147 pectore
1402 5074 1494 5130 multa
1505 5080 1610 5132 movet.

802 5169 930 5243 (solutus
987 5165 1116 5221 Fortuna
1133 5165 1269 5239 legesque
1284 5180 1399 5237 graves,
1411 5181 1565 5237 moresque
1581 5163 1705 5240 maligni

146 5257 299 5333 Proposita
314 5256 435 5314 stabiles
450 5272 468 5312 a
483 5257 593 5314 ratione
606 5260 726 5333 gradus.
1025 5256 1211 5330 ingeminant
1226 5255 1565 5328 curasingcnrinsntque
1581 5261 1704 5312 metum.

110 5349 172 5416 Quo
184 5350 235 5422 jus
251 5349 339 5405 iatius
355 5351 409 5415 est,
423 5346 540 5419 votique
556 5346 673 5405 licentia
688 5348 781 5419 mator
985 5350 1063 5420 Seps
1078 5363 1148 5404 suas
1164 5344 1283 5401 metitur
1297 5359 1378 5415 opes,
1392 5348 1532 5417 actusque
1548 5345 1671 5402 decoros

148 5438 281 5498 articulo
291 5439 381 5497 vitam
398 5435 454 5494 sub
470 5437 601 5493 breviore
613 5437 717 5494 trahis.
1019 5435 1177 5510 colligitis
1193 5450 1360 5507 numerum,
1375 5439 1539 5508 cunctaque
1551 5439 1637 5510 geste
1655 5434 1761 5511 probe;

107 5530 189 5590 Unde
206 5532 239 5589 dt
251 5533 283 5588 ut
295 5528 359 5588 oott
374 5527 452 5587 curis
465 5543 518 5601 pro
532 5530 614 5601 parte
628 5525 737 5584 relictis
986 5526 1130 5601 Carthago
1144 5523 1239 5584 delate
1253 5523 1343 5593 subit,
1360 5538 1503 5599 agesque
1517 5523 1646 5597 subacti,
