3802 6030
71 259 171 357 ..socr
466 263 658 358 cinnanos
679 264 732 326 nn
754 262 794 324 iv
819 257 1060 323 vrarnrrnns
1083 254 1188 320 vina
1209 256 1418 323 novusne.
1724 267 1801 328 acas
1846 220 1868 265 ⁸

132 390 204 448 Cum
222 392 276 449 tibi
292 393 364 451 dicit
378 411 441 465 ave,
456 397 579 455 sicutah
595 399 676 455 hoste
698 413 776 453 cave.
935 406 965 471 Α
1015 389 1120 446 Mobile
1136 394 1195 447 slat
1211 396 1310 448 tamen
1325 392 1392 461 hoc,
1409 391 1482 449 illud
1498 393 1676 454 incanduit.

94 482 223 537 Grandis
239 481 411 540 adulantum
427 485 511 542 leber
524 498 569 543 est
584 489 675 543 vitare
691 501 842 553 susurros,
977 480 1026 536 Sic
1041 481 1233 538 immobilitas
1248 488 1302 544 est.
1316 501 1373 540 nou
1390 486 1640 544 constantissimo
1655 507 1663 558 3

136 571 193 627 Nec
207 572 281 629 ninia
296 574 401 630 molliti
417 578 557 632 carminis
578 584 639 633 arie
654 577 729 649 capi,
887 615 890 620 .
1014 568 1140 642 Utraque
1155 572 1205 627 sed
1222 572 1348 644 speciem
1365 579 1481 629 mutuet
1500 574 1631 632 alterius.

98 663 157 716 Vix
170 661 325 733 quisquam
348 669 406 720 lam
418 665 600 732 sobriusest,
614 673 672 721 tam
690 661 924 735 durusetasps'r,
977 663 1053 727 urio
1068 659 1175 715 d··vitet
1190 666 1328 718 corratnns
1343 662 1592 734 immobilitatem,

136 748 245 804 Horum
263 750 420 809 blanditias
437 757 469 808 ut
484 770 622 825 superare
637 760 732 825 queat.
853 752 856 757 “
1016 749 1132 805 Mobilis
1147 750 1291 816 observet.
1308 767 1343 806 11⁰
1359 751 1475 809 levitate
1491 757 1571 809 liunt.

102 839 203 894 1⁰02
218 841 285 904 Qus
301 840 389 897 veluti
417 844 545 914 quadam
572 842 781 900 modulaminis
796 845 857 897 arte
873 854 926 912 po·
980 837 1127 895 Nobilitas
1142 847 1292 906 constans,
1309 844 1475 898 constantia
1490 842 1607 900 mobilis
1623 849 1696 917 esto,

774 931 889 1004 [lentes.
1015 926 1063 982 sto
1078 928 1131 983 erit
1146 927 1267 985 alterius
1281 934 1403 1001 utraque
1417 932 1528 1002 quadra
1543 932 1641 989 honis.

142 1018 237 1074 Instar
251 1018 395 1091 syrenum
411 1020 497 1077 fortia
516 1020 604 1078 corda
618 1026 765 1096 premunt.
980 1015 1124 1072 Omnibus
1139 1026 1222 1090 equa
1236 1022 1276 1084 ts,
1294 1035 1345 1074 nec
1360 1022 1573 1078 contemnendo
1590 1022 1719 1080 minores

101 1110 289 1179 Aqunquem
307 1110 385 1181 turpi
400 1120 460 1165 tarn
477 1111 516 1167 sit
530 1111 581 1168 tibi
593 1117 678 1183 turpe
694 1109 819 1182 probari,
1015 1105 1072 1161 Nec
1088 1107 1215 1176 majores
1230 1112 1267 1175 te,
1283 1118 1359 1164 recte
1373 1109 1510 1181 gerendo,
1528 1112 1646 1170 timens.

142 1204 182 1253 ec
197 1197 221 1251 si
237 1201 266 1251 te
282 1201 400 1270 propter
413 1198 510 1271 turpia
525 1200 651 1273 quiaque
671 1200 784 1273 probet.
979 1191 1004 1248 N
1008 1192 1074 1249 ullis
1089 1194 1247 1262 blanditor,
1272 1196 1322 1251 aad
1341 1199 1455 1254 cunctis
1470 1202 1532 1254 esto
1548 1199 1695 1273 benignus

102 1284 291 1342 ,assentando
305 1290 390 1342 tuum
407 1287 506 1345 nullus
517 1296 663 1347 merentur
677 1303 820 1355 amorem,
1015 1280 1149 1339 Privatus
1165 1284 1276 1356 paucis.
1293 1287 1431 1344 omnibus
1445 1303 1548 1360 aequus
1562 1290 1633 1347 eris.

139 1374 256 1432 Nullius
272 1375 361 1432 simili
378 1382 409 1433 tu
422 1394 550 1436 mereare
567 1381 661 1437 modo.
980 1371 1112 1428 Muneris
1126 1372 1252 1446 impensi
1268 1375 1365 1431 rideas
1381 1377 1468 1434 necis
1484 1377 1634 1450 repetitor,

101 1463 164 1520 Non
180 1465 303 1521 audacia
319 1471 347 1521 te
363 1466 444 1534 ieris,
461 1474 513 1525 eut
522 1470 662 1541 jactantia
679 1470 788 1540 culpet.
1015 1461 1156 1518 Reddiior
1171 1464 1267 1537 accepi
1283 1464 1417 1538 negligus
1432 1482 1496 1524 esee
1512 1484 1591 1528 cave.

141 1555 205 1612 11aess
220 1555 295 1613 uim
309 1563 416 1615 metam
432 1559 598 1616 sobrietatis
615 1568 695 1617 euni,
979 1551 1128 1608 iudicium
1142 1552 1194 1608 tibi
1211 1569 1345 1610 sermone
1360 1555 1502 1625 severius,
1518 1561 1605 1633 atque

102 1644 148 1699 'l'u
166 1661 301 1700 moneare
315 1644 422 1714 libens,
436 1649 581 1720 patienter
596 1649 765 1720 corripiare,
1015 1638 1090 1708 Viti,
1106 1656 1195 1711 quarn
1210 1641 1293 1697 vultu
1309 1643 1410 1700 durior
1424 1646 1577 1716 asperitas·

139 1734 285 1806 Quidquid
298 1736 401 1792 edesse
418 1744 512 1808 potest
523 1737 660 1795 utilitatis
675 1753 751 1793 ama.
941 1727 1116 1829 BVindicta
1130 1727 1422 1796 0i⁰m0¹¹⁸·⁴10i⁰⁸i¹1¹⁸
1437 1733 1628 1806 imilit’ississm·

101 1826 211 1899 Siquis
228 1835 254 1882 le
270 1827 371 1885 merito
385 1830 456 1901 quia
469 1831 596 1902 peccasti
613 1829 812 1902 reprehendit,
1019 1818 1107 1874 “⁸⁸⁰5
1122 1819 1236 1883 tardus·
1252 1836 1369 1892 P⁸P⁰⁰s⁰
1385 1829 1538 1895 ΡΝΜῺΡῑ118
1556 1825 1626 1882 etit·

138 1918 217 1973 Scire
232 1917 320 1973 delies
335 1919 475 1990 quoniam
493 1920 600 1993 prciuit
613 1920 664 1976 iiia
684 1920 748 1976 tibi.
982 1906 1044 1963 Non
1061 1906 1111 1962 tihi
1128 1908 1167 1964 sit
1181 1909 1280 1966 studio
1295 1912 1444 1983 propriam
1460 1912 1624 1972 diffundere
1637 1916 1769 1986 leudem,
1868 1928 1871 1935 '

101 2007 184 2074 Quod
201 2006 225 2062 si
244 2023 301 2061 nnn
318 2008 419 2064 meritc
435 2025 492 2065 non
510 2016 677 2079 peccantem
694 2006 892 2082 reprehendit,
1017 1994 1075 2052 Νθθ
1091 1996 1129 2052 ⁸st
1145 1997 1291 2070 ευβριῑθῑθ
1307 2000 1371 2056 ¹³⁰⁸
1386 1999 1482 2058 iiiiii&
1496 2002 1561 2060 tibi·

142 2095 303 2151 Emendare
319 2103 416 2153 iumen
430 2103 458 2154 ie
472 2097 599 2155 volum„
616 2105 697 2171 puta.
981 2085 1122 2149 crimina.
1139 2104 1281 2159 rumores,
1298 2104 1474 2162 morsusque
1488 2098 1517 2148 et
1532 2092 1726 2166 suspiciones,

103 2186 191 2243 Levia
205 2184 339 2257 culpator
355 2186 414 2243 lora
429 2188 516 2244 verba
531 2188 678 2243 ministrat
692 2203 812 2242 amarus
827 2200 835 2254 ;
1018 2175 1080 2231 N⁰¹¹
1095 2176 1149 2232 libi
1165 2179 1225 2232 ⁸¹¹st
1244 2176 1305 2233 ulla
1321 2180 1508 2252 Siiwipiessdt
1523 2180 1590 2238 iide-

139 2275 225 2332 Levia
237 2261 308 2347 'pius
322 2292 440 2348 ,emper
457 2293 546 2348 quam
563 2276 721 2334 semesi),
740 2277 821 2334 iimo,
982 2264 1228 2322 1⁰08Maxime
1253 2272 1441 2338 spernantur,
1457 2269 1507 2341 qui
1536 2270 1605 2327 licta
1618 2270 1808 2346 simplicitate

104 2365 228 2423 Exsulta
242 2368 359 2439 qiinties
375 2367 472 2440 pravis
490 2368 615 2425 infestus
630 2367 759 2440 haberis,
1017 2356 1055 2413 Ut
1070 2362 1195 2414 noceant
1210 2357 1277 2414 eliis
1295 2364 1368 2416 lecta
1389 2377 1503 2418 venena
1523 2362 1630 2421 lerunt.

137 2453 195 2510 Nec
212 2467 338 2526 pascunt
353 2457 460 2512 famam
477 2456 621 2513 dilaniare
636 2464 729 2513 inam,
983 2446 1100 2504 Firmus
1115 2447 1145 2502 in
1162 2449 1305 2516 adversis,
1322 2448 1454 2513 humilis.
1471 2455 1634 2527 cautusque
1652 2456 1791 2515 secundis

105 2543 228 2599 Summa
243 2544 297 2599 tibi
308 2545 347 2600 sit
363 2545 428 2601 laus
443 2563 460 2601 a
476 2546 573 2617 pravis
587 2543 743 2618 vituperari
761 2564 768 2613 ς
1017 2529 1114 2606 illene,
1131 2536 1314 2610 propositum
1332 2555 1390 2595 non
1405 2540 1519 2598 variare
1533 2546 1630 2601 tuum,

140 2632 256 2689 Grande
272 2633 341 2689 boni
356 2635 473 2703 siguum
491 2635 675 2706 displicuisse
691 2632 786 2701 malis,
981 2625 1085 2681 Teclor
1099 2626 1240 2682 virtutum
1254 2625 1309 2697 ais,
1323 2632 1357 2685 ul
1370 2628 1490 2700 quidem
1506 2629 1655 2704 viliorum,

102 2719 162 2777 iste
177 2720 295 2793 quidem
312 2722 431 2778 studeas
445 2722 514 2779 viiic
536 2725 595 2782 lore
610 2724 685 2780 liber
699 2723 735 2779 ab
748 2720 840 2791 omni,
1018 2714 1076 2771 Neo
1097 2717 1195 2788 magni
1212 2713 1307 2772 valeat
1321 2717 1415 2790 gloria
1429 2735 1504 2775 vena
1518 2719 1583 2779 tihi.

141 2812 173 2863 Et
186 2810 252 2865 vite
267 2815 366 2866 custos
382 2810 520 2883 providus
535 2828 599 2868 esse
611 2818 679 2868 tue.
982 2803 1099 2863 Nullius
1120 2804 1266 2861 inscitiam
1292 2822 1424 2880 spernes,
1447 2808 1620 2882 patiensque
1634 2808 1807 2883 loquentum

104 2896 234 2954 Alterius
250 2914 317 2954 vero
333 2915 384 2955 nec
400 2905 547 2956 scrutator
558 2901 702 2967 curiosus,
1706 2900 1770 2973 [(6i,

146 2984 204 3042 Nec
221 2985 245 3043 sl
261 2987 413 3059 delinquet
430 3005 534 3045 censor
553 2989 676 3045 acerbus
691 2988 760 3045 eris.
1021 2983 1126 3041 Rarius
1141 2985 1204 3057 ipse
1218 2983 1297 3059 loqui
1313 2985 1514 3056 discalceare
1532 2991 1635 3065 magis.

109 3077 171 3132 lmo
187 3076 326 3148 corripies
340 3094 396 3133 non
412 3080 610 3150 exprobrando
626 3083 750 3145 reatuin,
947 3119 970 3187 c
987 3075 1049 3132 Non
1066 3093 1188 3148 spernas
1203 3076 1324 3146 hilares,
1341 3080 1475 3151 quemvis
1494 3081 1642 3140 sisserius
1657 3083 1721 3158 ipse

144 3165 290 3222 ineundis
301 3183 417 3239 semper
431 3184 534 3239 aspera
550 3167 739 3240 preveniens.
1026 3163 1165 3219 trebete
1181 3163 1316 3231 docilem,
1333 3166 1446 3223 dissere
1462 3184 1578 3242 semper
1593 3186 1671 3228 amn.

107 3253 167 3311 Nec
183 3254 224 3310 sit
239 3255 368 3312 diillcilis
384 3254 537 3311 clementia
559 3255 756 3328 corripientis,
988 3251 1089 3310 Necte
1110 3252 1248 3323 jactando
1264 3269 1328 3326 que
1344 3255 1421 3310 nosti
1438 3257 1534 3327 pande
1549 3257 1684 3317 libenter.

143 3333 282 3416 Corrept'o
298 3343 389 3400 reniae
404 3344 532 3417 pandere
546 3343 618 3401 veile
630 3360 727 3401 suum.
1023 3345 1090 3398 Haeo
1105 3345 1182 3398 vetat
1197 3345 1229 3397 ut
1242 3340 1336 3399 discat
1351 3359 1409 3400 non
1425 3344 1479 3402 tibi
1490 3351 1571 3418 note,
1586 3349 1693 3421 pudor.

107 3431 231 3488 Sobrius
248 3432 386 3489 idacium
404 3433 504 3505 cupiat
519 3435 596 3505 quod
613 3434 707 3506 prosit
726 3433 846 3503 habere,
1304 3447 1339 3488 ns
1359 3449 1495 3493 ausrrrrn.

145 3521 175 3576 ld
192 3520 286 3578 solum
302 3522 397 3579 discat
413 3525 489 3593 quod
506 3523 562 3578 sibi
575 3523 650 3580 scire
659 3523 756 3595 juvat.
988 3519 1062 3588 Quid
1078 3519 1134 3578 nisi
1151 3523 1261 3577 nature
1277 3525 1400 3579 taciturn
1416 3526 1597 3597 perpendere
1614 3528 1719 3586 lodus.

110 3610 249 3675 Quaedam
267 3612 418 3683 profuerit,
433 3611 567 3685 quedam
584 3612 721 3669 didicisse
737 3611 853 3682 iuvabit
1022 3609 1149 3666 iustitie
1165 3627 1269 3666 nomen
1286 3627 1340 3667 nos
1356 3613 1487 3686 ratioque
1506 3614 1619 3673 docett

146 3705 222 3756 Sunt
236 3717 299 3772 que
314 3719 372 3757 non
390 3707 524 3774 prosunt,
541 3701 601 3758 imo
613 3718 716 3758 nocere
732 3701 840 3759 solent.
988 3701 1050 3764 0⁰⁰
1066 3698 1359 3756 iiii⁰11t12⁸⁰⁰¹l¹¹⁰¹i
1375 3701 1482 3759 illidere
1498 3707 1601 3775 eteius,

108 3789 936 3864 Necaustnllenimis,nimiumnecdeprimequemquam,
1025 3787 1144 3843 Alterna
1155 3788 1295 3858 junctum
1312 3803 1344 3844 aa
1359 3793 1499 3847 tueantur
1518 3809 1584 3867 cpe.

145 3878 250 3935 Sarius
264 3886 309 3935 est
324 3881 413 3952 digno
440 3898 546 3953 ponere
562 3897 708 3952 quemque
721 3882 795 3937 loco.
990 3885 1050 3937 Hoc
1064 3879 1154 3952 igitur
1169 3877 1274 3948 ioedus,
1291 3896 1348 3951 quo
1369 3897 1422 3937 nos
1439 3889 1545 3941 natura
1559 3884 1676 3958 ligavit,

111 3969 184 4027 Gom
197 3969 295 4025 dicent
310 3969 359 4025 elii
376 3972 500 4028 studeas
516 3972 618 4027 audire
632 3970 780 4039 libenter;
1027 3972 1087 4037 Ouo
1103 3973 1198 4025 slatus
1214 3971 1348 4026 humanae
1364 3970 1446 4044 pacis
1461 3980 1490 4030 et
1505 3976 1577 4033 orde
1594 3982 1705 4039 manet.

150 4059 225 4116 Dum
243 4060 374 4115 monitus
391 4061 491 4127 tueris,
508 4061 603 4117 dicere
625 4064 777 4133 promptus
797 4059 866 4117 eris.
990 4060 1110 4131 Quoque
1126 4058 1204 4115 Deus
1218 4057 1334 4128 colitur,
1349 4076 1408 4132 quo
1425 4061 1552 4122 ethome
1566 4073 1818 4127 reverenterama·

112 4148 176 4206 Non
192 4147 234 4203 sis
249 4148 380 4206 diflicilia
393 4149 435 4205 vel
454 4149 628 4221 respondere
644 4147 769 4221 roganti,
1710 4156 1780 4231 [tor.

147 4237 204 4293 Nec
221 4237 408 4294 contendenti
424 4240 525 4295 cedere
540 4238 678 4295 dil'iicilis.
1026 4237 1071 4293 Nil
1087 4237 1142 4294 nisi
1157 4236 1301 4309 iustitiam
1311 4238 1378 4308 iure
1393 4256 1495 4297 vocare
1511 4241 1604 4299 decet.

109 4327 234 4399 Expedit
249 4327 398 4383 interdum
416 4329 513 4400 pravis
527 4345 642 4402 quoqne
657 4330 759 4386 cedere
775 4328 873 4401 dictis,
991 4327 1042 4384 illc
1058 4344 1114 4383 non
1129 4332 1174 4383 est
1189 4326 1266 4396 quod
1281 4327 1348 4399 quis
1363 4328 1515 4398 diiudicet,
1531 4332 1710 4404 expediatve,

145 4418 184 4469 Ns
198 4414 237 4471 lis
254 4415 387 4487 insurgat
402 4418 546 4473 deteriore
563 4416 651 4473 main.
1026 4416 1167 4489 Expediet
1181 4416 1325 4490 quidquid
1343 4415 1394 4472 ills
1410 4419 1541 4474 monebit
1561 4418 1619 4492 agi.

107 4504 245 4574 Corporis
260 4515 308 4562 aul
326 4507 435 4562 mentis
451 4513 548 4564 motus
560 4525 595 4564 ns
611 4508 671 4563 sint
687 4506 849 4581 inhonesti,
952 4492 975 4559 ii
992 4506 1072 4564 Hanc
1087 4506 1178 4580 igitur
1193 4505 1331 4577 quisquis
1345 4508 1485 4563 sectando
1499 4508 1543 4565 vis
1557 4507 1693 4582 adispici,

147 4594 270 4665 Pervigil
292 4596 443 4652 incumbat
457 4595 624 4653 sollicitudo
641 4596 704 4653 tihi.
1031 4590 1183 4667 ln'primis
1197 4598 1325 4663 metuas,
1339 4594 1449 4668 hortor,
1469 4613 1609 4670 amesque
1631 4600 1746 4671 beorn,¹

110 4682 172 4739 Nec
186 4683 254 4756 quin
270 4690 376 4756 prester
390 4692 419 4740 ta
435 4692 518 4742 testis
534 4704 590 4743 nnn
606 4687 718 4742 assidet
732 4687 816 4753 alter,
993 4684 1084 4753 Cuius
1098 4699 1198 4740 amore
1213 4682 1322 4752 calens,
1339 4701 1374 4741 cx
1390 4685 1443 4741 hoc
1457 4684 1621 4744 imitaberis
1636 4688 1734 4757 ilium,

150 4770 262 4828 ldcircc
278 4773 330 4828 tihi
349 4773 388 4829 sit
402 4791 472 4829 cura
489 4776 639 4846 pudorque
660 4775 765 4830 minor.
1028 4770 1149 4829 tltnulli
1165 4788 1280 4841 noceas,
1298 4773 1358 4829 imo
1368 4774 1474 4846 juvare
1489 4775 1571 4834 velis.

111 4859 218 4917 Nescio
234 4877 288 4916 cur
301 4861 393 4917 alium
411 4864 507 4934 potius
523 4879 610 4935 quam
627 4867 656 4918 te
675 4861 814 4932 verearis,
993 4861 1029 4919 Et
1041 4865 1113 4917 tuno
1127 4864 1171 4917 vir
1182 4863 1283 4932 justus
1299 4861 1407 4934 populo
1423 4862 1530 4921 diceris
1541 4865 1578 4922 ab
1593 4866 1686 4936 omni,

151 4949 197 5004 Nil
215 4952 302 5005 rsl'ert
317 4968 352 5006 an
370 4955 400 5005 tu
419 4952 536 5013 videris,
554 4968 589 5007 an
607 4950 743 5023 populus.
1030 4950 1112 5007 Tunc
1127 4950 1234 5006 charus
1248 4951 1364 5007 cunctis
1379 4959 1406 5007 et
1420 4956 1604 5012 venerandus
1619 4957 1686 5012 eris.

110 5037 222 5094 Tutini
240 5041 281 5096 sis
303 5040 441 5112 populus,
458 5048 489 5096 tu
507 5042 600 5105 curia,
621 5047 712 5114 tuque
727 5042 886 5111 theatrum,
994 5040 1183 5098 Justuaenim
1200 5056 1258 5111 quc
1274 5041 1315 5096 sie
1332 5056 1389 5096 non
1405 5042 1501 5098 solum
1519 5042 1622 5101 laedere
1638 5045 1764 5115 nullum,

152 5126 196 5182 Sil
209 5128 261 5183 tibi
278 5145 375 5185 coram
389 5134 427 5196 ic,
444 5130 541 5201 turpia
556 5128 638 5188 veile.
655 5132 755 5203 piidcr.
1032 5128 1239 5185 Imnledentcs
1256 5128 1316 5201 lpse
1327 5129 1434 5201 juvare
1450 5132 1547 5188 stude.

111 5214 225 5285 Nobile,
241 5234 297 5273 non
310 5218 372 5275 leve
383 5236 444 5285 cor,
457 5227 607 5290 constans,
622 5237 678 5277 non
690 5236 778 5275 saxee
793 5235 876 5276 mens
891 5218 941 5292 sit,
996 5219 1133 5276 Nondum
1145 5216 1269 5288 justitie
1289 5217 1353 5274 laus
1367 5224 1413 5276 est
1428 5238 1485 5277 non
1501 5238 1566 5280 esse
1586 5229 1752 5295 nocentem,

149 5310 205 5360 Nec
220 5307 298 5363 hona
314 5311 449 5382 cognatis
465 5311 526 5365 sint
541 5310 643 5366 vitiata
657 5309 753 5366 malie.
1033 5310 1106 5365 ilinc
1118 5314 1217 5365 tamen
1235 5307 1419 5382 incipiturad
1436 5312 1558 5369 meliors
1582 5314 1694 5387 gradus
1710 5332 1718 5384 ς

112 5394 150 5453 tlt
165 5401 290 5469 cognata
301 5398 358 5455 aihi
375 5408 447 5456 sunt
460 5400 634 5474 virgultum,
652 5399 826 5472 loliumque,
998 5400 1116 5458 Scilicet
1130 5404 1163 5456 ut
1183 5398 1323 5471 prodesse
1344 5397 1427 5470 velis,
1443 5400 1493 5457 ubi
1505 5401 1610 5460 ledere
1624 5419 1733 5474 cessas,

152 5576 192 5649 (t)
208 5576 294 5635 Forte
310 5575 452 5653 booendi.
