3802 6030
52 244 133 311 asar
704 244 755 306 ns
775 241 936 304 ouuaru
958 240 1096 304 annor.
1685 244 1762 336 psas
1881 294 1884 299 .

92 377 160 436 Flos
173 377 250 451 gerit
265 376 294 434 io
311 377 391 449 lolio,
408 395 520 453 cygnus
534 379 565 437 in
580 397 630 438 ore
644 379 749 455 lyram.
897 380 925 449 A
939 376 970 435 Si
984 374 1052 451 qais
1067 375 1129 433 vult
1143 383 1231 449 porta
1247 377 1392 431 texturam
1409 373 1519 432 discsse
1535 375 1618 449 pinu,

56 473 255 526 Contemnens
270 469 410 525 humilem
430 470 515 540 regali
528 470 634 528 vertice
650 470 769 544 vulgum
973 469 1107 527 Mulciler
1121 474 1150 526 et
1164 470 1250 527 asaro
1266 468 1358 525 tenuit
1372 467 1445 524 illud
1461 486 1544 541 opus.

93 558 187 615 Audet
202 559 231 613 in
248 568 328 615 astra
343 568 427 632 caput
441 559 566 617 condere
584 561 690 616 cedrus
705 559 757 618 ibi.
937 564 966 623 Si
982 565 1049 635 quis
1064 564 1187 636 vestiget
1202 562 1269 634 quis
1283 563 1400 619 inaurat
1414 579 1478 618 eam
1495 564 1591 632 decor,
1610 564 1691 622 illam

57 650 123 707 Hac
140 652 217 705 inter
230 649 358 722 reliquas
372 649 490 706 titulum
507 653 629 707 sortitur
646 651 775 708 honoris.
973 654 1069 712 Guttia
1085 654 1279 710 vermiculant
1294 659 1420 724 quatuor
1435 655 1491 709 isla
1506 654 1579 711 suis.

93 738 151 795 Neo
166 738 223 796 sibi
237 742 378 812 dignatur
393 739 555 812 quamlibet
567 758 631 798 essa
648 757 756 814 parem.
937 744 1062 802 Lacteus
1077 744 1187 815 argenti
1205 745 1301 809 decor,
1319 742 1382 797 auri
1399 743 1551 799 llamrnous
1567 747 1664 815 ardor,

55 828 119 887 Non
138 831 178 886 ibi
194 831 364 903 conspirant
380 831 409 887 in
426 832 504 887 cedri
520 832 626 889 damno
641 832 765 905 sagittas,
972 835 1058 907 Ignea
1074 848 1258 905 gemmarum
1275 832 1335 895 lux,
1353 832 1516 902 elephantis
1531 834 1613 893 ebur,

95 919 158 978 Non
174 920 279 989 imber,
297 928 395 991 torpor
408 919 535 993 trigoris,
551 922 595 977 ira
609 920 685 977 Noti.
936 923 1055 997 Argenti
1069 923 1169 978 radios
1186 927 1282 992 postes
1297 921 1420 993 insignit
1433 920 1555 990 ibidem,

15 1062 19 1070 .
54 1009 139 1068 uallo
151 1025 243 1066 novus
259 1009 343 1065 viridi
361 1011 459 1066 tunica
476 1010 518 1066 vel
536 1009 752 1068 trondavirenti
972 1015 1028 1071 Per
1041 1014 1104 1071 loca
1118 1010 1284 1069 scintillans
1299 1027 1389 1066 aurea
1404 1012 1521 1067 flamma
1537 1018 1630 1072 nalal.

91 1101 241 1157 Adversus
258 1099 370 1156 bruma
386 1100 442 1156 vim
457 1101 602 1156 tunicavit
616 1117 690 1157 eum·
936 1104 1039 1162 Limen
1055 1108 1214 1174 utrumque
1230 1101 1320 1157 micat
1335 1116 1518 1170 gemmarum
1535 1100 1647 1159 lamine
1660 1120 1667 1171 ;
1680 1101 1760 1161 rima

56 1195 151 1247 Densa
166 1190 275 1259 nitens,
291 1189 394 1246 viridis
405 1194 451 1246 eat
468 1206 568 1245 ramus
579 1189 695 1255 cortice,
713 1189 815 1245 fronde
972 1192 1049 1258 Quas
1062 1173 1103 1248 ibt
1119 1190 1230 1247 limavit
1246 1189 1378 1261 sculptor
1392 1187 1504 1246 inalbat
1519 1191 1602 1250 ebur.

93 1278 193 1335 Remis
208 1279 300 1336 densa
316 1281 422 1347 nitens,
440 1283 557 1346 cortice,
573 1280 687 1346 troade,
702 1279 809 1338 virano.
937 1283 1055 1352 Singula
1072 1298 1168 1346 cerac,
1184 1281 1258 1337 nitet
1271 1283 1437 1352 argentum,
1454 1279 1584 1352 fulgurat
1599 1297 1715 1348 aarum,

55 1369 168 1426 Ramus
180 1370 235 1424 sub
250 1368 338 1432 loliis,
355 1373 479 1425 truncus
495 1370 550 1425 sub
567 1369 686 1435 cortice,
703 1369 785 1424 radia
973 1375 1100 1431 Gemma
1116 1369 1289 1437 scintillant,
1305 1369 1403 1425 nobile
1420 1369 1492 1426 ridet
1506 1371 1589 1427 ebur.

92 1458 154 1515 Sub
171 1459 243 1531 Pede
258 1459 359 1514 condit
373 1475 451 1525 aleb
468 1459 561 1514 nullst
575 1475 656 1531 ⁸90⁸,
673 1459 721 1515 dat
736 1474 840 1530 aquas.
935 1465 1028 1522 Totus
1043 1464 1072 1518 in
1089 1461 1144 1518 boc
1158 1477 1244 1531 opere
1258 1459 1373 1516 sudavit
1390 1460 1552 1517 tlulcibcr:
1568 1460 1640 1517 artis

57 1551 167 1608 Ramus
183 1567 252 1607 avos
267 1553 323 1607 sub
339 1552 433 1606 tronto
446 1551 526 1623 tegit,
543 1551 598 1607 aab
621 1552 729 1608 cortica
759 1557 882 1607 truncus
974 1552 1120 1609 Nobilitas
1134 1567 1253 1606 summa
1268 1550 1355 1605 laude
1370 1548 1485 1605 refulsit
1499 1549 1550 1607 lut.

95 1641 191 1695 Nutril
206 1658 286 1713 spes,
301 1641 382 1696 radix
398 1643 453 1696 sub
470 1645 541 1713 pede
555 1642 641 1697 sudat
653 1658 755 1711 aquas.
936 1643 979 1701 Nc
994 1644 1062 1709 auid
1078 1641 1225 1697 Vulcanus
1242 1641 1340 1695 lorsan
1356 1639 1550 1713 aeunqaeaa,
1565 1639 1662 1698 omnis

57 1729 202 1787 alludunt
217 1736 320 1786 trunco
336 1731 419 1800 quasi
435 1733 567 1803 quadam
583 1731 696 1788 ludicra
708 1729 810 1799 rimis3
896 1762 920 1826 B
972 1731 1129 1806 Cyclopum
1146 1729 1221 1802 lagia
1237 1727 1319 1784 fluxit
1334 1729 1370 1784 acl
1387 1727 1458 1784 illud
1475 1744 1560 1800 opus.

94 1819 229 1876 Truncus
240 1819 312 1888 hiat,
329 1821 433 1876 rimam
447 1838 554 1893 pompa
564 1821 731 1892 frequentat
745 1836 846 1891 apum.
936 1823 1073 1891 Quadam
1089 1820 1126 1877 de
1141 1819 1229 1894 lignis
1246 1820 1387 1890 majestas
1403 1817 1502 1890 palliat
1517 1817 1592 1889 auri,
1691 1833 1692 1838 ¹

58 1906 173 1978 Duplex
188 1906 285 1964 nodus
299 1907 340 1964 ibi
351 1908 409 1964 dno
425 1906 549 1981 porrigit
559 1910 659 1974 ubsra,
675 1914 774 1964 nectar
970 1913 1171 1982 Naturamque
1186 1910 1292 1965 oedem
1307 1908 1366 1980 (air)
1383 1906 1457 1964 ditat
1472 1907 1582 1964 honoro
1597 1924 1662 1965 suo.

97 1996 271 2053 Mallillunm
286 1996 378 2053 stillat
393 2001 516 2069 utraque
532 2013 660 2054 mamma
671 1997 759 2055 laras.
934 2003 984 2060 Bis
999 2017 1050 2059 sex
1064 2015 1247 2074 guiumarum
1263 1996 1359 2055 stellis
1375 1997 1414 2053 ibi
1430 1996 1531 2055 rutilat
1545 2013 1643 2065 arcus,

57 2085 169 2143 Natura
188 2086 289 2159 digitis
303 2090 396 2144 crater
410 2086 557 2143 tornatilia
572 2087 675 2144 ambus
923 2132 925 2136 -
970 2096 1004 2149 [lt
1018 2089 1102 2167 quasi
1116 2087 1257 2163 signifero
1272 2086 1378 2145 circuit
1392 2086 1461 2143 orbs
1476 2086 1563 2146 lorea.

94 2175 352 2243 Ab⁸⁰tb011¹⁰d0⁸t
369 2192 473 2249 Sttssetc
489 2175 577 2233 mella
592 2180 685 2248 parat.
934 2182 1015 2239 sicat
1030 2180 1148 2238 mentiri
1164 2177 1240 2235 valet
1254 2193 1313 2246 ars,
1328 2176 1408 2233 volat
1421 2175 1481 2232 ales
1496 2176 1524 2232 in
1540 2193 1623 2245 auro.

59 2263 150 2322 Ritus
165 2265 216 2337 qui
231 2265 324 2338 garrit
343 2266 397 2321 snb
413 2265 533 2323 cedrino
549 2266 622 2338 pede
638 2269 752 2339 spectat
970 2272 1047 2329 Nant
1061 2270 1167 2342 pisces,
1183 2265 1305 2325 rutilant
1320 2265 1429 2334 sidera,
1445 2264 1516 2320 vivit
1530 2265 1629 2322 bomo.

93 2354 191 2411 ὓθῦθθ
207 2354 291 2412 melle
306 2355 378 2411 fluat
394 2355 536 2428 amphora
552 2356 636 2428 plena
652 2356 720 2412 Sibi·
934 2364 967 2422 la
983 2367 1067 2436 porta
1081 2359 1184 2417 rutilat
1198 2374 1314 2425 crocus,
1331 2357 1413 2414 ardet
1427 2357 1547 2413 llamma
1562 2359 1673 2432 pyropi,

56 2445 178 2502 Planum
193 2461 244 2500 vas
255 2444 285 2500 in
300 2461 406 2517 apuam
424 2446 480 2501 mel
492 2445 646 2518 transjicit,
656 2450 683 2501 et
698 2444 882 2519 quasiquod·
970 2459 1115 2524 purpurat
1130 2451 1179 2507 itio
1194 2448 1292 2513 floras,
1309 2447 1357 2503 ille
1372 2450 1488 2504 serenat
1502 2464 1588 2518 opus.

802 2535 882 2608 [clam
934 2544 1041 2601 cedere
1056 2542 1219 2613 dedignans
1236 2538 1325 2595 radiis
1339 2536 1528 2594 stellantibus
1543 2536 1611 2592 lrim

96 2625 199 2681 mil
214 2624 357 2680 Electrum
375 2625 486 2681 iaciunt
501 2624 562 2681 bac
590 2625 647 2681 duo
672 2623 762 2680 mista
782 2624 881 2681 simul.
971 2633 1041 2690 coeti
1057 2631 1173 2688 mentiri
1190 2629 1294 2685 nititur
1309 2628 1358 2683 ille
1373 2624 1462 2685 color.

55 2713 112 2771 Mel
129 2714 227 2787 liquor
242 2713 349 2770 alliciat
365 2715 420 2770 sibi
439 2720 519 2787 putu,
532 2729 684 2770 murmure
700 2719 810 2786 nectar,
934 2727 1028 2780 Arous
1042 2720 1158 2778 aetherei
1174 2718 1267 2793 (salvo
1283 2717 1370 2774 tituto
1384 2716 1499 2789 loquar)
1514 2715 1570 2771 iste

94 2804 184 2861 notua
199 2803 229 2860 in
245 2819 294 2860 ors
309 2804 397 2876 sapit,
415 2820 549 2861 murmur
561 2804 589 2860 in
607 2819 655 2861 occ
670 2803 773 2862 melos·
969 2812 1081 2870 clarior
1094 2814 1140 2867 aaa
1154 2808 1216 2878 tuo,
1232 2808 1359 2882 plusqua
1374 2807 1478 2863 nitoris
1493 2805 1590 2862 nabat.

54 2894 130 2952 Hinc
146 2894 241 2950 aviam
257 2910 395 2967 pompam
412 2894 498 2967 quasi
510 2893 713 2964 lancinavallc
728 2893 842 2950 choreis
934 2901 986 2960 1110
1001 2901 1110 2959 mium
1124 2901 1220 2973 potest
1233 2913 1287 2970 ope
1302 2894 1414 2964 Pboabi,
1430 2909 1552 2952 munera
1566 2891 1676 2962 nubia;

92 2983 201 3040 tudere
215 2988 286 3040 tunc
302 2985 382 3040 lavor
398 3000 465 3039 cum
483 3001 550 3041 rusa
564 2983 810 3057 pingctbumum.
969 2991 1023 3048 flia
1037 2989 1101 3047 aina
1116 2987 1177 3045 sola
1192 2987 1292 3055 micat,
1307 2990 1337 3041 at
1351 2984 1414 3042 sina
1430 2984 1519 3039 nubis
1534 2999 1597 3053 ope.

54 3070 108 3128 llio
136 3072 279 3144 proponit
319 3071 426 3143 hiems,
453 3074 524 3142 abit,
554 3073 602 3129 bio
630 3073 767 3143 assumit,
797 3073 880 3130 adest
935 3079 986 3137 llle
1001 3079 1118 3152 qnidam
1134 3076 1207 3133 lallit
1221 3074 1333 3141 oculos,
1348 3073 1397 3129 bio
1412 3071 1514 3139 allicit,
1529 3069 1578 3127 ills

798 3170 878 3239 [ven
970 3168 1111 3241 Fulgurat
1124 3165 1160 3222 ad
1177 3168 1305 3235 tempus,
1320 3167 1471 3235 permanet
1486 3161 1541 3215 iste
1555 3160 1617 3218 diu.

88 3251 274 3313 00ss⁰¹l¹dt¹⁰l
288 3254 364 3321 ΕΗΒ,
381 3255 507 3312 succinit
522 3272 588 3326 crgo
605 3254 723 3311 chorus.
825 3254 830 3265 ’
933 3258 998 3316 Haec
1014 3260 1187 3324 calcatura,
1204 3252 1261 3309 nisi
1276 3249 1369 3316 lallor,
1386 3251 1476 3322 regia,
1492 3265 1615 3305 vernans

53 3344 170 3402 Laudes
181 3351 315 3402 exercent
331 3345 460 3402 celebres
476 3345 635 3419 philomela
647 3344 782 3415 jocatrix,
969 3349 1023 3407 Tot
1037 3345 1142 3407 titulis.
1158 3348 1200 3400 tot
1214 3358 1303 3416 opum
1320 3340 1416 3412 plena,
1432 3343 1476 3396 lot
1489 3337 1588 3411 ampla
1602 3337 1697 3395 bunis.

92 3432 180 3491 Flens
193 3433 266 3503 olor,
282 3433 402 3491 ormella
419 3433 503 3504 lanis,
516 3435 622 3492 manda
637 3436 720 3492 levis.
934 3439 988 3498 nic
1002 3437 1035 3514 [s.
1052 3434 1111 3512 his]
1126 3434 1240 3504 studeo,
1255 3446 1321 3488 sum
1336 3433 1416 3488 totos
1444 3430 1474 3486 in
1503 3428 1568 3498 bis3
1593 3427 1693 3485 oculus
1707 3426 1756 3486 de·

54 3522 131 3595 lpsis
146 3522 286 3580 alludunt
301 3524 405 3580 avibus
421 3541 473 3581 sua
488 3524 607 3582 uomina
622 3541 748 3601 quorum
1580 3516 1649 3594 slei,
1670 3533 1756 3575 altres

92 3612 153 3670 Vox
166 3612 220 3668 tibi
236 3613 293 3670 mal
310 3614 415 3685 sapiet,
432 3615 457 3670 si
472 3616 545 3671 bene
559 3616 648 3673 uerba
663 3619 756 3672 notes.
970 3624 1091 3684 cantus,
1107 3616 1280 3674 adornares
1295 3610 1397 3679 allicit,
1413 3627 1466 3668 ora
1479 3625 1577 3682 sapor.

57 3702 128 3772 Hoc,
143 3701 318 3770 Philomela,
334 3719 433 3772 sonna,
449 3704 528 3777 qnod
541 3703 602 3761 rilin
616 3703 692 3760 locis
706 3720 881 3774 amoeuaes;
935 3701 1538 3783 Siquaerasquirlagatdeacriptioquam
1567 3698 1650 3773 legis,
1677 3697 1757 3756 istud
1857 3722 1866 3779 Ι·

90 3790 215 3849 Nomine
226 3797 372 3850 monstrat
383 3793 456 3862 olor,
472 3796 548 3865 quod
565 3801 648 3868 gerat
662 3810 712 3851 ors
726 3794 828 3868 lyram.
972 3799 1116 3872 Depingel
1129 3795 1257 3852 breviter
1271 3793 1369 3849 littera
1384 3795 1485 3848 nostra
1499 3789 1563 3846 tibi.

58 3880 141 3947 Quod
157 3881 237 3938 canit
251 3899 301 3939 ⁰r0
313 3883 406 3941 malos
422 3883 544 3940 ormella
554 3889 691 3949 loctlutt
707 3882 812 3940 alauda
935 3897 1012 3950 Duru
1028 3903 1133 3944 nemus
1149 3886 1203 3941 boc
1217 3882 1306 3940 veluti
1323 3881 1456 3955 quadam
1472 3877 1577 3936 mundi
1604 3894 1682 3946 rosa,
1698 3880 1759 3934 toto

93 3972 174 4038 Quod
195 3971 235 4028 til
248 3971 309 4028 avis
323 3973 412 4045 digna
425 3972 511 4028 laude
527 3973 650 4045 probaro
666 3977 770 4044 polest.
972 3979 1086 4036 Floreat
1100 3975 1180 4043 orbe,
1195 3978 1292 4030 tameo
1307 3970 1432 4028 translat
1446 3970 1500 4026 isla
1515 3970 1613 4027 dacor.

58 4059 81 4117 0
96 4059 248 4117 volucrum
269 4060 377 4119 lasciva
392 4060 513 4119 coborsl
531 4079 547 4119 o
564 4079 670 4134 pompa
683 4058 802 4134 jocosa!
936 4071 972 4129 llt
986 4069 1055 4144 quia
1070 4068 1124 4123 llos
1139 4064 1241 4121 niundi
1256 4063 1314 4120 cllo
1328 4062 1436 4117 transit
1449 4065 1478 4116 et
1492 4063 1564 4125 aret,
1580 4057 1616 4115 ad
1633 4057 1714 4115 illam

93 4149 118 4208 0
134 4150 242 4208 moduli
259 4152 378 4210 dulcesi
394 4171 411 4210 o
427 4153 559 4225 paradise
575 4152 624 4209 Dei
640 4152 646 4210 l
973 4158 1040 4224 Qua
1057 4171 1208 4229 nunquam
1225 4160 1336 4210 marcet
1350 4150 1468 4218 currite,
1483 4162 1591 4220 quaec,
1608 4164 1729 4204 rosam.¹

56 4238 180 4314 Singula
193 4242 391 4315 complectens
405 4243 481 4299 inter
495 4244 553 4300 duo
570 4243 688 4300 brachia
704 4258 816 4311 murus.
937 4249 989 4305 aar
1003 4264 1070 4304 rosa
1084 4262 1148 4319 quc
1163 4244 1235 4301 dicit
1251 4258 1258 4299 :
1274 4241 1331 4313 Ego
1347 4239 1401 4296 flos
1415 4237 1529 4311 campi;
1546 4252 1613 4293 rosa
1627 4239 1706 4293 certe

92 4332 190 4388 instar
203 4331 316 4390 habens
332 4350 411 4391 cona
425 4333 537 4408 colligit
553 4350 640 4392 omne
656 4350 771 4392 nemus.
972 4339 1079 4404 Aurea,
1095 4333 1231 4409 principii
1246 4329 1357 4398 nescia,
1374 4329 1432 4386 line
1445 4342 1559 4384 carens.

52 4420 160 4479 Amnis
174 4421 204 4478 in
220 4424 347 4496 ingrcssi
361 4441 464 4482 zonam
479 4424 628 4483 diffibulat
643 4426 741 4496 istam,
938 4427 975 4488 ut
988 4430 1120 4502 gustaret
1134 4425 1200 4482 olus
1215 4421 1301 4480 bomo
1317 4417 1432 4485 debilis,
1448 4417 1509 4473 bac
1524 4430 1591 4471 rosa
1605 4416 1708 4472 sancta

92 4510 116 4567 Α
131 4511 207 4568 nodo
222 4510 340 4569 solvens
356 4513 474 4571 brachia
486 4514 591 4586 juncta
607 4531 671 4572 suo.
972 4523 1028 4576 Pro
1044 4517 1128 4576 nobis
1143 4514 1208 4572 olus
1222 4518 1268 4571 est
1283 4512 1358 4568 lacta
1373 4522 1496 4566 manens
1510 4505 1589 4579 quod
1605 4509 1678 4564 crat.

55 4598 133 4656 Pons
148 4617 237 4675 super
248 4602 363 4659 inlaxus
379 4603 468 4678 lignis
485 4609 515 4662 et
530 4621 677 4663 marmore
690 4604 758 4663 valli
937 4609 1049 4667 liloruit
1063 4608 1093 4664 iu
1109 4604 1199 4673 coelis,
1219 4603 1249 4659 in
1265 4599 1374 4657 mando
1389 4596 1516 4655 marcuit
1530 4615 1538 4666 3
1555 4593 1616 4653 illic

93 4693 205 4748 Damna
217 4693 386 4765 resarcitur,
402 4695 494 4752 llbula
509 4696 603 4753 lactus
617 4696 654 4757 ei.
973 4701 1095 4770 Semper
1109 4694 1202 4765 olens,
1218 4689 1284 4748 istic
1298 4688 1408 4764 pallida
1422 4687 1497 4744 lacta
1511 4701 1625 4759 parum.

51 4778 329 4856 Pontisutrumqua
355 4784 716 4857 caputsallnmluitinrle
745 4784 881 4857 vallada,
938 4790 1021 4848 Hunc
1049 4788 1151 4845 liorem
1180 4781 1334 4857 paradisus
1366 4778 1465 4848 habet,
1493 4776 1641 4851 seraphim
1671 4775 1759 4847 sidet,
1852 4846 1855 4851 Ι

90 4867 125 4924 lla
139 4869 206 4927 licet
221 4872 325 4941 juncto
341 4873 456 4946 gurgite
471 4877 562 4931 nodat
576 4892 663 4948 opus.
1668 4865 1760 4944 [orbis

51 4957 140 5016 Porta
155 4965 215 5016 stat
230 4960 258 5017 to
277 4962 372 5019 medio
388 4963 507 5020 sublimi
524 4965 642 5028 vertice,
657 4964 767 5022 nostris
972 4970 1036 5027 Non
1051 4967 1141 5042 capit,
1155 4965 1290 5023 internus
1304 4963 1410 5032 nescit,
1426 4961 1530 5022 adorat
1544 4961 1644 5021 homo.

89 5047 130 5106 Ex
145 5050 238 5108 aculis
253 5057 352 5111 vsrtcx
366 5054 430 5127 ejus
447 5055 481 5111 ad
499 5058 580 5111 aetra
596 5053 679 5128 lugit.
