3802 6030
73 281 153 345 1393

110 413 245 482 clavifer,
261 409 397 468 scelesta
412 406 517 465 luniier
531 405 587 463 iste
602 405 668 464 tuit.

73 503 194 565 Consilii
210 519 268 569 ros,
284 499 393 570 ingenii
410 498 474 568 iios,
490 495 599 570 eloquii
613 512 675 567 cos,

113 592 241 651 Palladis
256 608 300 658 os,
313 605 429 647 morum
445 589 509 653 dos,
525 584 672 643 Heliconis
687 583 793 640 bonos.

76 685 183 741 Praeter
196 687 240 738 tet
255 681 357 736 titulos
372 679 481 750 quibus
496 677 545 733 ille
562 674 688 742 retuleit,
706 675 735 731 in
747 677 812 745 elus

112 773 223 830 Floruit
240 769 332 825 illesa
347 784 435 824 carue
452 766 573 839 pudoris
586 765 668 821 ebur.

74 861 176 918 Carnis
189 859 346 915 candorem
364 857 476 912 nullius
490 856 577 912 carbo
592 854 711 920 notavit,

112 949 257 1008 illecebrae
270 947 373 1002 niveus
387 945 442 1003 llos
454 947 519 1000 sine
533 943 598 998 labe
616 941 681 997 init.

75 1041 127 1108 Qui
144 1039 276 1095 decarne
288 1051 343 1092 sun
354 1034 451 1091 liudis
466 1030 569 1088 vexilla
587 1036 750 1103 reportans,

110 1136 206 1184 iturea
220 1142 284 1199 qum
302 1123 408 1180 meruit
425 1120 541 1194 pramis
555 1119 647 1175 victor
659 1117 756 1175 babet.

74 1217 203 1276 Piscator
220 1214 274 1270 tuit
288 1213 337 1269 bic
350 1211 515 1279 bominum,
533 1210 686 1280 piscesque
702 1207 820 1263 luerunt

109 1305 219 1372 Quinti,
237 1303 389 1374 piscantur
403 1315 470 1355 cuni
485 1296 541 1354 eibi
558 1298 616 1352 lata
626 1296 722 1351 virum
733 1293 790 1367 (91)

195 1390 277 1450 ΧΧΧ.
293 1387 472 1463 Epitaphium
485 1385 614 1458 maqiitri'
629 1382 762 1440 haietmi.

108 1485 140 1558 (E
157 1499 211 1539 ms.
227 1479 326 1538 codice
340 1477 510 1543 Elnoueuel,
527 1489 605 1531 nunc
620 1473 708 1546 regio,
725 1489 754 1528 ri.
770 1468 846 1544 271.)

74 1572 185 1632 Dormit
199 1573 230 1637 iii
244 1570 299 1627 hoo
314 1566 429 1625 tumulo
444 1562 651 1624 celeberrimus
666 1560 715 1618 ille
730 1560 867 1632 magister

72 1663 230 1722 boselinus
245 1659 314 1733 (98),
329 1657 375 1715 cui
392 1674 443 1729 per
457 1653 558 1711 diffusi
573 1652 691 1711 climata
705 1650 807 1707 mundi

72 1755 206 1827 Undique
221 1750 355 1809 notitiam
371 1747 515 1805 contraxit
529 1750 559 1802 ct
575 1744 704 1817 undique
720 1743 836 1801 laudem

70 1850 147 1902 sane
162 1842 245 1913 tides,
260 1841 395 1899 doctrine
409 1839 556 1910 irequens,
574 1833 736 1893 reverentie
750 1849 879 1903 morum,

69 1936 137 1991 Vita
151 1932 266 2006 pudica,
284 1945 391 1986 manus
405 1926 583 1994 diffundens,
599 1924 785 1992 collocante,

69 2025 171 2082 Sermo
186 2020 317 2093 placeris,
333 2033 455 2075 censura
470 2017 584 2089 vigens,
600 2012 741 2071 correctio
757 2011 860 2079 dulcis,

68 2111 229 2169 Consilium
246 2107 375 2180 sapiens,
392 2122 476 2162 mens
493 2103 622 2178 provide,
638 2101 746 2171 sobria,
754 2099 894 2160 clemens.

66 2203 120 2258 Sed
136 2216 200 2272 qus
215 2197 298 2271 larga
315 2196 363 2253 [tei
379 2193 529 2268 congessit
543 2192 638 2267 gratia
653 2193 746 2261 dotes,

68 2291 170 2348 idibus
181 2286 280 2344 invitis
295 2283 428 2342 dissolvit
442 2283 539 2339 iulius
551 2288 624 2350 ater,

69 2383 132 2449 Qua
147 2381 246 2436 vivens
260 2376 353 2452 viguit
365 2375 523 2432 comitetur
537 2374 632 2446 pratia
646 2374 792 2431 iunctum.

149 2468 257 2527 xxiii.
274 2469 310 2523 ile
324 2475 410 2522 morto
425 2467 533 2520 comitis
549 2463 605 2538 (99)
621 2459 807 2519 Elanhrcmii.

219 2557 272 2632 (Er
287 2557 387 2612 eodem
405 2571 456 2610 ms.
475 2550 741 2624 illacensi-Regio.)

69 2648 185 2708 Divieos
201 2646 311 2703 meritis
327 2661 406 2700 mors
423 2660 496 2699 urna
511 2647 607 2698 versat
621 2640 732 2710 eadem,

107 2739 140 2796 Et
155 2737 243 2793 nimis
258 2751 341 2806 aqua
355 2735 417 2807 pari
436 2733 562 2803 pondeie
576 2730 668 2786 libret
679 2745 739 2786 eos.

68 2828 132 2885 Non
149 2828 249 2899 lingua
265 2821 704 2894 rba-tordefenditur,eutequue
719 2816 751 2894 [i.
765 2816 891 2891 aeques]

726 2906 837 2978 lamis,

104 3006 166 3065 Non
184 3002 299 3059 redimit
315 3002 404 3057 virtus
421 2999 516 3061 fortia,
534 2998 657 3072 pulchra
671 2997 768 3056 decer.

67 3101 107 3152 De
122 3094 240 3152 comitis
255 3107 323 3146 casu
341 3106 421 3145 mors
436 3087 499 3144 ecla
515 3087 694 3159 iriumphet;
712 3087 740 3141 iii
757 3083 807 3141 illo

103 3184 215 3241 Invidet
231 3182 284 3237 linc
299 3178 421 3245 homini,
438 3194 496 3233 iion
514 3176 642 3233 hominis
658 3174 748 3231 senio.

66 3275 145 3334 Mors
160 3273 269 3329 miraris
285 3270 397 3326 senium
415 3267 493 3340 quad
509 3267 640 3322 nondum
657 3265 764 3321 iecerit
775 3267 856 3333 etse,

102 3365 162 3433 Est,
179 3366 230 3428 ait,
246 3363 300 3416 iste
315 3373 414 3426 senex,
431 3356 532 3412 desine
548 3356 604 3412 vlia
619 3369 727 3411 sonem.

67 3455 144 3514 Pons
167 3450 367 3509 simulcomes
395 3449 440 3503 eet
468 3443 641 3512 monachus,
671 3442 893 3515 monachusque

694 3533 838 3612 [cadaver.

103 3635 137 3692 Et
151 3630 252 3689 comiti
269 3635 297 3684 et
314 3627 457 3685 monacho
474 3631 504 3681 tii
520 3640 619 3682 comes
633 3629 705 3692 esto,
724 3625 811 3681 Deus.

123 3720 232 3779 llxxll.
251 3715 430 3789 Epitaphium
444 3713 588 3785 cuiusdam
602 3713 683 3785 prelii
697 3715 753 3770 viri
767 3712 842 3788 (100)

205 3809 258 3884 (Ex
274 3805 375 3863 ecdem
392 3821 447 3862 ms.
467 3804 624 3860 ltlncneosi
642 3800 753 3875 ltegio.)

64 3901 118 3958 Vir
130 3901 316 3956 venerandae
331 3895 402 3963 aiiii,
418 3894 467 3964 qai
483 3894 507 3949 si
528 3909 615 3966 quem
632 3894 707 3950 iama
722 3897 873 3966 superstes

102 3989 171 4047 Post
185 3988 296 4044 obitum
312 3985 391 4058 cogit
405 3985 509 4050 vivere,
526 3997 584 4038 non
600 3981 690 4051 cliiii3

64 4080 119 4148 Qui
136 4083 216 4136 totus
232 4076 336 4150 pictas,
352 4079 431 4130 totus
445 4070 612 4142 concordia,
627 4075 707 4128 totus

101 4166 262 4239 Majeststis
277 4180 361 4237 aper,
378 4161 463 4234 copia
478 4164 558 4216 totae
573 4167 644 4215 erat.

65 4257 119 4327 Oai
135 4255 232 4330 grevia
247 4262 334 4325 atquo
348 4251 426 4324 pius,
442 4251 471 4305 iii
487 4265 521 4306 ao
536 4247 664 4321 vigilavit
679 4252 711 4305 ut
725 4252 803 4306 esest

100 4398 155 4471 (97)
170 4397 258 4468 Supp.
274 4395 385 4461 mansii,
402 4391 429 4447 id
447 4396 492 4448 est
511 4392 592 4458 Maii,
609 4408 667 4464 quo
683 4389 798 4447 circiter
813 4406 893 4476 meq-

62 4559 161 4600 eieco
186 4558 228 4596 us,

82 4560 198 4682 μ(111))13
216 4612 286 4667 iarto
306 4608 361 4664 luit
375 4606 531 4664 uicimus
547 4607 620 4662 sacri
638 4616 663 4663 et
678 4605 886 4678 gloriosissimi

62 4685 179 4743 Domini
206 4680 297 4738 nostri
325 4686 394 4735 iesu
411 4680 517 4735 Christi
535 4678 666 4750 Sepulcri
682 4685 796 4743 centor,
812 4677 888 4732 inter

62 4759 241 4816 parisienses
258 4752 470 4809 ciconiariam
487 4756 547 4822 ipse
564 4749 751 4821 probabiliter
766 4748 888 4804 canoni-

62 4846 124 4886 cus.
136 4829 289 4892 educatus,
300 4840 385 4893 capus
400 4823 464 4878 duas
482 4824 612 4892 epistota
628 4822 663 4875 ed
681 4820 884 4888 Gelonem,sau

59 4901 225 4959 Welcnem.
250 4906 321 4953 tuiio
350 4895 532 4949 Parieieusen
561 4893 741 4960 episcopum,
770 4898 798 4948 et
822 4893 886 4962 rjus

61 4974 183 5037 clerum,
200 4971 235 5026 de
261 4983 348 5023 sacrm
364 4966 459 5020 crucia
482 4964 587 5021 eximia
604 4968 737 5035 portione
751 4965 785 5018 id
802 4961 885 5019 illum

62 5047 99 5101 ab
113 5045 177 5114 ipsc
193 5042 379 5100 transmisse,
393 5041 558 5091 rei'eruutur
571 5034 600 5089 iii
617 5033 710 5089 Gellia
724 5034 887 5092 Christiane

61 5114 230 5176 limonarii
246 5111 280 5165 ad
297 5111 450 5181 episcopos
481 5105 670 5171 Parisiciieeii,
686 5107 737 5178 qui
765 5105 885 5178 quidem

61 5189 134 5247 Gala
147 5182 317 5245 cardinalis,
334 5190 360 5235 ei
376 5179 454 5233 sedis
470 5178 636 5247 aposioitoa
650 5179 764 5249 legatus
779 5176 887 5235 abiisse

61 5261 152 5317 feriar
167 5272 204 5312 vii
217 5252 279 5309 Kal.
293 5250 390 5304 hleitii
406 5251 475 5306 anni
490 5249 605 5306 issi.-
615 5249 665 5306 Est
677 5249 888 5307 anselmusca·

63 5330 190 5388 nealcae
205 5319 419 5381 Lauduaeiisis.

100 5399 155 5474 (99)
173 5393 323 5452 Probabile
337 5393 451 5447 videtur
465 5390 544 5446 buno
571 5390 780 5448 Eleadrenssm
796 5390 886 5449 comi·

59 5479 120 5531 tcin
137 5487 193 5526 non
209 5467 297 5522 elium
313 5465 503 5534 luissequam
520 5463 884 5535 balduinum,napliiaum

681 268 858 334 utititiiiii
881 269 1170 337 iiisuiiuiiaitua.

912 406 938 473 Α
990 404 1062 464 Cum
1078 406 1183 482 pietate
1197 408 1304 484 gravis,
1321 424 1387 467 cuin
1401 407 1544 482 gravitate
1559 407 1637 482 pius.

957 497 1148 557 imiteris
1163 504 1235 569 erat,
1256 500 1307 557 sed
1336 507 1363 556 et
1378 514 1462 571 asper
1475 502 1553 568 eiat3
1570 499 1620 555 sed
1650 496 1725 556 leuis
1751 500 1783 556 et
1860 544 1863 551 .

1704 272 1782 338 130⁴

1608 586 1724 662 [aspect

991 680 1023 733 lii
1040 681 1144 735 neutro
1159 677 1327 747 vehemens,
1343 677 1404 735 sive
1419 676 1559 734 remissus
1574 680 1647 733 erat.

954 766 1008 834 Qui
1023 769 1098 825 duce
1112 768 1265 840 temperie,
1281 768 1410 825 medium
1424 766 1521 823 tenuit
1533 766 1683 836 vitiorum,

989 860 1071 912 Stare
1085 856 1180 912 scieris
1195 858 1276 913 inter
1289 857 1413 929 plusque
1429 856 1589 927 minusque
1604 854 1735 913 medum.

955 945 1009 1012 eui
1026 945 1161 1002 tamenin
1175 944 1294 1020 quantis
1309 952 1381 1014 erat,
1393 950 1422 1002 et
1434 949 1598 1018 percuncta
1612 944 1777 1011 modestus,

991 1032 1022 1090 lu
1038 1049 1152 1090 servare
1165 1036 1285 1090 modum
1301 1034 1375 1090 cavit
1390 1033 1496 1089 bebere
1510 1033 1642 1090 modurn.

990 1122 1112 1180 xxxiii.
1128 1122 1307 1196 Epitaphium
1318 1123 1429 1179 hiterii
1444 1123 1474 1178 iu
1488 1121 1741 1195 coicerejupiitati.

1092 1211 1144 1284 (Ex
1158 1216 1257 1269 eodem
1275 1228 1328 1268 ms.
1346 1209 1639 1284 moeream-Regio.)

954 1301 1046 1374 Digne
1061 1301 1128 1359 blito
1143 1302 1211 1370 viia,
1227 1305 1371 1358 turmore
1386 1298 1572 1356 anathemate
1585 1299 1675 1373 digne
1688 1300 1751 1369 est;

988 1393 1089 1450 Hostis
1104 1391 1225 1449 honeste
1240 1390 1299 1448 doli
1313 1391 1407 1448 victus
1421 1406 1453 1447 es
1468 1389 1550 1446 hoste
1564 1388 1641 1446 dolo.

953 1481 1047 1538 Turba
1064 1498 1200 1555 premens
1215 1482 1441 1552 uuum‚justum
1458 1496 1518 1546 roe,
1530 1478 1622 1536 libera
1634 1477 1778 1543 vinctum,
1865 1500 1868 1505 ·

988 1571 1035 1629 Sic
1050 1571 1178 1629 animam
1193 1570 1281 1629 solvit
1294 1587 1420 1639 carcerc,
1435 1569 1477 1628 sic
1490 1567 1652 1626 bominem.

954 1661 1094 1720 Frauduit
1108 1662 1153 1719 ira
1167 1661 1278 1730 miani,
1295 1660 1386 1734 riguit
1400 1661 1491 1726 iuror,
1507 1659 1656 1716 intremuit
1666 1657 1731 1727 ian

988 1750 1032 1807 Fit
1045 1749 1151 1818 scelus,
1166 1754 1195 1807 et
1209 1748 1306 1806 scelus
1322 1748 1375 1806 lioo
1390 1748 1485 1822 expiat
1500 1762 1583 1804 cuine
1597 1744 1704 1803 scelus.

953 1842 1019 1899 ituit
1039 1847 1122 1899 sexta
1135 1842 1199 1899 dies
1215 1840 1345 1898 tenebris
1360 1840 1495 1898 confessa
1510 1837 1660 1897 dolorem:

989 1932 1054 1987 Nox
1069 1947 1136 2004 rege
1150 1930 1219 1987 dum
1235 1931 1330 2002 patior
1344 1945 1419 2003 quos
1435 1945 1512 1999 repo,
1527 1926 1612 1997 diiiit,
1627 1942 1731 2002 equos.

950 2019 1073 2079 xxxiv.
1091 2019 1268 2092 Epitaphium
1289 2017 1435 2090 cuiusdam
1455 2016 1550 2074 divitie
1564 2013 1711 2073 comtissa
1724 2013 1774 2087 (1).

1241 2109 1273 2180 (E
1287 2124 1343 2164 me.
1359 2106 1483 2179 Turno.)

951 2200 1024 2258 iiuic
1040 2202 1095 2257 tria
1110 2204 1175 2273 post
1185 2199 1298 2256 cineres
1312 2197 1403 2254 vitem
1418 2196 1548 2253 couieire
1563 2195 1708 2263 laborant,

984 2293 1066 2348 Meus
1080 2289 1212 2356 humilis,
1228 2288 1357 2346 blandus
1371 2303 1479 2354 sermo,
1495 2287 1624 2360 benigne
1639 2302 1756 2343 meiius.

950 2381 1081 2454 Exempli
1094 2380 1256 2453 speculum,
1273 2379 1372 2451 patriai
1387 2393 1463 2446 roso,
1477 2377 1590 2449 lainpas
1605 2390 1738 2446 avorum,

984 2469 1112 2527 ltciuioei
1127 2485 1214 2526 sexus
1230 2469 1385 2525 immemor
1399 2465 1450 2523 illa
1467 2465 1531 2525 luit.

948 2562 1065 2622 Deliciis
1079 2567 1194 2626 boiens,
1210 2560 1293 2616 vultu
1309 2559 1422 2627 lestive,
1436 2574 1595 2615 coruscans

985 2651 1131 2724 Exemplis
1144 2648 1239 2706 titulis
1255 2648 1373 2722 inclyta,
1388 2649 1480 2720 stirpe
1495 2647 1603 2704 nitens.

947 2742 994 2799 Sic
1009 2743 1086 2799 intus
1101 2744 1242 2810 mentem,
1258 2740 1328 2796 ioris
1342 2754 1375 2795 os
1390 2745 1496 2794 uatiiie
1512 2736 1623 2809 polivit,

984 2833 1021 2891 Ut
1035 2832 1100 2891 eine
1114 2831 1237 2889 crimine
1253 2846 1346 2897 meai,
1359 2845 1393 2885 os
1408 2829 1472 2884 sine
1483 2825 1550 2884 labe
1566 2826 1649 2885 toret.

948 2924 1029 2990 Quod
1046 2939 1138 2995 genus
1154 2919 1278 2992 exempli
1294 2935 1392 2975 rerum
1408 2924 1461 2982 est,
1476 2933 1508 2974 ee
1522 2916 1632 2973 lamine
1646 2916 1726 2990 vicit,
1834 2926 1838 2933 '

986 3013 1017 3068 lii
1033 3027 1065 3068 se
1080 3011 1211 3067 leminea
1227 3008 1268 3064 nil
1284 3007 1412 3063 levitatis
1427 3005 1549 3062 haberis.

948 3101 1020 3158 Cum
1038 3098 1105 3156 iidei
1122 3098 1225 3154 mulier
1238 3113 1323 3153 corvo
1340 3095 1379 3153 sit
1393 3096 1486 3152 rarior
1500 3094 1577 3165 albo,

984 3192 1049 3247 Herc
1063 3196 1162 3247 tamen
1177 3190 1206 3244 iii
1223 3204 1294 3244 sexu
1311 3186 1410 3243 iloruit
1424 3188 1481 3242 ieta
1496 3186 1580 3242 tides.

948 3280 1039 3338 Lance
1056 3279 1117 3350 pari
1131 3277 1212 3334 libris
1228 3278 1347 3350 signum
1362 3273 1481 3331 libravit
1495 3272 1605 3346 hpollo,

981 3371 1052 3428 Cum
1069 3369 1152 3426 metit
1168 3368 1246 3424 tiuao
1257 3365 1358 3424 ilarem
1373 3367 1478 3423 mortis
1492 3364 1595 3439 iniqua
1610 3380 1724 3423 meniis.

1059 3455 1167 3517 XXXV.
1181 3454 1359 3529 Epitaphium
1374 3452 1517 3526 cujusdam
1531 3452 1649 3512 Thomae.

1230 3544 1283 3618 (Ex
1297 3544 1399 3603 eodem
1416 3544 1484 3618 nis.)

945 3638 1036 3705 Quem
1052 3637 1149 3695 studio
1164 3651 1281 3693 morum
1296 3639 1408 3692 natura
1424 3633 1557 3706 pinxerat
1572 3632 1691 3706 unguis,

981 3728 1117 3785 incausto
1133 3725 1244 3800 tinguit
1259 3740 1339 3780 mors
1354 3723 1474 3780 inimica
1486 3736 1550 3780 suo.

945 3816 1061 3876 Nullius
1076 3817 1138 3872 vitii
1153 3816 1264 3890 glacies
1285 3814 1423 3872 hiemavit
1433 3815 1463 3871 in
1479 3815 1546 3881 isto,

981 3911 1013 3963 ln
1029 3923 1088 3980 quo
1103 3905 1228 3963 virtutes
1241 3921 1291 3963 ver
1306 3910 1433 3963 statuere
1447 3919 1545 3961 suum.

945 3998 975 4056 si
991 3996 1145 4070 quadravit
1160 4012 1229 4054 eum
1245 3996 1360 4053 virtutis
1373 3994 1477 4070 gloria,
1494 3994 1606 4052 nullam

979 4085 1125 4160 Compulit
1137 4086 1167 4142 in
1185 4090 1296 4157 partein
1312 4085 1448 4158 quaelibet
1462 4100 1533 4141 aiira
1547 4085 1654 4143 visum.

945 4178 1058 4235 Morum
1074 4176 1212 4234 nobilitas
1227 4175 1351 4232 excessit
1366 4171 1518 4244 sanguinis
1532 4177 1641 4240 ortum,

980 4266 1120 4326 Naturam
1130 4265 1210 4339 juvit
1224 4265 1358 4322 moribus
1374 4263 1428 4319 iste
1443 4260 1516 4320 seis.

109 4472 114 4484 .
165 4474 171 4491 ,
304 4469 308 4478 .
373 4470 376 4477 .
511 4463 526 4477 ..
739 4465 744 4473 .
943 4372 1804 4479 xvtuuiiandtltl,inipsoetatislloiemagnumbo-⁵

63 4489 95 4528 se
109 4488 138 4527 iii
152 4469 226 4524 oali.
243 4467 349 4524 Christ.
364 4470 455 4521 icitur
470 4464 579 4521 obiisse
594 4464 698 4521 Petrus
715 4464 908 4527 Pictaveusi.
945 4483 1139 4540 nqsomnpbus
1154 4480 1330 4537 ,josippum
1347 4479 1392 4535 sup
1403 4478 1768 4549 ,opimumqmopqu

879 4605 885 4618 .
905 4530 929 4597 D
945 4556 1020 4611 miae
1035 4553 1313 4622 iiiiuiiapiectpm
1324 4567 1389 4607 vero
1405 4556 1524 4621 propter
1537 4549 1664 4605 exactam
1677 4550 1765 4622 justi·
1873 4578 1876 4589 ·

944 4629 990 4683 tiu
1006 4625 1289 4682 administrationem
1302 4623 1332 4677 iii
1345 4623 1504 4677 vindictam
1516 4624 1675 4691 scelerum
1689 4626 1766 4681 uada

942 4697 1096 4767 Heplimus
1111 4696 1207 4751 dicius
1230 4696 1334 4760 lueret,
1350 4694 1419 4764 quia
1447 4692 1584 4749 idiomata
1613 4696 1765 4754 Eiuadricu

943 4769 1057 4840 lleplim
1070 4767 1319 4837 siguificutgeiius
1332 4765 1508 4835 securisque
1525 4763 1563 4819 rei
1576 4764 1763 4825 leriebiintur.

941 4847 1033 4898 Tanta
1047 4845 1143 4894 autem
1162 4841 1215 4893 luit
1226 4837 1330 4907 pictate
1347 4836 1531 4905 praeditusmt
1543 4837 1572 4892 lii
1589 4837 1688 4894 habitu
1706 4855 1765 4896 iiio·

942 4913 1055 5041 kqaatico
1071 4914 1145 4966 mori
1160 4915 1189 4966 et
1203 4908 1319 4982 sepeliri
1335 4907 1477 4966 voluerit:
1504 4908 1581 4965 uude
1595 4908 1644 4966 blo
1664 4911 1764 4970 Hilde-

963 4991 1061 5041 crtus:

941 5094 1014 5150 Peue
1028 5091 1111 5149 simut
1136 5097 1277 5147 comesset
1303 5089 1463 5158 menachus,
1491 5095 1694 5164 monachusque
1718 5105 1766 5147 ra-

977 5236 1011 5292 Et
1025 5234 1122 5291 comiti
1133 5237 1159 5291 et
1173 5230 1309 5290 monacha
1325 5241 1357 5288 tii
1371 5247 1465 5290 comes
1475 5236 1541 5300 cita.
1555 5162 1710 5291 vegam

977 5323 1056 5395 (100)
1071 5323 1142 5388 Quis
1164 5320 1250 5378 luerit
1264 5321 1313 5378 ille
1337 5321 1391 5384 vir,
1408 5336 1461 5379 nec
1489 5320 1520 5378 in
1550 5337 1606 5379 ms.
1636 5324 1765 5390 notatim,

942 5411 996 5452 nec
1011 5397 1095 5451 nobis
1110 5395 1247 5462 occurrit,
1267 5407 1333 5448 cum
1349 5391 1505 5448 Hildeberii
1522 5396 1652 5462 tempora
1676 5393 1765 5450 inau·
1881 5406 1884 5411 ·

942 5467 1015 5523 meri
1028 5483 1117 5541 propo
1133 5464 1359 5538 lucriutqaibua
1374 5463 1502 5537 elogium
1513 5463 1592 5520 istud
1609 5470 1767 5538 possetsp·
1879 5484 1885 5497 ·

60 5541 234 5613 dictumpiui
247 5539 276 5594 in
289 5536 364 5594 bello
375 5548 475 5591 conire
487 5535 771 5609 angelos.hudovlco
782 5537 886 5592 Crasso
942 5538 1057 5613 plicari.

65 5610 359 5686 adherens,graviter
373 5607 554 5681 vulneratus,
569 5608 644 5681 apud
661 5607 801 5666 Flandros
815 5607 888 5667 obiit
978 5610 1017 5687 (1)
1032 5615 1114 5669 Eorta
1127 5609 1232 5681 tiele,
1247 5608 1402 5667 comitisse
1417 5605 1563 5666 Bleeeasls
