3802 6030
145 211 224 280 {3³0
636 210 724 272 vnit.
746 208 986 270 fittbtlssbtttt
1006 209 1205 273 cedente.
1227 212 1350 274 EPISG.
1774 212 1852 279 md

145 349 377 409 atteramus
394 347 505 405 munda
519 344 592 402 satis
620 342 758 416 lacrymis
787 342 895 416 pietate
921 358 968 400 ro·
983 351 1010 414 Α
1024 346 1133 399 cuncta
1147 346 1327 415 recordatur,
1343 344 1448 419 relegit
1461 346 1538 417 quod
1555 345 1662 418 ubique
1678 347 1823 421 loquatur

812 433 899 506 [catis
1024 431 1160 504 elloquio
1176 434 1226 491 tali
1242 437 1360 492 tradens
1376 435 1515 492 mandata
1525 436 1639 493 sollall:

145 528 283 586 abluitur
297 527 397 594 gratis,
411 525 481 597 quia
493 541 544 597 par
560 540 649 597 prope
661 521 844 596 glorificatis.
1023 522 1062 579 idi
1076 538 1185 591 comae,
1204 541 1353 598 urgemur,
1369 529 1398 583 at
1412 541 1476 583 eam
1492 525 1617 598 sepelire
1633 540 1792 584 monemur

142 616 209 690 lpse
223 614 384 688 sepultores
399 614 509 684 studet,
526 612 595 669 boio
606 617 700 681 vacat,
716 611 778 669 bare
794 611 851 667 eibi
867 627 940 669 curm
961 629 969 680 3
1023 611 1116 677 Quem
1129 616 1224 671 nescit
1239 615 1379 681 mundos,
1395 613 1443 671 cui
1469 616 1562 687 major
1589 616 1619 672 in
1649 616 1719 674 orba
1745 633 1850 675 secun·

144 706 200 762 Sed
213 704 284 776 quid
301 708 368 776 ngat
384 705 488 774 nescit,
504 701 591 759 tellus
605 702 734 773 perdura
756 700 874 774 rigescit
890 717 897 769 ;
1746 706 1816 779 [dus

140 792 236 850 Multa
252 808 353 851 senem
370 793 521 866 frangunt,
535 791 619 848 labor
633 796 662 847 et
678 790 758 846 calor
782 794 811 846 et
834 789 902 847 sitis
918 806 970 846 an·
1024 792 1107 858 Quod
1122 793 1148 850 si
1159 793 1263 850 venisti
1280 793 1389 850 missus
1402 793 1458 850 aab
1474 793 1724 864 nominechristi,

824 879 933 952 [guntr
1023 882 1054 939 Si
1069 882 1276 952 famulaturus,
1292 883 1440 940 tumulum
1460 882 1536 952 lodo,
1553 887 1620 956 post
1635 884 1796 944 rediturus.

144 971 229 1030 Cedit
243 973 287 1029 vie
303 972 401 1039 annis,
417 970 548 1028 sinuosis
563 968 684 1027 brachia
699 967 814 1042 pannis,
1024 971 1103 1028 Exue
1117 975 1270 1044 terrorem,
1284 971 1404 1029 solitum
1420 971 1537 1029 dedisce
1552 973 1680 1031 furorem
1699 993 1707 1043 ς

144 1062 204 1119 Prm
223 1062 358 1119 manibus
371 1059 472 1118 nullus
491 1059 561 1133 ligo,
576 1059 629 1115 sed
645 1075 697 1116 neo
720 1056 856 1116 sarculos
878 1056 968 1116 ullus.
1024 1058 1194 1118 Adlaudsm
1210 1061 1319 1118 Christi
1334 1062 1418 1119 cedet
1429 1060 1508 1134 quod
1523 1060 1626 1119 leceris
1641 1061 1703 1119 isti.

144 1152 220 1208 llum
236 1151 413 1224 doletatque
429 1153 530 1222 gemit,
547 1165 621 1206 nova
636 1165 682 1206 res
704 1147 832 1220 suspiria
854 1146 968 1205 demit:
1023 1150 1075 1206 His
1090 1151 1224 1208 nondum
1240 1150 1338 1213 dietis.
1355 1151 1468 1207 leritate
1485 1151 1634 1222 minisque
1648 1151 1776 1223 relictis,

145 1241 271 1298 Lumina
285 1243 444 1310 siccantur,
460 1239 529 1311 quia
544 1255 595 1310 spe
610 1238 731 1295 meliora
746 1242 897 1310 parantur.
1023 1242 1131 1297 Lenius
1146 1241 1265 1306 incedit,
1280 1246 1309 1296 et
1323 1240 1348 1297 ei
1364 1240 1409 1297 len
1425 1245 1580 1313 promptus
1595 1240 1707 1308 obedit,

26 1362 31 1371 =
145 1329 217 1387 Nam
236 1330 280 1386 leo
293 1328 404 1401 lugenti
421 1327 527 1383 sirnrlis
544 1328 691 1403 inuusque
709 1327 815 1384 colenti
1023 1333 1206 1402 Ignarusque
1222 1346 1311 1386 morae
1326 1336 1477 1387 momento
1492 1328 1589 1387 labilia
1603 1329 1682 1387 hore

146 1420 325 1490 Obsequium
351 1416 511 1490 spondens,
536 1417 668 1490 iramque
692 1416 843 1489 feramque
869 1432 969 1473 mecn-
1023 1420 1328 1491 Impletmandatum,
1345 1436 1488 1493 peregens
1504 1437 1578 1492 opus
1601 1419 1808 1479 acceleratum.

873 1504 969 1578 [dens.
1023 1513 1138 1567 lntarea
1153 1508 1316 1567 monachus
1327 1526 1427 1566 sacros
1441 1508 1479 1566 ad
1494 1511 1636 1567 sternitur
1650 1517 1758 1568 artus:

146 1596 261 1655 Vertioe
277 1598 425 1655 submisso
440 1598 531 1667 venit,
546 1597 684 1669 laetoque
704 1595 827 1653 remisso
1021 1596 1118 1656 Vestis
1133 1613 1201 1655 cum
1215 1596 1296 1655 nulls
1312 1599 1368 1654 nisi
1384 1600 1454 1656 trita
1465 1605 1609 1671 vetusque
1624 1598 1742 1656 cuculla

145 1685 260 1758 Adiecit
274 1694 392 1745 sanctas
408 1687 529 1744 bomilia
544 1685 721 1744 collambere
737 1685 860 1758 plantas.
983 1721 1007 1786 B
1022 1688 1090 1754 qua
1104 1687 1150 1744 vix
1167 1687 1293 1744 berebet
1306 1686 1362 1744 eibi
1374 1688 1437 1759 jam
1453 1693 1579 1744 contusa
1595 1690 1723 1761 tegebat.

145 1775 367 1834 ldiratostalcm
378 1784 438 1833 tam
453 1778 649 1848 devotumque
663 1774 806 1843 sodalem,
1021 1776 1266 1834 Hisindumentis
1285 1775 1407 1833 involvit
1422 1777 1553 1834 membra
1565 1776 1700 1849 jacentis,

143 1865 288 1923 attribuit
303 1866 417 1923 meritis
434 1864 567 1923 mulieris
582 1885 590 1934 ς
603 1865 682 1938 qood
697 1865 759 1921 lara
773 1863 865 1932 mitis,
1024 1866 1141 1924 Scilicet
1155 1866 1305 1939 ingentem
1317 1866 1500 1931 thesaurum,
1514 1868 1635 1939 jamque
1645 1869 1798 1941 gerentem

144 1953 225 2020 Quod
242 1954 287 2012 leo
302 1955 342 2012 sit
357 1955 444 2021 lenis,
458 1955 537 2028 qood
554 1970 661 2011 nomen
672 1952 792 2010 inhaesit
806 1951 914 2022 urania,¹
1023 1956 1168 2023 Quiddam
1184 1955 1362 2030 splendoris,
1379 1956 1521 2028 quiddam
1537 1956 1678 2012 solemnis
1691 1956 1803 2023 odoris,

145 2045 226 2108 Quod
243 2060 334 2117 snper
357 2044 464 2111 illuxit,
480 2050 508 2101 et
523 2060 590 2101 eum
604 2042 655 2101 lux
670 2043 776 2116 previa
789 2042 895 2111 duxit3
1023 2045 1167 2112 Quiddam
1185 2044 1355 2118 preclarum
1368 2048 1404 2101 dc
1420 2050 1536 2102 nectare
1551 2045 1749 2102 coelrcolerum

142 2131 224 2197 Quod
239 2133 403 2191 desolatam
418 2134 550 2204 custode,
561 2134 640 2207 qood
655 2131 862 2190 intumulatam
1022 2134 1143 2198 Femina
1154 2141 1321 2192 sanctorum
1340 2136 1473 2191 mercede
1488 2136 1572 2191 beata
1595 2135 1743 2200 laborum,

145 2226 208 2277 Non
220 2221 369 2279 infestavit
382 2224 453 2288 tera,
471 2240 529 2280 non
545 2221 670 2279 volucris
685 2220 833 2290 laceravit,
1022 2225 1065 2281 Ad
1080 2223 1229 2281 tumulum
1246 2225 1371 2289 vehitur,
1386 2223 1547 2281 temulente
1559 2225 1619 2280 lere
1644 2223 1795 2298 sepelitur.

131 2308 205 2381 ,Non
222 2311 309 2368 solvit
325 2329 448 2386 magnus
464 2314 569 2380 larvor,
585 2329 643 2369 nou
659 2312 773 2384 integer
785 2327 905 2379 enneae
1022 2315 1093 2372 lodo
1108 2330 1196 2372 senes
1212 2314 1342 2387 repedet,
1357 2313 1445 2385 lubet
1459 2319 1492 2370 ut
1503 2312 1548 2371 leo
1563 2330 1653 2370 verna
1668 2313 1797 2371 recedat.

140 2399 209 2458 lam
225 2401 403 2475 depingebat
417 2420 482 2474 quaa
497 2402 590 2475 gloria
606 2402 735 2459 membru
751 2402 889 2458 manebat
1022 2405 1091 2461 Visa
1105 2403 1184 2460 domi
1199 2402 1437 2469 recitat,deliotle
1451 2419 1569 2475 parcere
1583 2404 1677 2460 vitat:

140 2492 202 2549 eut
218 2494 321 2551 calidis
330 2495 424 2552 ventis
440 2493 640 2568 incorruptela
651 2493 788 2566 jacentis.
1023 2492 1168 2566 Increpat,
1185 2491 1329 2560 hortatur,
1345 2492 1470 2564 spondet
1487 2494 1571 2557 bona,
1600 2492 1673 2547 dure
1689 2491 1830 2549 minatur.

30 2610 35 2619 ·
141 2580 295 2639 'lotsimul
308 2589 337 2640 et
351 2584 442 2640 tantia
459 2587 596 2656 expertus
612 2583 688 2639 dona
702 2583 844 2640 Tonantis
1020 2583 1067 2639 Sio
1084 2583 1134 2638 ubi
1151 2580 1308 2654 complevit
1325 2581 1428 2654 viginti
1441 2579 1669 2653 lustraquievit.

618 2901 790 2977 ”w
830 2898 962 2996 VEN.
997 2897 1379 2994 HILDEBERTI

735 3097 1057 3169 ennonsnnnsrs
1083 3095 1261 3165 nrrseorr

380 3284 828 3410 LAMENTATIO
878 3282 1309 3411 PECCATRICIS
1358 3281 1610 3407 ANIMAE

144 3500 178 3575 ill
193 3502 258 3559 cod.
278 3501 387 3559 Toron.
412 3499 544 3557 biblioth.
570 3513 600 3556 n.
619 3498 674 3554 cte
697 3513 763 3555 nor.
789 3505 816 3554 at
837 3497 891 3552 222
910 3497 1014 3571 antiq,
1030 3497 1155 3569 primum
1178 3497 1246 3554 edit.
1269 3514 1286 3552 a
1310 3496 1386 3554 J.·ll.
1410 3495 1546 3553 Boenassl
1568 3492 1709 3554 mnonico
1733 3493 1855 3564 Teren.)

144 3740 217 3797 Cum
232 3740 297 3797 diss
307 3737 409 3796 mortis
424 3737 544 3803 venerit,
733 3736 882 3794 Horrendo
895 3736 954 3794 telo
969 3737 1103 3821 perculit.
1322 3735 1401 3792 llanc
1415 3737 1517 3792 tubam
1532 3749 1635 3791 omnes
1654 3733 1786 3806 audient,

145 3811 218 3868 Cum
235 3826 313 3866 mors
328 3826 431 3883 urgere
441 3811 571 3882 coeperit,
730 3813 918 3883 Montemque
938 3807 1010 3864 mrbi
1026 3807 1158 3864 abstulit.
1322 3813 1362 3864 De
1377 3808 1520 3881 sepulcris
1536 3821 1601 3862 mox
1622 3804 1769 3878 prodrent,

143 3882 227 3938 'lunc
240 3881 314 3937 mibi
329 3883 407 3938 risus
419 3884 521 3948 deerit,
732 3881 806 3946 Ouid
820 3881 917 3937 dicam
932 3881 967 3935 de
977 3878 1124 3936 tristitia?
1321 3879 1395 3944 Quid
1412 3883 1566 3950 gesserunt
1577 3877 1768 3950 prospiciant,

144 3953 226 4010 Tunc
240 3968 306 4010 sere
319 3951 416 4010 luctus
432 3954 524 4009 aderit
545 3972 553 4022 ς
733 3953 808 4017 Quid
823 3954 973 4025 quararde
987 3950 1107 4018 invidia,
1322 3950 1432 4008 Omnes
1446 3956 1531 4009 aetus
1546 3950 1689 4023 aperient.

145 4023 317 4082 Undaonoo
332 4026 421 4081 miser
430 4026 519 4093 rideo,
734 4025 813 4090 Oura,
829 4039 897 4080 oum
915 4029 1007 4079 matre
1022 4021 1161 4094 superbla
1322 4023 1404 4080 'l'nno
1420 4022 1468 4079 ills
1484 4025 1542 4080 ilex
1560 4020 1736 4084 altissimus,

146 4095 227 4154 Unde
242 4095 285 4153 aio
298 4096 518 4168 modogaudeo,
734 4096 811 4151 lions
822 4095 981 4167 prosternit
996 4095 1124 4152 curnis?
1322 4094 1376 4160 Oui
1393 4110 1471 4151 nunc
1486 4097 1581 4151 exstat
1606 4091 1768 4162 piissimus,

144 4168 239 4234 Quare
255 4184 312 4224 non
328 4185 445 4241 semper
459 4168 545 4242 lugeo
732 4168 882 4224 Portenta
898 4182 1026 4238 nomque
1042 4169 1126 4222 noxia
1321 4165 1415 4221 ludex
1429 4170 1485 4222 erit
1499 4165 1698 4239 justissimus,

143 4242 200 4296 Cur
217 4247 334 4311 paccata
346 4258 402 4298 non
417 4240 537 4297 defleo?
731 4241 803 4296 Cum
821 4238 877 4294 sim
895 4237 1137 4308 prolapsusvitis,
1323 4237 1471 4310 Vrrituque
1494 4235 1714 4294 serenissimus.

144 4310 221 4377 Ouid
237 4315 303 4369 boni
315 4314 432 4369 cbristo
442 4313 570 4368 delerem
732 4310 799 4375 Qus
813 4310 1004 4380 praestolabor
1020 4311 1142 4380 premia
1322 4309 1406 4366 llunc
1418 4315 1578 4382 tempestas
1599 4309 1768 4380 preveniat,

145 4384 219 4448 Quid
235 4387 401 4443 malacisso
421 4387 544 4443 referam
560 4383 574 4440 l
731 4382 793 4438 Nisi
810 4398 917 4455 magns
932 4379 1104 4454 supplicia?
1322 4380 1462 4454 lgnisque
1482 4396 1607 4450 magnus
1621 4381 1724 4451 prrsist

145 4454 243 4511 Vitam
258 4457 421 4541 contempsi
437 4472 598 4531 supernam
731 4455 868 4521 Quamvis
883 4453 960 4511 enirn
976 4454 1036 4509 bec
1052 4451 1155 4509 taciem
1322 4453 1376 4519 Qui
1391 4459 1485 4509 totum
1502 4452 1643 4508 mondum
1658 4451 1751 4520 liniet,

146 4531 250 4582 Amori
264 4543 332 4586 vero
349 4545 499 4587 miseram.
731 4526 813 4584 Licet
827 4526 954 4598 peccatis
968 4524 1105 4591 sarviam,
1321 4528 1404 4596 Aqua
1419 4524 1562 4597 restingui
1578 4522 1699 4579 nesciet.

148 4597 250 4670 Sprevi
266 4599 364 4657 divina
380 4602 501 4670 monlts,
731 4602 814 4654 Hanc
827 4603 927 4654 tamen
943 4595 1029 4651 vitam
1046 4596 1158 4660 tiniam,
1322 4596 1384 4651 lllio
1398 4601 1490 4651 emtus
1505 4594 1628 4667 angelici

38 4696 41 4703 ·
103 4687 105 4691 ’
146 4669 168 4725 ll
190 4669 199 4725 i
214 4685 331 4743 semper
344 4670 458 4741 illicita,
731 4670 774 4726 nd
789 4667 891 4726 mortis
904 4666 981 4724 diem
997 4667 1123 4724 reniam.
1322 4667 1469 4740 eborique
1482 4638 1691 4747 archangelici,
1707 4735 1714 4749 ι

174 4758 229 4799 ens
242 4741 328 4800 rnalis
343 4750 448 4816 sponte
464 4743 593 4811 subdita,
732 4742 891 4814 Postquam
907 4738 948 4797 nil
966 4738 1060 4812 quibo
1077 4740 1171 4797 lacere
1323 4743 1471 4795 Astabent
1485 4755 1602 4796 summo
1615 4736 1715 4819 Judror

82 4846 87 4851 -
144 4813 193 4870 dat
209 4814 294 4885 lacta,
311 4815 382 4872 beel
396 4817 518 4890 perdita.
731 4813 793 4879 Quo
809 4828 911 4885 prenae
927 4811 1039 4884 possim
1052 4811 1164 4884 lugere,
1321 4810 1464 4866 dlalorum
1480 4812 1554 4867 duro
1569 4810 1689 4865 vindict·

145 4884 303 4959 Nunquam
320 4903 366 4942 me
381 4895 459 4943 caste
476 4885 562 4952 colui,
731 4885 786 4939 Sed
803 4900 960 4940 consumar
973 4884 1003 4939 in
1016 4883 1123 4947 cinere,
1324 4882 1365 4936 lbi
1381 4883 1527 4955 prophete
1544 4880 1680 4945 ederunt,

143 4960 199 5013 Sed
218 4961 291 5014 t'mde
308 4959 395 5014 nimis
411 4958 513 5030 pollui,
732 4957 939 5026 Dissolrarque
954 4956 982 5010 in
1000 4954 1127 5026 pulvere.
1324 4953 1381 5008 lico
1396 4954 1566 5024 partriarchae
1583 4957 1720 5019 riserunt,

145 5030 233 5095 vtruo
249 5029 344 5100 putari
360 5031 449 5096 volui,
731 5030 839 5084 Arnara
852 5027 916 5083 dies
932 5027 1028 5081 veniet
1322 5025 1352 5081 ln
1366 5025 1538 5096 judicandis
1552 5030 1698 5098 praeerunt

147 5099 275 5157 Pedicas
290 5117 354 5158 esse
370 5102 459 5157 nolui.
732 5098 793 5164 Qus
805 5102 909 5168 justus
920 5097 1012 5167 judex
1026 5096 1132 5165 veniet,
1322 5099 1374 5164 Qnr
1394 5115 1471 5154 rruoc
1486 5104 1637 5154 mundana
1653 5097 1808 5163 (leserunt,

149 5171 285 5243 lejunsm
299 5172 356 5228 diei
371 5173 467 5243 cupio,
733 5174 787 5228 Per
799 5188 884 5242 quem
899 5169 1121 5241 ornnisrccipist
1321 5171 1429 5226 Tbreni
1447 5178 1595 5243 ponuntur
1610 5166 1752 5225 omnibns

149 5243 205 5298 Sed
221 5248 352 5300 ventrem
368 5244 457 5300 nimis
473 5243 573 5311 larcin,
734 5241 824 5297 iuxta
838 5240 1011 5314 quodmodo
1027 5241 1123 5296 laniet.
1323 5241 1461 5298 Pretiosis
1487 5241 1677 5315 martyribus,

148 5312 220 5370 Cibo
236 5320 364 5388 potuque
377 5316 468 5373 nimio
732 5314 813 5371 Tube
829 5317 970 5385 clangens
985 5312 1022 5368 ab
1037 5312 1144 5370 aethere
1320 5310 1486 5386 Christique
1501 5315 1731 5378 contessorttms,

148 5383 270 5445 Carnem
283 5387 350 5460 plus
364 5405 448 5463 equo
459 5387 568 5446 nutrio.
733 5389 840 5444 Omnes
853 5383 968 5456 iubebit
983 5399 1114 5457 surgere,
1319 5385 1438 5441 Necnon
1454 5386 1565 5442 sanctis
1588 5382 1766 5456 sirginibos,

150 5456 197 5512 lra
209 5473 256 5516 ma
269 5458 383 5517 voltum
400 5462 442 5517 sio
457 5458 575 5531 impulit
732 5456 776 5514 nd
791 5455 918 5514 tribunal
933 5469 1095 5525 occurrere,
1320 5456 1404 5514 'l'unc
1418 5457 1512 5514 tribus
1527 5463 1659 5530 surgent,
1674 5453 1776 5528 populi

147 5527 324 5602 Tropbsum
339 5548 416 5607 sepe
427 5533 539 5600 retulit,
732 5527 825 5597 lacta,
841 5527 983 5598 dictuque
997 5541 1140 5598 promere.
1321 5528 1579 5607 baomyinlantee,
1590 5527 1720 5607 parsuli,
