3802 6030
54 294 132 356 liti
767 290 1052 355 PHYSIOLOGUS.
1682 297 1762 358 {218

52 427 273 499 complevitque
288 442 375 482 suum
391 430 514 498 septena
525 427 590 484 luee
605 428 724 485 creator
893 431 919 496 Α
969 425 1003 476 st
1015 419 1083 493 quiet
1099 437 1166 478 vere
1180 422 1264 494 quies
1283 426 1337 495 est,
1354 423 1438 480 labor
1449 424 1528 482 hunc
1545 426 1669 495 domuit,

88 517 170 581 Quod
187 520 316 588 patrarat
330 531 422 587 opue;
440 516 553 572 cautius
564 517 622 574 iera
633 516 709 573 vide,
933 509 995 566 Non
1012 511 1065 578 sic,
1083 511 1133 567 sed
1150 511 1264 567 Domini
1281 528 1396 569 cessare
1411 513 1561 585 quiescere
1577 514 1646 571 dicit
1663 533 1669 572 :

52 604 98 660 Nil
118 605 222 661 iecisse
237 604 284 660 dis
300 604 440 660 Dominus
458 610 592 661 narratur
607 605 636 660 in
652 605 720 673 ista,
969 601 1041 657 Nom
1059 618 1133 657 nova
1148 603 1275 659 cessavit
1290 604 1414 661 condere
1429 608 1500 661 tunc
1518 620 1618 677 opere.

93 696 125 750 Et
140 695 212 750 dicit
227 695 302 766 qued
318 692 347 749 in
364 693 418 749 hac
433 693 499 750 luce
514 695 625 766 peregit
642 711 727 766 opus,
934 688 1015 752 Quod
1031 689 1056 743 sl
1068 691 1229 761 perspicius
1243 693 1342 748 animo
1357 692 1497 749 subtilius
1513 694 1579 760 lille,

53 783 83 840 Si
102 793 198 838 tamen
216 786 325 837 attente
336 788 462 853 spectes,
477 783 535 838 duo
551 783 627 838 lacte
642 781 775 850 videbis;
971 777 1051 842 000‘1
1067 778 1124 833 dici
1139 779 1231 850 possit
1244 779 1333 837 allius
1349 781 1489 838 iuvenies.

89 871 222 943 Namque
236 870 313 926 diem
330 871 436 926 recitet
452 870 600 927 benedixit
615 887 703 926 eum:
934 868 993 921 Nos
1007 883 1170 937 operamur,
1187 869 1224 924 ob
1241 869 1295 926 hoo
1310 887 1430 943 operum
1448 874 1580 930 mercede
1591 873 1698 945 juvati,

52 960 86 1016 et
100 960 173 1016 bene
188 963 294 1015 cuncta
309 959 384 1014 Deus
403 976 524 1015 numero
539 958 695 1032 complevit
708 959 739 1013 in
755 957 822 1025 isto,
968 955 1005 1012 ut
1019 958 1239 1029 requiescamus
1254 978 1262 1030 ;
1277 961 1327 1016 sod
1345 960 1448 1018 Deitas
1464 962 1559 1020 aliter.

88 1049 142 1105 Per
154 1064 239 1120 quom
256 1047 396 1104 circuitus
411 1052 672 1121 temporasemper
687 1054 790 1121 egunt.
932 1048 1043 1119 Nempe
1059 1047 1136 1103 Deus
1150 1049 1293 1105 muudum
1309 1049 1371 1106 sole
1387 1051 1515 1109 bonitate
1531 1054 1651 1123 creavit,

54 1140 112 1194 lico
127 1138 156 1193 ia
172 1137 237 1194 luce
250 1138 325 1193 lleus
340 1137 483 1210 requievit
497 1140 533 1194 ab
546 1138 685 1195 omnibus
703 1138 762 1194 illis
972 1137 1100 1210 indiguit
1115 1138 1217 1193 mundi
1233 1155 1291 1194 non
1307 1143 1405 1195 tamen
1421 1139 1471 1197 ille
1485 1140 1580 1200 bonis.

89 1231 157 1294 Ouae
174 1232 367 1300 perpetrarat3
385 1229 445 1284 hec
459 1246 575 1302 quoque
591 1229 669 1285 dicta
683 1235 762 1297 note,
932 1228 967 1283 itt
982 1244 1033 1284 nsc
1051 1228 1080 1282 in
1097 1228 1154 1296 his,
1171 1229 1221 1284 sed
1238 1229 1273 1283 ab
1290 1228 1336 1284 his
1352 1230 1504 1300 requievit,
1518 1232 1629 1289 nullius
1646 1234 1752 1291 horum
1833 1244 1881 1303 ἵ,

52 1322 117 1375 Non
134 1318 209 1374 Deus
225 1317 354 1373 humano
370 1318 503 1373 delesses
515 1335 594 1375 more
610 1319 729 1391 quievit,
972 1317 1093 1389 Indigus
1109 1335 1117 1388 3
1133 1322 1162 1373 et
1178 1317 1320 1385 tribuens,
1337 1334 1394 1374 non
1422 1319 1553 1391 requiem
1567 1321 1726 1393 accipiens.

844 1606 977 1667 INCIPl'l'

642 1803 1172 1905 HILDEBER'H

687 2030 957 2091 CENOMANENSIS
978 2030 1133 2088 emseort

608 2229 1217 2354 PHYSIOLOGUS.

505 2429 538 2500 (Ε
553 2444 604 2483 mc.
622 2428 702 2499 lteqio
716 2428 779 2483 274.
800 2428 869 2484 olim
882 2428 1047 2485 dinanensi.
1063 2427 1190 2485 Nondum
1203 2426 1316 2500 editas).

339 2722 442 2779 nse
457 2739 493 2778 oc
512 2737 611 2777 aeuus.
893 2723 1013 2790 BTunc
1027 2721 1085 2778 sibi
1100 2720 1142 2778 sol
1158 2722 1261 2779 ambas
1276 2721 1408 2779 incendit
1425 2722 1556 2779 fervidus
1570 2721 1646 2792 alas,

55 2815 129 2870 Tres
144 2812 188 2869 leo
204 2817 325 2868 naturas
340 2817 368 2868 et
382 2817 441 2867 tres
458 2810 546 2866 hebet
556 2810 624 2866 inde
640 2811 761 2882 ligures,
973 2814 1008 2866 sc
1020 2808 1127 2865 minuit
1142 2809 1280 2881 grandes,
1296 2809 1473 2882 alleviatque
1488 2825 1601 2882 graves.

56 2903 136 2967 Quas
153 2919 215 2974 ego,
230 2902 355 2969 Christe,
372 2899 424 2956 tibi
439 2899 484 2956 bis
501 2916 570 2957 seno
585 2898 714 2954 carmine
730 2897 846 2970 scripsi.
937 2900 1020 2956 Tunc
1035 2915 1150 2972 quoque
1165 2899 1259 2973 caligo
1274 2900 1458 2957 consumitur
1473 2900 1541 2974 igne
1555 2901 1721 2975 propinquo

59 2988 158 3047 Altera
172 2991 263 3047 divini
279 2993 444 3047 memorent
459 2987 600 3044 animetis
613 2986 693 3054 libri,
973 2988 1065 3052 Quam
1086 2988 1198 3044 confert
1211 2988 1305 3044 oeulis
1320 2989 1379 3044 vite
1393 2993 1507 3045 vetuste
1523 2988 1601 3046 suis.

58 3079 101 3135 De
116 3079 225 3151 quibus
239 3079 363 3152 apposui
380 3095 445 3151 qus
459 3094 561 3134 rursus
577 3076 703 3150 mystice
717 3076 795 3146 uovi,
939 3077 1004 3133 Mox
1018 3076 1090 3145 ruit,
1110 3081 1138 3133 et
1153 3076 1274 3148 liquidis
1290 3076 1377 3133 tontis
1395 3094 1426 3134 se
1444 3080 1549 3150 mergit
1564 3077 1594 3133 in
1612 3078 1712 3149 undis,

57 3169 188 3225 Tentans
203 3168 325 3224 dirersis
343 3168 366 3224 si
384 3183 500 3240 possem
516 3167 643 3224 scribere
666 3166 777 3223 metris.
969 3164 1064 3237 thue
1079 3164 1158 3220 cedit
1172 3165 1253 3234 nido,
1269 3165 1312 3220 sic
1329 3182 1403 3221 nova
1418 3166 1450 3221 fit
1464 3165 1576 3222 subito.

58 3258 119 3314 Nec
132 3273 285 3314 uulnerum
301 3263 432 3314 nostrum
447 3255 593 3328 complent
610 3254 700 3311 simul
723 3254 822 3311 addita
837 3271 886 3310 so·
940 3258 989 3309 list
1003 3260 1100 3309 autem
1116 3257 1245 3308 rostrum
1261 3270 1319 3326 quo
1335 3253 1466 3326 carpitur
1480 3269 1548 3312 esce
1563 3259 1702 3311 retortum
1809 3262 1812 3267 ’

754 3344 827 3418 llum
842 3362 850 3414 ;
974 3342 1026 3397 Vix
1040 3341 1116 3397 valet
1131 3358 1165 3397 ex
1180 3339 1280 3412 aliquo
1291 3357 1408 3398 sumere
1423 3358 1516 3415 pauca
1530 3343 1606 3400 cibo.

61 3434 136 3491 Nam
151 3436 195 3490 leo
211 3439 294 3492 stans
305 3433 386 3490 tortis
402 3449 492 3506 super
506 3431 566 3489 alta
592 3431 746 3489 cacumine
776 3430 888 3488 montis
941 3433 997 3490 Sed
1014 3431 1119 3489 leniens
1135 3438 1257 3505 petrem,
1273 3432 1317 3490 vel
1332 3434 1470 3490 mordeas
1484 3440 1517 3490 ut
1534 3433 1608 3491 solet
1622 3450 1721 3492 escam

63 3522 268 3596 Qualicunque
284 3523 327 3579 via
343 3521 495 3579 descendit
508 3521 593 3579 vallis
609 3523 643 3577 ad
661 3522 732 3594 ima,
975 3523 1081 3580 sitierit
1096 3522 1250 3595 obliquum
1264 3543 1272 3593 ;
1288 3524 1332 3581 sic
1346 3523 1424 3596 capit
1439 3525 1508 3581 inde
1524 3526 1633 3582 cibum.

63 3613 94 3667 Si
106 3617 276 3670 venatorem
289 3630 339 3684 per
355 3617 456 3667 notum
473 3611 563 3667 sentit
578 3612 709 3680 odorem,
941 3614 993 3670 Est
1006 3613 1094 3669 bomo
1111 3613 1236 3685 peccetis
1251 3630 1313 3684 ques
1329 3612 1446 3669 suntab
1461 3613 1574 3686 origine
1590 3613 1694 3670 metris

65 3702 167 3759 Gauda
183 3708 288 3759 cuncta
304 3702 378 3769 linit,
396 3718 459 3774 que
478 3719 526 3774 pes
540 3701 661 3774 vestigia
676 3702 749 3773 tigit,
978 3702 1077 3769 Qualis
1092 3702 1169 3757 idom
1188 3706 1233 3758 esl
1246 3701 1362 3775 aquilae
1379 3703 1432 3759 sed
1448 3706 1605 3759 renovatur
1616 3702 1666 3758 itu.

65 3794 218 3856 Quatenus
234 3793 301 3850 iude
315 3811 403 3849 suum
421 3811 477 3848 non
495 3794 587 3864 possit
603 3808 729 3862 querere
744 3791 882 3849 lustrum.
942 3790 1055 3847 Nubem
1073 3792 1261 3861 transcendit,
1279 3790 1409 3864 solisque
1426 3790 1562 3847 incendia
1574 3792 1674 3858 sentit,

66 3881 159 3937 Natus
174 3899 232 3938 non
248 3882 348 3953 vigilat
363 3883 433 3937 dum
450 3882 492 3937 sol
510 3897 540 3935 sc
556 3881 642 3936 terlio
658 3885 749 3953 gyret,
978 3879 1119 3936 Mundum
1135 3898 1203 3937 cum
1221 3882 1335 3954 pompis
1351 3879 1537 3952 despiciendo
1554 3879 1634 3936 suis.

65 3972 121 4026 Sed
136 3973 209 4026 dans
226 3972 355 4045 rugitum
372 3976 455 4043 pater
469 3972 530 4041 ejus
546 3970 671 4025 suscitat
685 3969 780 4027 illum.
942 3968 988 4025 Fit
1001 3985 1094 4025 novus
1110 3971 1139 4025 in
1156 3969 1270 4025 Christo
1281 3976 1326 4027 ter
1340 3986 1455 4026 mersus
1468 3968 1584 4042 gurgite
1597 3969 1661 4026 vivo
1677 3968 1744 4040 (ts).

65 4062 149 4116 Tunc
165 4061 251 4133 quasi
263 4060 464 4128 vivescit,tunc
481 4074 586 4115 sensus
602 4058 733 4132 quinque
748 4059 889 4131 capescit,
904 4085 927 4153 c
982 4057 1022 4114 Do
1035 4075 1083 4114 se:
1099 4059 1168 4116 Sum
1184 4060 1354 4130 vivusions,
1369 4056 1474 4115 altillo
1489 4060 1567 4131 pius.

65 4151 101 4206 lit
116 4151 232 4222 quoties
248 4150 359 4206 dormit
374 4166 427 4205 sua
443 4165 595 4220 nunquam
619 4149 732 4204 lumina
747 4148 868 4205 claudit.
945 4146 984 4204 Os
999 4149 1068 4204 terit
1083 4147 1236 4221 obliquum
1253 4165 1304 4221 per
1316 4150 1405 4205 verbe
1421 4146 1571 4220 precantis
1582 4144 1731 4201 Christum

65 4240 113 4296 Sic
128 4239 182 4295 tibi
199 4240 248 4312 qui
265 4239 374 4297 summi
391 4239 501 4294 resides
516 4238 547 4293 in
563 4235 690 4294 culmine
705 4237 783 4305 coeli,
985 4238 1065 4305 Quod
1080 4238 1213 4295 Christus
1229 4242 1310 4311 petre
1325 4237 1374 4308 sit,
1391 4236 1487 4292 littere
1503 4251 1578 4306 sepe
1594 4231 1671 4289 tulit.

63 4332 137 4384 Cum
152 4327 240 4385 libuit
254 4328 373 4385 tandem
390 4331 536 4384 terrenam
555 4327 649 4385 visere
666 4331 788 4400 partem,
948 4329 1054 4383 1174
1068 4329 1134 4385 lem
1151 4345 1244 4385 novus
1259 4335 1302 4384 sst
1315 4327 1399 4399 penis
1411 4340 1499 4396 super
1514 4321 1612 4380 omnio
1629 4319 1719 4378 mella

63 4417 104 4475 Ut
118 4435 212 4490 genus
228 4419 391 4474 humanum
407 4417 550 4474 relevares
565 4416 687 4472 crimine
701 4416 827 4490 lapsum,
1605 4411 1735 4484 [saeviet
1844 4410 1847 4415 ’

66 4506 130 4564 Non
147 4509 266 4580 penitus
281 4511 385 4563 notum
401 4508 454 4562 tuit
473 4506 522 4561 ulli
541 4506 753 4561 demoniorum
983 4506 1071 4565 Panis
1087 4507 1112 4564 is
1126 4511 1171 4564 est
1184 4507 1328 4574 Christus,
1346 4506 1379 4561 fit
1394 4504 1457 4561 sine
1473 4506 1565 4559 morte
1581 4502 1677 4560 cibus.

64 4595 186 4651 Viscera
201 4598 295 4653 Marica
312 4597 376 4663 tibi,
389 4597 511 4662 Christe,
529 4595 620 4650 luisse
636 4594 742 4664 cubile,
1256 4612 1292 4650 os
1321 4610 1461 4651 cocusso.

65 4687 102 4739 Et
116 4686 164 4755 qui
180 4691 208 4741 ts
223 4687 334 4758 genuit,
348 4684 478 4741 triduum
496 4692 559 4756 post
574 4700 695 4756 surgere
711 4685 788 4754 lecit,
945 4686 1012 4742 Jem
1028 4701 1114 4742 senex
1129 4700 1250 4756 serpens
1265 4702 1359 4741 novus
1375 4700 1440 4740 esse
1455 4685 1578 4756 gaudet,

65 4778 139 4832 Cum
156 4779 259 4834 mortis
275 4778 390 4847 vindex,
407 4782 531 4832 mortem
561 4775 656 4833 crucis
674 4777 735 4847 ipse
764 4777 890 4833 subires.
947 4778 1039 4846 Atque
1051 4774 1190 4845 jejunans
1205 4774 1297 4830 macie
1314 4773 1476 4845 perhorret.

65 4868 110 4922 Tu
128 4885 181 4923 uos
196 4868 338 4933 custodis,
355 4872 384 4921 tu
403 4865 482 4920 nullo
495 4869 627 4937 tempore
643 4864 767 4932 dormis,
947 4863 1033 4921 Pellis
1049 4863 1150 4918 ellectu
1165 4862 1283 4931 tremit;
1300 4880 1375 4927 osse,
1393 4879 1451 4918 nou
1467 4860 1522 4929 vie,

63 4957 107 5013 Ne
123 4957 409 5029 dematquemquem
427 4953 545 5026 proprio
572 4952 660 5025 iupus
691 4970 706 5008 o
734 4968 822 5026 grego
849 4971 893 5010 ra·
1247 4952 1315 5009 Sola
1336 4953 1472 5009 manetis.

748 5042 854 5116 [ptum.
947 5044 1056 5110 Ouarit
1070 5046 1229 5115 augustum
1246 5042 1353 5115 lapidis
1370 5043 1512 5110 toramen,

396 5151 431 5189 ns
450 5150 563 5197 source.
948 5134 1000 5189 Vix
1017 5150 1138 5190 movens
1154 5149 1229 5201 sese,
1246 5134 1425 5207 veniensque
1439 5132 1558 5189 tandem

64 5228 139 5284 Esse
155 5225 252 5281 lerunt
267 5225 396 5297 aquilam
410 5241 499 5296 super
513 5237 599 5277 omne
622 5219 739 5276 volatile
755 5220 891 5293 primam,
949 5224 1020 5281 inde
1035 5223 1204 5295 pertransit,
1215 5222 1382 5297 spoliatque
1397 5239 1515 5280 carnem

104 5318 171 5381 Qus
188 5331 218 5371 se
234 5315 276 5370 sic
292 5317 412 5370 renovet
428 5313 546 5384 quando
563 5314 680 5366 senecta
695 5315 806 5382 gravat.
1248 5312 1327 5371 Pelle
1342 5318 1467 5371 vetuste.

64 5411 145 5463 Fons
162 5405 210 5461 ubi
228 5407 267 5460 sit
281 5403 387 5477 quarit
398 5404 449 5477 qui
466 5417 617 5473 nunquam
634 5415 751 5456 currere
766 5401 853 5470 desit,
948 5407 1027 5471 Quas
1042 5402 1112 5460 libet
1127 5402 1205 5460 rivos
1224 5409 1358 5479 repetens
1371 5420 1517 5477 equorum

103 5494 137 5551 tit
152 5511 240 5568 super
254 5495 334 5550 huuc
349 5491 420 5550 celo
436 5493 526 5563 litque
541 5486 706 5563 propinque
721 5489 789 5548 ileo.
905 5453 928 5518 D
946 5494 981 5552 Ut
996 5494 1076 5552 sitim
1091 5493 1194 5567 perdat
1204 5494 1278 5567 jecit
1291 5499 1359 5552 ants
1376 5496 1474 5554 virus:

103 5594 161 5668 (ts)
177 5594 252 5652 Note
267 5594 450 5666 baptismum
467 5607 519 5664 per
531 5588 761 5646 immersionem.
