3802 6030
77 268 139 329 ΤΠ
471 271 684 336 subitonus
706 277 757 336 DE
779 276 974 339 DIVDilSIS.
999 310 1037 320 -
1058 278 1110 337 iu
1133 274 1400 338 sacertotibus,
1727 285 1788 344 iis

77 400 158 458 enim
176 401 291 460 Domini
308 406 439 478 exposita
450 408 840 483 estomnibus,quadoceat
855 427 906 468 vos
922 423 946 488 Α
962 410 1322 483 iustruiUude'scriptum
1334 415 1379 467 est
1392 413 1421 468 in
1435 411 1514 485 lega:
1534 414 1612 470 «Nou
1624 413 1782 472 maledicas

77 490 386 561 avitiismundari,et
397 496 555 555 virtutibus
572 499 713 556 decorari.
731 500 830 574 Legite
840 517 907 573 crgo
960 501 1061 570 surdo,
1078 517 1130 557 nec
1145 517 1242 556 coram
1254 517 1328 557 econ
1343 517 1433 572 pones
1459 502 1667 559 offendiculum
1684 504 1784 576 (derit.

75 580 257 655 Scripturas,
273 589 374 641 vacate
388 584 516 654 lectioni,
534 594 562 645 ct
578 594 610 644 ut
633 589 715 646 vobis
739 590 907 647 edificatio·
959 591 1088 661 simil).
1106 591 1226 646 »surdo
1242 589 1400 657 maledicit,
1417 594 1465 662 qui
1494 593 1608 648 absenti
1628 594 1779 663 detrabit;
1881 616 1885 623 ·

78 686 147 727 uem
163 672 330 740 inveniritis,
345 680 375 730 at
388 692 497 748 pascue
510 678 630 752 copiosa
641 680 720 752 gregi
731 684 825 736 aestro
841 696 907 752 sug·
959 698 1034 739 crseo
1050 680 1258 737 ollsudieulum
1276 681 1367 752 ponit,
1384 682 1435 752 qui
1451 681 1579 754 aliquem
1597 683 1782 754 ignorantem

77 760 536 836 geratis:«0uaecunqueenim,
556 768 907 842 utaitApostolus,scri·
959 774 1133 847 etignarum
1148 774 1223 830 falsa
1238 774 1423 843 predicando
1438 775 1569 833 ollendit.
1602 775 1684 832 Unde
1714 776 1783 833 alibi

78 854 132 923 pta
143 855 223 918 sunt,
241 852 276 908 ad
291 859 421 910 nostram
438 857 602 913 doctrinam
615 858 904 930 scriptascriptom.
958 863 1073 936 Moyses
1089 862 1258 920 sib-«Non
1285 879 1365 919 seres
1394 880 1498 936 agrum
1527 865 1641 921 diverso
1671 865 1783 922 semine

77 957 128 1012 xv,
139 940 200 1012 ⁴l·’
213 940 275 997 Non
292 941 371 998 enim
388 948 540 1018 tantopere
554 946 667 1020 antiqui
679 952 780 1003 Patres
803 956 906 1021 priete-
957 951 1048 1024 (itin,
1065 952 1119 1024 19).
1137 972 1151 1003 r
1167 954 1242 1024 liger
1256 956 1285 1007 et
1296 951 1422 1008 Ecclesia
1444 953 1505 1016 Dei,
1527 971 1614 1026 quem
1647 955 1785 1026 pradica-

78 1029 311 1088 ritavoluissent
325 1032 444 1106 scriptis
455 1036 602 1092 memoriae
617 1037 835 1106 commendare,
848 1037 904 1093 nisi
957 1044 1035 1097 tores
1050 1040 1162 1097 semine
1177 1040 1256 1096 verbi
1272 1039 1419 1105 rellciunt,
1441 1046 1473 1096 ut
1498 1041 1539 1096 ait
1564 1041 1728 1115 Apostolus,
1745 1042 1782 1100 ad

77 1119 265 1177 laborassent
276 1126 407 1193 posteros
424 1140 475 1196 per
487 1125 653 1198 exemplum
673 1127 828 1184 aediilcare.
844 1127 904 1184 iili·
957 1130 1106 1200 sulq'ectos
1130 1128 1192 1186 Dei.
1210 1133 1319 1202 Agrum
1337 1134 1435 1185 autem
1451 1129 1502 1186 Dei
1518 1131 1591 1187 serit
1605 1131 1719 1188 diverso
1734 1146 1782 1188 se·

74 1211 133 1273 ter,
141 1208 218 1264 sicut
232 1210 275 1265 ait
290 1211 443 1281 Dominus,
460 1212 542 1270 eritis
556 1215 623 1270 caci
647 1216 736 1273 duces
761 1231 903 1272 caecorum
956 1220 1046 1289 mine,
1059 1219 1108 1291 qui
1126 1221 1201 1276 falsa
1211 1219 1381 1277 commiscet
1395 1220 1512 1276 veritati
1524 1220 1553 1277 iu
1565 1221 1783 1294 predicatione.

74 1296 182 1368 (naut.
195 1314 242 1370 xv,
254 1298 353 1372 dimisi
364 1301 438 1357 viam
448 1305 633 1376 cognoscatis
643 1305 762 1377 quatiat
777 1305 903 1362 ducatus
955 1309 1061 1374 Quales
1075 1313 1171 1365 autem
1189 1309 1353 1366 sacerdotes
1371 1325 1436 1365 esse
1455 1310 1600 1378 convenil,
1623 1326 1713 1382 quain
1729 1311 1785 1368 ior·

73 1386 260 1445 ovium.«ltt
274 1387 357 1445 valde
369 1391 566 1463 periculosum
583 1393 901 1465 est,utnitGregorius‚
955 1404 1012 1466 tes,
1028 1415 1118 1471 quam
1137 1398 1264 1455 audaces
1279 1397 1356 1454 eirca
1371 1414 1472 1469 agrum
1494 1398 1785 1458 Dominiuuslodien-
1866 1404 1869 1411 '

74 1482 107 1534 ut
123 1477 175 1550 qui
190 1477 286 1534 nescit
299 1482 398 1538 tenere
414 1482 613 1540 moderamina
629 1483 692 1539 vitae
715 1501 786 1556 sua,
812 1484 902 1556 judex
954 1490 1023 1545 dum
1040 1488 1178 1545 describit
1199 1486 1336 1544 Salomon
1361 1488 1390 1543 in
1415 1487 1542 1546 canticis
1567 1490 1640 1558 suis,
1657 1490 1778 1547 dicens:

73 1565 127 1624 ilat
142 1566 254 1625 aliena.
269 1568 428 1627 »cecitate
446 1572 525 1627 euim
542 1572 572 1628 in
592 1571 645 1628 viis
664 1572 800 1646 [fluuius]
825 1571 901 1629 mul·
955 1600 969 1629 a
983 1578 1132 1634 Lentulum
1149 1576 1314 1634 Salomonis
1325 1576 1479 1650 sexaginta
1493 1578 1582 1634 furtes
1598 1579 1782 1649 ambiunt,ex

73 1656 172 1713 titudo
186 1673 328 1715 caseorum
350 1659 464 1731 peribit.
489 1660 574 1727 Nam,
591 1684 606 1712 «
623 1662 647 1718 si
675 1678 768 1719 cacus
792 1677 901 1719 cacum
954 1667 1123 1725 fortissimis
1139 1666 1239 1736 lsrael,
1261 1683 1365 1723 omnes
1388 1670 1521 1723 tenentes
1545 1666 1669 1740 gladios,
1695 1674 1724 1726 et
1738 1668 1777 1727 ad

74 1746 177 1817 ducat,
189 1747 276 1804 ambo
293 1747 321 1804 iu
343 1749 453 1806 foveam
477 1751 587 1806 cadunt
618 1751 681 1824 (it,
693 1750 783 1822 ibid).
798 1772 813 1803 a
831 1755 900 1807 Ecce
954 1755 1031 1812 bella
1045 1755 1220 1814 doctissimi.
1232 1755 1469 1828 Uniusquusque
1489 1755 1568 1812 ensis
1580 1770 1670 1828 super
1686 1757 1781 1814 lemur

75 1833 243 1898 formares
254 1837 446 1910 precipitium
464 1844 530 1896 ante
546 1840 650 1896 faciem
669 1845 806 1896 vestram.
831 1840 902 1897 licre
917 1795 940 1863 B
955 1846 1031 1903 002
1047 1862 1147 1912 suum,
1165 1850 1280 1916 propter
1294 1845 1415 1901 timores
1445 1849 1603 1902 nocturnos
1628 1845 1718 1919 (Cant.
1735 1862 1780 1916 iii,

75 1922 389 1998 inimicusspiritualis
404 1927 535 1999 quotidie
550 1928 631 1986 vobis
645 1929 760 1985 ruinam
786 1928 897 1986 maelii·
953 1933 1778 2009 7).i>VerusSalomouChristusesseintelligitur,quia
1859 1938 1862 1943 '

74 2018 176 2085 natur,
191 2018 220 2071 et
234 2031 285 2071 vos
306 2017 443 2074 tenebras
458 2017 565 2075 erroris
580 2018 667 2075 vestri
687 2017 837 2089 discendo,
857 2016 898 2074 le·
953 2041 1051 2082 revera
1074 2023 1214 2097 pacificus
1228 2027 1282 2089 est,
1299 2021 1349 2093 qui
1367 2024 1478 2077 Patrem
1495 2038 1583 2078 suum
1599 2023 1776 2080 cumomni.

71 2105 181 2176 gendo,
199 2121 257 2162 non
281 2108 391 2164 curatis
419 2108 573 2181 expellere.
599 2108 674 2166 Proh
699 2107 805 2166 dulor?
831 2124 899 2164 uum
952 2115 1008 2172 bus
1019 2110 1303 2186 [iuppbominibus]
1318 2109 1489 2183 pacificavit,
1502 2115 1534 2166 ut
1547 2111 1589 2168 ait
1599 2111 1778 2184 Apostolus:

70 2195 219 2254 deberetis
230 2212 294 2254 esse
310 2197 476 2270 exemplum
497 2199 646 2267 bonitatis,
667 2199 737 2256 estis
765 2198 899 2272 exempla
953 2227 966 2254 «
979 2207 1049 2260 cuin
1067 2200 1179 2258 inimici
1192 2214 1332 2268 essemus,
1344 2198 1522 2256 reconciliati
1537 2216 1641 2257 sumus
1657 2201 1779 2274 Deoper
1846 2232 1851 2244 =

71 2285 191 2344 erroris.
208 2285 293 2356 Nam,
309 2284 334 2342 si
350 2288 485 2344 sacerdos
495 2288 583 2356 cidit,
595 2292 706 2362 quanto
719 2288 791 2344 001
807 2287 899 2360 magis
953 2300 1074 2350 mortem
1086 2289 1150 2347 llilii
1166 2289 1213 2346 sui
1224 2290 1312 2360 (ilum.
1328 2304 1357 2356 v,
1374 2289 1428 2359 io).
1442 2312 1455 2338 n
1470 2287 1609 2345 Salomon
1619 2293 1716 2346 autem
1730 2289 1778 2347 in-

71 2377 201 2450 populus
215 2376 336 2450 peribit?
348 2377 466 2435 Undein
481 2378 536 2434 loli
552 2377 677 2452 legitur:
700 2402 713 2430 a
730 2378 759 2435 Si
776 2383 852 2434 Deus
867 2378 897 2433 in
952 2385 1130 2454 terpretatur
1138 2378 1276 2452 purificus.
1307 2377 1443 2435 Lectulus
1460 2377 1626 2435 Salomonis
1654 2395 1775 2452 congre-

74 2464 191 2540 angelis
205 2467 267 2524 auia
283 2468 390 2540 reperit
411 2469 594 2539 pravitatem,
615 2473 726 2542 quanto
755 2467 850 2541 magis
866 2466 897 2523 hi
950 2472 1026 2545 gatio
1037 2469 1169 2527 ildelium
1185 2473 1240 2539 est,
1257 2468 1285 2524 in
1301 2485 1358 2541 qus
1383 2467 1527 2525 Dominus
1555 2466 1670 2525 habitat
1683 2473 1713 2525 et
1727 2485 1774 2526 re·

70 2557 125 2630 qui
140 2555 272 2613 habitant
287 2557 394 2614 domus
409 2556 514 2629 luteas,
540 2558 589 2628 qui
615 2563 763 2614 terrenum
788 2557 898 2615 habent
950 2560 1085 2635 quiescit.
1097 2557 1249 2616 Lentulum
1265 2574 1331 2613 vero
1349 2556 1485 2613 ambiunt
1499 2556 1649 2631 sexaginta
1674 2557 1775 2628 fortes,

70 2645 311 2713 fundamentum,
323 2654 534 2703 consumentur
546 2646 654 2705 veluta
674 2647 767 2704 tinea?
783 2646 842 2717 (lob
858 2664 895 2712 iv,
950 2649 1063 2707 scilicet
1077 2647 1188 2721 prelati
1204 2645 1338 2703 Ecclesia
1353 2650 1383 2701 et
1398 2645 1574 2712 sacerdotes,
1604 2645 1655 2718 qui
1677 2646 1776 2704 deien-

71 2739 148 2811 19.)»
162 2738 215 2796 iiio
230 2755 281 2811 per
297 2741 417 2810 angelos
432 2740 483 2797 Dei
502 2739 706 2811 intelliguntur
720 2743 897 2808 sacerdotes,
950 2739 1045 2797 dendo
1060 2736 1243 2794 circumeunt
1269 2733 1413 2790 civitatem
1439 2733 1568 2803 Domini,
1596 2740 1625 2792 et
1639 2735 1776 2793 nituntur

69 2831 266 2904 quisaluiem
293 2830 462 2889 bominibus
491 2832 646 2889 nuntiant:
679 2831 895 2905 angelusenim
949 2837 1050 2887 contra
1064 2827 1135 2885 vitia
1149 2833 1177 2883 et
1191 2830 1291 2883 contra
1306 2824 1475 2899 spirituales
1487 2825 1632 2894 inimicos,
1647 2826 1776 2900 quiideo
1865 2824 1869 2831 “

69 2921 190 2977 nundus
205 2920 423 2994 intorpretatur.
438 2922 518 2990 Quod
531 2921 668 2979 sacerdos
682 2922 806 2995 angelus
821 2922 898 2977 dica·
949 2918 1102 2991 sexaginta
1116 2917 1254 2973 dicuntur
1275 2930 1350 2985 esse,
1366 2914 1436 2986 quia
1454 2915 1575 2987 perlecti
1605 2916 1728 2972 veniunt
1742 2916 1774 2973 in

64 3013 127 3078 tur,
143 3008 244 3067 audite
255 3009 601 3068 Malachiamdieentem:
619 3010 896 3068 cLabiasacerdotis
948 3016 1161 3087 praceptorum
1187 3007 1303 3065 Domini
1329 3007 1543 3063 observatione.
1568 3008 1726 3081 Sexaginta
1741 3024 1774 3065 ex
1862 3012 1868 3025 “

65 3099 243 3157 custodiunt
258 3098 422 3167 scientiam,
441 3106 468 3155 et
496 3099 590 3172 legem
612 3099 761 3172 requirent
783 3116 817 3156 er
845 3115 894 3155 ore
948 3101 1064 3159 senario
1078 3102 1107 3155 et
1121 3095 1241 3154 denario
1256 3095 1462 3152 coniiciuntur.
1479 3095 1619 3151 Senarius
1632 3111 1769 3168 veroper·

63 3186 223 3260 ejus‚quia
241 3185 365 3259 angelus
379 3187 492 3244 Domini
521 3188 756 3244 exercituumest
785 3169 1101 3260 (natanlltectionem
1118 3186 1263 3257 designat,
1278 3183 1348 3255 quia
1361 3199 1410 3238 sei
1426 3183 1531 3240 diebus
1542 3199 1693 3256 operasua
1706 3199 1771 3257 per·
1846 3191 1848 3195 “

62 3293 98 3345 ιι,
113 3279 182 3350 il.»
198 3275 359 3335 saculares
383 3281 481 3334 autam
503 3276 641 3334 homines
664 3279 769 3334 domos
796 3278 891 3335 luteas
946 3279 1014 3336 iecit
1033 3269 1178 3344 Deuaet
1207 3272 1330 3345 septimo
1355 3270 1507 3344 requievit.
1529 3272 1673 3330 Donatius
1700 3290 1768 3332 vero

71 3365 208 3424 babitare
231 3366 381 3436 dicuntur,
398 3367 466 3439 quia
480 3383 601 3439 corpora
615 3383 716 3423 eorum
733 3365 793 3424 luto
807 3367 892 3424 uitio·
945 3371 1044 3426 decem
1059 3367 1202 3439 precepta
1211 3361 1285 3435 legis
1295 3360 1456 3433 significat.
1473 3362 1573 3433 ltaque
1588 3378 1768 3435 persexage·
1865 3372 1869 3379 '

68 3472 137 3513 rum
160 3455 281 3513 omniuo
306 3456 472 3524 ioedautur;
488 3460 516 3513 et
538 3457 562 3513 si
578 3457 721 3514 Dominus
736 3457 765 3513 iu
781 3456 893 3529 angelis
944 3450 1356 3525 nariumnumerum,perlooti
1365 3450 1395 3505 in
1408 3449 1543 3522 prasenti
1551 3449 1767 3524 intelliguntur.
1781 3491 1786 3497 -

65 3545 133 3602 suis
148 3545 255 3617 reperit
271 3546 453 3618 pravitatem,
470 3551 578 3619 quanto
595 3546 688 3619 magis
698 3545 729 3602 hi
743 3546 794 3619 qui
814 3546 895 3603 habi·
946 3546 990 3604 llli
1006 3542 1113 3616 accepti
1129 3548 1199 3600 sunt
1213 3540 1249 3597 de
1264 3538 1431 3597 fortissimis
1444 3538 1656 3596 Israel.0mnea
1672 3540 1772 3598 ildeles
1857 3592 1860 3599 .

64 3640 134 3693 tant
148 3635 253 3693 domos
277 3635 380 3703 luteas,
407 3637 540 3693 uidelicet
563 3636 718 3695 saculares
746 3636 893 3704 homines,
946 3633 1034 3692 lsrael
1053 3629 1238 3705 appellantur
1253 3632 1393 3699 tanquam
1409 3627 1502 3684 Deum
1519 3627 1659 3684 videntes.
1678 3628 1769 3685 lsrael

69 3729 285 3782 consumentur
299 3724 377 3781 velut
389 3742 408 3780 a
419 3725 500 3782 tinas
513 3725 661 3784 vitiorum.
947 3725 1056 3786 nutam,
1074 3718 1117 3776 nir
1135 3719 1230 3774 videns
1254 3717 1339 3772 Deum
1365 3715 1585 3788 interpretatur.
1602 3714 1767 3774 Fortissimi

100 3812 193 3871 Tinea
207 3813 243 3869 de
263 3817 343 3870 ueste
366 3814 509 3880 nascitur,
528 3820 556 3870 et
580 3815 713 3870 eamdam
732 3817 841 3871 vestem
857 3814 893 3871 de
947 3809 1036 3868 lsrael
1052 3806 1207 3865 Ecclesiam
1215 3807 1335 3860 tuentur
1345 3803 1541 3875 predicando,
1556 3809 1586 3860 et
1594 3803 1630 3860 ab
1648 3803 1770 3861 incursu

67 3920 130 3977 qua
143 3903 277 3962 nascitur
292 3904 420 3961 rodendo
435 3905 605 3978 corrumpit.
614 3905 720 3962 liudem
731 3905 818 3963 modo
829 3921 894 3963 curo
947 3899 1165 3964 daemonum30t
1176 3895 1212 3951 ab
1224 3891 1446 3966 impugnatione
1454 3891 1657 3950 hereticorum
1673 3892 1772 3951 delen·
1881 3976 1885 3987 Α

68 3993 162 4051 vestis
177 3997 222 4050 est
240 3993 354 4051 anima.
379 3994 431 4050 Sed
462 3993 523 4050 boec
551 3994 641 4051 vestis
669 3993 757 4051 babet
783 3996 893 4051 tineam
946 3991 1014 4047 dere
1029 3989 1182 4045 noverunt.

65 4100 165 4154 snam,
180 4084 298 4158 quiade
311 4084 484 4158 ipsavitium
495 4084 700 4156 nascitur,quu
714 4086 893 4159 cerojugiter

66 4175 473 4246 laniatur.ltaqueoportetut
487 4174 741 4240 sacerdotes,beue
757 4176 891 4245 visendo,
982 4167 1140 4240 Sequitur:
1158 4164 1258 4223 Omnes
1284 4163 1391 4234 gladios
1414 4169 1544 4229 terrentes,
1568 4162 1596 4218 id
1623 4168 1668 4220 est
1682 4164 1769 4236 spiri·

65 4262 123 4321 sibi
139 4267 271 4334 cassant,
286 4278 321 4319 ns
337 4261 415 4319 male
429 4262 550 4319 vivendo
563 4263 619 4319 eibi
636 4267 665 4319 et
679 4263 746 4320 aliis
757 4270 890 4321 noceant.
944 4258 1023 4319 tuale
1039 4258 1160 4313 verbum
1178 4255 1237 4310 Dei.
1257 4253 1381 4309 Verbum
1398 4251 1449 4351 Dei
1466 4252 1530 4307 ideo
1553 4250 1670 4324 gladius
1684 4269 1770 4311 voca·

64 4353 190 4424 Nam,si
214 4353 373 4426 negligenti
395 4352 578 4426 providentia
605 4369 719 4423 eorum,
743 4353 786 4410 vel
814 4354 892 4411 mala
943 4354 1002 4415 tur,
1015 4347 1086 4420 quil
1099 4341 1300 4416 ⁸i⁰¹¹lsslssdl⁰⁸
1310 4341 1411 4396 h⁰⁸t0⁵
1425 4343 1678 4440 lmlusslfflirfi‘ff
1688 4345 1771 4440 uim·

63 4441 318 4501 oxhortioneoves
344 4441 463 4499 Domini
491 4446 621 4514 pereant,
651 4444 772 4513 dignum
801 4447 893 4499 estut
945 4453 1002 4511 que
1026 4439 1108 4509 parte
1129 4431 1276 4501 secet,sic
1305 4427 1469 4485 etverburii
1493 4427 1544 4484 Dei
1565 4429 1770 4500 spiritualibus

61 4552 78 4591 a
93 4531 213 4589 oculum
227 4547 277 4602 pro
293 4530 398 4589 oculo·
415 4530 600 4600 amittant,ut
616 4535 792 4604 preceptum
808 4532 893 4588 estin
906 4517 930 4585 D
947 4525 1076 4584 inimicis
1091 4521 1241 4593 objicitur,
1257 4523 1286 4574 et
1301 4517 1565 4617 vitiepradicantis
1578 4517 1685 4591 pariter
1693 4524 1772 4577 secat

59 4620 138 4694 lege(
149 4622 314 4688 imitans,
337 4620 393 4688 20).
409 4619 561 4684 Quomodo
591 4624 688 4676 autem
705 4619 735 4675 in
762 4619 891 4677 Ecclesia
945 4619 974 4673 et
989 4611 1145 4671 audientis.
1162 4610 1204 4666 Ad
1221 4608 1298 4665 bella
1310 4607 1556 4707 suntlortissimi,
1567 4608 1637 4679 qula
1653 4625 1771 4668 necesse

61 4710 234 4782 oouluspro
259 4709 344 4767 oculo
370 4710 467 4776 datur,
496 4707 571 4764 scire
600 4709 721 4764 debetis.
752 4710 891 4766 Sacerdos
945 4711 991 4762 est
1003 4708 1035 4760 ut
1049 4698 1212 4776 spiritualis
1222 4696 1315 4771 praelii
1330 4703 1392 4753 arte
1408 4701 1468 4752 sint
1484 4697 1632 4767 instructi,
1648 4700 1700 4773 qui
1715 4702 1769 4757 ad·

59 4799 168 4857 oculus
183 4803 229 4856 est
246 4804 275 4856 et
291 4800 421 4872 provisor
436 4799 601 4855 commissa
616 4795 763 4866 Ecclesia,
793 4815 830 4854 ne
846 4797 890 4855 lu·
945 4787 1772 4863 versueapiritualeshostessuutpugnaturi.Sequitur:
1860 4810 1866 4815 ·

63 4906 133 4966 pue,
149 4889 260 4945 subitis
275 4888 424 4945 morsibus
438 4902 506 4943 oves
530 4887 647 4943 Domini
662 4886 799 4945 dilaniet:
827 4890 889 4957 sed,
946 4881 1163 4971 uniuscuiusque
1179 4877 1252 4934 ensis
1272 4889 1354 4946 super
1368 4876 1461 4945 femur
1474 4890 1566 4931 auum.
1584 4881 1638 4934 Per
1665 4877 1771 4949 lemur,

55 4973 890 5048 ouuioculumintelligentiiealicujussimplicisetidiotae,
946 4970 1081 5030 carnales
1095 4966 1263 5039 voluptates
1276 4963 1493 5036 intelliguntur.
1508 4965 1679 5023 Sacerdotes
1693 4969 1773 5025 enim

57 5067 106 5125 vel
131 5066 204 5125 ialss
226 5066 420 5139 praedicando,
438 5064 481 5121 vsl
508 5065 584 5120 male
599 5065 720 5121 vivendo
745 5067 891 5137 praevertit
946 5077 1036 5133 super
1050 5059 1145 5114 iemur
1160 5070 1246 5111 enses
1260 5057 1371 5121 teuent,
1386 5053 1456 5125 quin
1482 5070 1540 5109 non
1562 5055 1656 5112 solum
1685 5058 1774 5115 verbo

61 5159 127 5234 {seii
143 5156 304 5231 pervertitl,
319 5156 405 5213 debet
418 5159 447 5211 et
462 5170 550 5212 suum
561 5155 676 5211 oculum
700 5156 844 5223 amittere,
863 5155 891 5212 id
946 5151 996 5209 Dei
1011 5147 1159 5218 subjectos
1173 5144 1260 5201 debet
1274 5142 1441 5209 ostendere,
1468 5144 1519 5199 sed
1535 5146 1621 5200 eliam
1637 5144 1773 5219 uolupta-
1873 5172 1877 5177 ·

65 5252 112 5306 est
123 5247 302 5321 provisionis
317 5246 459 5317 cilicium,
484 5262 537 5301 nec
565 5244 668 5301 oculus
683 5244 817 5301 Ecclesia
828 5261 893 5302 esse
946 5246 1002 5311 tes,
1016 5253 1080 5311 quia
1106 5234 1136 5289 iu
1159 5233 1202 5289 eis
1227 5231 1426 5300 dominantur,
1451 5233 1553 5287 codem
1572 5232 1659 5289 modu
1672 5235 1774 5306 oppri-

63 5337 248 5413 permittitur
258 5335 391 5393 ulterius.
399 5339 500 5407 ltaque
512 5337 629 5391 desinat
639 5334 814 5392 esseoculus
825 5336 894 5392 aliu-
947 5344 1045 5396 mere;
1062 5323 1166 5382 ethan
1181 5318 1281 5378 omnia
1295 5326 1366 5376 sunt
1382 5326 1501 5424 propter
1514 5323 1634 5425 timores
1654 5327 1772 5424 noctuq-

61 5443 143 5498 rum,
155 5427 208 5500 qul
221 5424 361 5484 exstinxit
375 5425 475 5481 oculos
495 5425 687 5496 sujectorum.
714 5425 743 5481 Si
760 5423 834 5482 enim
849 5431 893 5482 est
947 5436 1013 5483 nos,
1030 5417 1057 5472 id
1076 5418 1120 5472 est
1136 5420 1255 5512 propter
1269 5412 1398 5511 occultas
1414 5411 1535 5512 iusidias
1551 5412 1672 5514 maligui
1690 5428 1777 5513 spiri·

62 5516 174 5590 aliquis
187 5515 309 5589 ignarus
321 5518 351 5570 et
360 5512 460 5584 idiota,
473 5529 531 5570 nou
547 5513 633 5570 debet
657 5512 730 5570 sales
753 5513 893 5586 pradica-
947 5513 1007 5577 tua,
1020 5505 1072 5579 qui
1088 5506 1171 5560 nocte
1186 5500 1277 5572 liujus
1293 5499 1393 5556 saeculi
1408 5506 1530 5568 sanetis,
1542 5517 1668 5559 maxime
1682 5515 1773 5599 quiin

57 5604 147 5664 tione
163 5601 341 5677 perturbari,
357 5601 409 5660 ssd
420 5601 506 5659 debet
518 5602 554 5658 ad
571 5600 692 5659 meliora
707 5585 892 5669 convertitel
949 5593 1079 5655 Sceleris
1094 5591 1296 5665 praeminent,
1312 5589 1504 5658 insidiantur,
1512 5594 1544 5644 ut
1560 5588 1619 5647 illis
1634 5592 1774 5655 deceptis,

200 5733 339 5799 ermon.
361 5731 491 5795 CLXXI.
1618 5715 1667 5774 Ἃ
