3802 6030
61 224 147 318 m

60 387 90 446 et
113 389 224 446 crimen
240 388 314 444 luris
329 388 437 459 solum,
450 391 516 448 ierit
529 396 608 451 astru
623 395 735 452 securis
752 411 759 464 ;

60 481 114 542 Qut
129 478 227 535 scelus
242 480 387 550 adnectat,
407 481 485 537 hunc
500 482 623 554 amplior
639 485 710 542 ultio
726 485 833 543 flectet.

65 568 140 641 Ergo
157 569 266 639 peccati
283 569 322 624 sit
337 587 422 640 poeon
437 570 543 643 duplet
561 571 716 645 duplicati,

61 659 142 724 Quod
163 657 208 712 his
227 667 362 728 peccatur
382 661 475 733 ptunis
489 665 518 716 et
533 668 626 717 morte
644 663 752 721 luutur.

99 746 152 802 lile
169 747 225 803 uus
242 749 323 804 tortis
339 753 524 822 flagransque
539 752 678 824 cupidine
691 751 794 808 mortis

61 841 115 892 Pro
132 838 225 893 nihilo
237 843 379 908 repuluns
391 846 517 897 terrores
532 839 565 909 ¹²,
583 839 668 897 verbe
686 845 817 899 retutsns

64 924 127 982 Non
146 924 167 960 ¹⁸
178 928 279 981 retulit
291 927 531 1000 verberit,'regem
544 931 709 1002 spernendo
725 929 888 1004 superbum

64 1014 185 1070 irritare
200 1015 301 1073 volens
316 1016 405 1085 hunc,
421 1024 450 1073 et
464 1017 520 1074 sihi
532 1035 649 1090 parcere
668 1019 780 1077 nolens.

62 1104 144 1160 Tunc
157 1103 244 1161 delus
258 1103 363 1163 insano
380 1107 496 1178 pretori
510 1106 676 1177 Valeriano,

63 1193 168 1252 lm
182 1193 260 1258 Ques
272 1211 330 1251 nun
342 1195 608 1269 frustreturpoenes
619 1197 742 1257 tolersrs
755 1199 887 1271 jubetur,

59 1282 96 1337 Ni
112 1283 181 1338 volit
196 1285 349 1341 incensum
367 1284 436 1341 ders
451 1285 509 1354 dis,
525 1294 553 1343 et
567 1287 688 1344 reddere
703 1302 837 1348 censum.

61 1371 192 1429 Reddere
207 1377 258 1428 sed
274 1389 408 1443 censum,
424 1373 466 1431 vel
482 1376 518 1430 sd
534 1376 613 1433 ldols
634 1376 748 1434 dectere
764 1394 886 1436 sensum

59 1460 140 1515 Istud
157 1458 284 1528 nolebat,
300 1463 370 1534 quie
386 1463 495 1521 Christi
510 1481 594 1522 secru
604 1467 719 1523 colebut
734 1486 742 1536 3

60 1549 142 1607 Istud
158 1554 183 1605 si
198 1557 317 1622 cuperet
334 1552 368 1618 ¹⁸,
381 1553 515 1625 jamnon
530 1559 593 1611 erut
609 1555 686 1612 unde
698 1554 816 1628 unieret,

58 1637 149 1695 iussa
163 1642 314 1713 sequendo
330 1645 410 1700 senis
425 1660 492 1700 cum
508 1653 612 1702 cunctat
627 1644 758 1704 dedisset
772 1646 884 1722 egenis.

639 257 791 324 inustis
813 259 863 322 DE
885 265 916 323 S.
942 254 1182 327 huetberte.
1209 286 1211 291 ·

1687 237 1773 317 teto·

900 397 927 464 Α
943 395 992 452 liis
1008 397 1032 453 si
1050 397 1193 471 parueris,
1204 396 1324 469 viteque
1337 390 1481 463 bonisque
1492 388 1618 459 irueris3

942 485 1031 543 Crede
1049 488 1122 544 meis
1139 486 1244 547 verbis.
1256 491 1284 540 et
1299 483 1396 540 dule‘u
1412 482 1516 554 praeler
1533 477 1647 535 acerbis

941 576 976 633 Et
990 577 1090 651 dignis
1106 578 1183 634 credi
1201 577 1345 634 credendo
1362 575 1486 629 libenter
1499 569 1597 637 obedi,

940 668 983 721 Ns
1003 667 1088 723 mulis
1104 668 1152 723 ire
1168 684 1237 725 icus
1253 662 1414 738 imperialis
1427 662 1507 718 obire

941 753 965 790 ²⁶
981 756 1112 812 Primum
1126 763 1246 812 rexatus
1261 772 1311 828 per
1326 752 1472 808 inauditos
1487 748 1648 814 cruciatus,

940 847 1036 912 Quem
1053 846 1119 903 telin
1136 847 1193 902 dici
1211 846 1316 902 merito
1331 842 1435 916 iugulis
1451 839 1549 897 nmini.

976 933 1103 991 Sunctue
1112 936 1146 991 ad
1158 936 1211 991 istu
1220 932 1385 1000 refert:0ui
1397 931 1517 988 mitibus
1533 943 1637 1002 aspere
1647 925 1765 1000 prefert

939 1025 1034 1080 ilente
1050 1029 1131 1081 csret
1145 1024 1241 1098 plane,
1258 1040 1318 1079 rem
1337 1020 1459 1092 spernit,
1475 1023 1574 1090 ceptut
1599 1015 1698 1074 inens.

939 1111 1044 1172 Mortis
1059 1115 1163 1171 acerba
1178 1115 1250 1186 peti,
1265 1128 1355 1186 quum
1372 1111 1468 1168 vivere
1483 1114 1560 1167 sorte
1579 1107 1656 1166 beati

938 1205 967 1260 ei
982 1220 1031 1262 me
1044 1202 1131 1262 malle
1147 1208 1241 1276 putes,
1261 1220 1315 1274 pro
1331 1201 1414 1258 telsis
1428 1216 1497 1257 vern
1511 1198 1633 1256 refutes.

937 1292 1019 1350 Nune
1034 1294 1070 1351 ds
1087 1292 1234 1350 thesauris
1250 1299 1301 1348 tun
1313 1289 1384 1363 quid
1400 1288 1506 1363 loquer
1520 1288 1620 1344 audiet
1635 1283 1726 1343 euris.

938 1384 971 1458 1¹¹
985 1383 1067 1449 Currit
1081 1399 1150 1440 vera
1165 1381 1247 1439 labor
1264 1382 1405 1455 prolerre,
1421 1394 1475 1435 nec
1489 1375 1643 1433 inficiabor

937 1473 1199 1542 setabitanus,
1216 1471 1333 1545 quondo
1348 1486 1407 1526 non
1422 1484 1508 1525 eruor
1521 1464 1690 1522 inficiendo.

937 1562 1031 1620 (isses
1044 1559 1187 1629 occultes,
1201 1561 1302 1634 ignoto
1314 1559 1442 1633 pondere
1456 1551 1557 1627 fultus]

937 1652 1015 1718 Ouus
1031 1650 1103 1707 mihi
1119 1649 1243 1722 servavi,
1259 1665 1333 1720 quos
1348 1645 1440 1703 multu
1457 1646 1555 1700 tenore
1569 1642 1645 1716 pusi,

96 1727 273 1802 Hyppnlitus
288 1732 404 1787 tendum
421 1749 522 1790 curem
539 1734 671 1806 suscepit
685 1733 819 1793 eumdem
898 1740 1026 1822 Bilasn
1042 1745 1071 1798 te
1086 1738 1109 1776 ¹⁸
1124 1756 1237 1814 precor,
1249 1756 1266 1796 s
1276 1744 1305 1795 te
1317 1752 1395 1794 nuuc
1410 1748 1526 1809 quoque
1536 1731 1615 1804 regie
1628 1724 1754 1802 [sicine]

59 1816 149 1876 Jussu
171 1822 303 1889 presteris
319 1819 352 1877 ¹⁸.
370 1820 508 1879 Praetoris
519 1824 587 1895 iure
602 1826 724 1882 minoris

59 1906 238 1979 Carcerequi
250 1907 397 1977 clausum,
414 1912 765 1988 tanrrunmsscspitalsquiu
776 1930 884 1974 ausum

58 1994 159 2053 Vinxit
174 2014 240 2054 cum
255 1999 355 2056 inultis
373 2001 478 2073 ptenuli
492 1998 517 2036 ¹⁶
533 2005 776 2077 morte'sepultis.

59 2083 123 2141 Nox
136 2092 166 2142 et
182 2103 281 2144 cureer
294 2089 321 2144 ei
337 2092 465 2162 requies,
485 2089 680 2165 splendorque
696 2093 763 2148 diei.

61 2172 114 2229 Hic
125 2178 282 2248 quemdem
296 2194 403 2234 cecum
417 2181 591 2236 residentem
604 2182 633 2237 in
645 2198 760 2240 cercere
772 2198 883 2253 secum,

60 2264 115 2329 Qui
132 2281 183 2337 per
198 2267 329 2338 plorutus
346 2269 454 2326 nimios
469 2278 530 2326 eret
544 2270 723 2343 exoculatus,

61 2353 185 2411 Numine
203 2357 356 2422 Lucillum,
376 2359 523 2416 docuisset
537 2377 604 2415 curn
626 2361 707 2433 prius
728 2360 812 2418 ilium

60 2443 152 2501 Corde
169 2445 217 2501 [lei
232 2447 290 2502 veri
304 2463 387 2504 sacre
402 2451 520 2506 credere
536 2451 568 2522 ¹¹,
585 2467 652 2508 vers
672 2451 758 2508 lateri

58 2536 207 2604 Brptismo
222 2535 302 2600 levit,
320 2539 476 2612 visumque
491 2541 547 2595 sihi
566 2543 719 2614 repererit,

58 2624 113 2679 Per
128 2623 234 2680 lavacri
252 2625 360 2683 [lumen
378 2629 452 2685 dens
469 2632 591 2687 interius
615 2648 729 2704 quoque
757 2630 884 2694 lumen:

59 2712 109 2769 Sio
128 2713 202 2770 nlius
218 2716 296 2773 idern
313 2734 404 2774 cecos
420 2720 531 2774 curavit
549 2721 668 2790 ibidem,

59 2802 113 2868 Qui
130 2805 208 2860 ierne
222 2805 287 2860 lecti
304 2804 420 2862 luerent
437 2807 505 2863 hinc
522 2810 543 2844 ¹⁸
559 2810 626 2866 inde
641 2812 745 2870 cuncti.

60 2892 112 2948 His
129 2899 227 2949 motus
243 2894 347 2968 signis,
363 2900 460 2954 verbis
476 2916 593 2975 quoque
611 2913 734 2975 martyre
750 2901 848 2976 dignis

61 2985 195 3055 creperet
212 2984 383 3059 llyppulitus
398 2992 520 3062 gentiles
535 2990 559 3027 ¹⁹
574 3008 680 3064 ponere
695 2993 768 3048 ritus

64 3070 99 3128 hit
115 3075 180 3130 tidei
199 3071 269 3131 ve'rae
286 3079 432 3135 culturum
447 3079 522 3136 uelle
538 3085 648 3137 tenere.

64 3160 131 3219 Mon
146 3169 337 3222 sacrementis
353 3169 491 3224 doctrine
506 3168 530 3204 ¹⁰
544 3174 649 3226 cuncis
664 3169 814 3243 sequentis

68 3255 187 3312 Plenius
198 3257 371 3324 instructus,
388 3259 475 3316 solito
488 3261 569 3316 subit
584 3261 685 3316 ordine
695 3259 802 3316 ductus

69 3344 164 3401 Divini
181 3346 270 3403 lontis
286 3348 336 3421 qui
350 3346 372 3382 ’¹
388 3347 458 3406 levit
474 3349 599 3405 crimine
618 3348 721 3418 sontis,

1562 1817 1688 1896 [precor.

938 1920 967 1976 si
985 1929 1093 1993 posset,
1109 1917 1171 1976 deri
1187 1932 1323 1992 cuperem
1340 1913 1412 1972 mihi
1428 1917 1512 1987 ports
1535 1910 1623 1980 tueri,

937 2008 1062 2067 decturae
1077 2010 1144 2066 iulis
1159 2006 1305 2066 cunctatio
1320 2005 1358 2062 eit
1372 2002 1504 2070 venialis,

939 2100 991 2158 His
1005 2102 1111 2175 opibus
1123 2110 1232 2156 temere
1246 2098 1314 2171 quis
1330 2094 1422 2168 possit
1436 2092 1510 2149 velle
1524 2088 1653 2148 cerere?

939 2191 993 2247 Sed
1008 2196 1058 2246 tue
1074 2191 1265 2260 mejeelesaet
1279 2185 1399 2241 Gesseris
1413 2184 1473 2239 ulta
1488 2186 1617 2254 potestus

940 2276 1046 2332 Rerum
1059 2277 1182 2348 Jaclure
1196 2273 1399 2346 preponderat
1413 2275 1539 2342 utruque
1558 2269 1628 2341 June
1644 2285 1652 2337 3

939 2346 1082 2423 Preteres
1096 2366 1243 2439 geminem
1258 2363 1321 2418 uites
1341 2377 1507 2432 censusque
1520 2358 1635 2414 ruinam

938 2456 1019 2513 Velle
1034 2456 1144 2522 subire,
1161 2457 1261 2524 luror3
1278 2452 1303 2509 si
1318 2452 1436 2509 demnis
1455 2449 1541 2507 unius
1561 2464 1639 2516 uror,

939 2548 1138 2614 emissarius,
1153 2562 1265 2619 nequeo
1282 2546 1407 2600 retinere
1423 2541 1523 2614 cupite
1539 2555 1548 2607 3

938 2635 1237 2701 stetinensium,
1253 2634 1344 2689 levius
1360 2648 1420 2688 retu
1439 2630 1526 2703 perdo
1542 2627 1683 2699 cupitum.

938 2725 1061 2798 Expedit
1075 2724 1251 2782 alterutrum
1269 2722 1442 2795 mihiquem
1456 2719 1579 2776 retinere
1588 2714 1624 2792 [Ι.
1637 2711 1767 2772 derelin-

1432 2806 1545 2884 [quere]
1563 2811 1700 2862 neutrum
1721 2820 1729 2876 3

938 2905 994 2962 Sed
1012 2904 1080 2977 quie
1096 2919 1258 2975 suspensus
1273 2900 1309 2959 de
1326 2898 1399 2955 tenti
1414 2911 1536 2971 corpore
1552 2910 1659 2952 census

938 2999 999 3052 Hoc
1013 2994 1197 3052 diversorum
1214 2991 1309 3063 spursi
1322 3006 1373 3062 per
1387 2986 1411 3024 ¹⁹
1427 2989 1510 3059 plere
1533 2985 1674 3041 lucorum.

942 3070 1762 3148 dstsdsdunundum”triduumtempusrnibidandum.

943 3174 964 3210 ⁸¹
981 3172 1129 3230 Intellecta
1147 3187 1249 3243 parum
1263 3167 1414 3240 responsio
1431 3165 1508 3221 lullit
1522 3179 1655 3231 suerum,

941 3262 999 3321 Nec
1014 3262 1094 3318 venit
1108 3257 1145 3316 ud
1164 3275 1264 3315 rurum
1281 3257 1421 3329 deeeptus
1436 3254 1564 3317 imuuine
1579 3266 1688 3310 rerum.

940 3350 1053 3407 Gaudet
1072 3349 1226 3421 preelectus
1242 3344 1388 3419 celerique
1402 3342 1542 3418 cupidine
1556 3347 1656 3399 vectus

68 3431 100 3489 ln
117 3451 174 3507 quo
191 3437 351 3494 inundatus
370 3437 513 3511 lacrymas
537 3438 617 3495 dedit
640 3444 728 3513 utque
752 3444 888 3513 precatus
941 3441 1006 3496 lieo
1022 3439 1107 3495 liscio
1123 3436 1226 3495 recitet
1242 3461 1250 3505 ;
1266 3450 1333 3510 spes
1348 3434 1550 3505 huncquoque
1567 3428 1761 3489 irivoiuditet.

69 3521 104 3579 Ut
117 3541 170 3581 suu
185 3542 267 3582 more
282 3527 345 3598 puri
360 3528 466 3585 dumus
481 3534 557 3586 esset
572 3529 661 3603 digus
679 3530 779 3587 levari.

67 3612 142 3687 Ergo
157 3632 231 3672 suus
243 3622 321 3673 totus
331 3634 401 3691 grex
416 3627 444 3676 et
460 3620 635 3692 baptismate
654 3619 743 3678 lutus.

68 3701 237 3774 Deposuers
251 3705 414 3780 decemper
428 3725 513 3765 sucre
527 3709 551 3746 ²¹
567 3710 682 3783 piuculu
697 3709 796 3768 recem

68 3791 184 3863 Terque
199 3794 286 3850 simul
298 3798 372 3852 terni
390 3798 536 3870 proprium
549 3798 670 3872 vitiique
686 3801 802 3872 paterni

66 3884 223 3938 Postmodo
239 3901 311 3954 quos
326 3891 433 3953 lentos,
450 3892 479 3941 et
495 3886 616 3944 Gesseris
631 3904 701 3944 ense
716 3893 853 3948 cruentet

70 3971 225 4043 Hyppolito
237 3976 358 4044 junctos
373 3973 517 4030 decoravit
533 3975 633 4033 lettres
653 3981 784 4034 cunctos.

102 4060 118 4116 J
124 4063 203 4118 ussio
220 4065 350 4135 pretoris
362 4065 442 4122 venit
458 4065 536 4121 illico
554 4066 637 4140 plena
662 4067 770 4125 furoris

69 4149 251 4224 Discipulum
266 4153 338 4209 sixti
354 4154 409 4210 sibi
427 4156 598 4228 precipiens
612 4155 671 4212 cito
686 4155 763 4222 sisti,

68 4240 158 4306 Quem
173 4243 216 4298 sie
231 4241 358 4301 edetur:
381 4245 482 4301 itecius
498 4245 550 4300 tibi
566 4262 641 4302 seve
657 4246 798 4314 minatur,

67 4330 159 4386 Gutus
174 4331 304 4388 occultus
320 4332 376 4389 nisi
392 4331 416 4368 ²³
430 4333 539 4407 prodis,
561 4351 633 4405 ques
647 4335 703 4392 tibi
720 4335 828 4392 multus
902 4397 906 4403 ,

67 4418 138 4474 Esse
150 4420 285 4491 frequens
299 4423 383 4478 testis
399 4423 632 4495 probatindiciis
658 4424 832 4482 manifestis.
903 4443 906 4449 ·

940 3533 977 3586 At
991 3526 1097 3585 christi
1114 3525 1200 3584 miles
1216 3524 1270 3582 hos
1289 3540 1356 3582 esse
1371 3524 1500 3597 probans
1515 3519 1572 3579 sibl
1586 3517 1658 3578 viles

941 3619 1048 3685 Ouerit
1061 3617 1215 3675 mendicos
1231 3631 1283 3690 per
1297 3629 1394 3687 sepes,
1406 3612 1545 3686 compita,
1566 3610 1658 3680 vicos,

940 3710 1050 3766 Surdus
1065 3716 1092 3764 et
1108 3711 1218 3777 mutos,
1234 3721 1325 3763 caeeos
1339 3701 1365 3740 ⁸¹
1384 3704 1586 3776 membrisque
1605 3701 1729 3770 solutos,

942 3799 1072 3865 Onerum
1090 3795 1289 3869 pregrandern
1301 3793 1420 3850 turbem
1432 3792 1489 3849 cito
1500 3798 1615 3862 unctus,
1631 3791 1765 3847 eumdem

941 3886 1070 3943 Previns
1085 3885 1149 3957 ipse
1162 3883 1261 3959 gregis
1275 3883 1298 3919 ⁸⁸
1312 3884 1396 3940 ducit
1410 3883 1446 3938 ad
1463 3881 1599 3954 presteris
1618 3880 1704 3952 regie.

942 3975 1002 4032 Rex
1016 3974 1213 4048 exspectabat,
1229 3973 1435 4045 gremiumque
1447 3968 1765 4042 munumquepursbat,

941 4065 1133 4138 Stipebetque
1147 4061 1224 4119 iulus
1240 4061 1297 4118 eibi
1311 4068 1417 4134 praetor
1431 4064 1461 4116 et
1476 4060 1540 4132 ipse
1556 4064 1675 4132 pertitus

941 4156 992 4212 ilis
1008 4169 1109 4211 succos
1124 4153 1227 4225 plenos
1241 4150 1429 4224 sperantibus
1444 4146 1526 4206 obdit
1541 4162 1660 4221 egenos.

940 4247 986 4301 Sic
997 4244 1153 4299 dilatetutn
1168 4242 1273 4315 jejune
1289 4241 1379 4312 pestis
1399 4238 1525 4306 hielum,

941 4337 978 4392 ttt
991 4348 1101 4391 vacuos
1117 4347 1235 4388 morsus
1248 4328 1353 4397 eludit,
1368 4328 1467 4385 teliter
1481 4342 1568 4384 orsus
1584 4343 1591 4381 :

938 4423 976 4481 ni
991 4430 1062 4480 sunt
1076 4418 1205 4478 thesauri
1223 4418 1350 4493 potiores
1366 4416 1518 4473 montibus
1532 4414 1597 4472 euri
1618 4431 1626 4483 3

66 4506 124 4564 lius
139 4509 226 4583 igitur
240 4510 264 4548 ²⁴
282 4513 399 4584 peteris,
414 4518 443 4567 et
459 4514 505 4569 dis
521 4514 589 4570 dere
604 4513 694 4570 thure
706 4514 831 4587 juberis.
902 4498 925 4564 D
940 4512 990 4568 His
1010 4513 1120 4569 cedunt
1136 4508 1220 4581 plene
1237 4507 1366 4582 pretiose
1379 4506 1488 4563 uellere
1500 4506 1585 4563 lene.

64 4595 89 4635 ²⁸
104 4599 173 4665 Ques
188 4599 276 4657 lucius
291 4601 349 4657 duo
363 4604 434 4657 sunt
450 4626 457 4671 3
474 4609 609 4660 neutrum
632 4608 741 4678 gravet,
761 4615 885 4678 utruque
940 4600 966 4638 ³⁸
980 4601 1031 4659 His
1047 4601 1160 4674 lapides
1177 4599 1258 4656 chari
1276 4613 1333 4653 non
1347 4601 1472 4668 possunt
1489 4593 1667 4668 equiperari
1681 4610 1690 4666 3

697 4691 847 4767 [prosunt.

941 4691 1001 4750 ilos
1015 4693 1173 4764 nequeunt
1188 4688 1269 4746 iures
1284 4683 1460 4758 subducere,
1481 4686 1582 4744 rodere
1607 4699 1716 4742 mures.

902 4824 958 4852 “aa

106 4945 128 4979 ¹¹
155 4944 269 5008 dinen..
295 4943 405 5001 blundo.
435 4949 476 5001 lta
521 4953 550 5004 et
592 4944 665 5004 edit.
710 4947 781 5006 Red.
823 4946 847 4982 ¹⁸
887 4939 965 5004 Edit.
1002 4944 1073 5001 hed.
1113 4938 1222 5022 elien
1262 4946 1386 5011 reterens
1406 4937 1549 5022 uestem.
1578 4939 1681 5009 spreuit
1707 4938 1773 4994 relt-

68 5014 152 5071 cendn
180 5017 336 5088 superbum.
368 5017 391 5053 ¹⁶
417 5017 479 5074 Eln.
508 5024 537 5076 et
561 5021 648 5086 edit,
679 5021 760 5094 quod,
791 5019 814 5057 ¹⁸
836 5016 1010 5077 biennensis
1037 5012 1125 5071 hebet
1147 5013 1223 5084 tens
1237 5017 1358 5095 pretore
1370 5024 1497 5066 minores.
1514 5010 1535 5045 ¹⁸
1551 5009 1667 5093 hinnit?
1682 5021 1771 5089 nocte.

70 5086 90 5122 Π
120 5087 192 5154 Eln.‚
220 5104 291 5144 ecce.
322 5085 345 5124 ¹⁸
369 5087 442 5156 hin„
471 5089 537 5162 ispe.
568 5089 595 5131 ¹⁹
628 5091 697 5149 Eln.
725 5103 753 5150 et
767 5092 849 5162 edit,
862 5106 999 5164 spernere.
1016 5087 1040 5124 ²⁰
1055 5087 1132 5155 Ein„
1147 5089 1233 5140 certo.
1248 5082 1270 5118 ⁸¹
1288 5083 1361 5167 hin..
1377 5092 1489 5153 perpet.
1504 5080 1529 5165 ξ’
1544 5082 1620 5148 tuln..
1633 5096 1772 5162 ptumum.

69 5158 92 5194 ¹³
108 5158 182 5223 Ele„
197 5160 303 5230 pendit,
328 5157 351 5194 ¹⁸
367 5160 439 5215 eutr.
456 5163 523 5218 iisd.
542 5182 549 5220 :
580 5168 648 5222 Ilua
673 5169 763 5238 ipitur
788 5180 879 5236 pierius
893 5168 919 5220 et
933 5162 986 5220 dis.
1008 5159 1113 5217 Melius
1129 5172 1204 5240 mss·
1218 5161 1325 5226 peteres.
1341 5153 1366 5188 '⁸
1380 5152 1445 5237 Quae
1457 5155 1556 5236 [mres.
1572 5159 1627 5209 stc.
1644 5159 1695 5237 tlte
1706 5167 1773 5207 tero

68 5237 237 5300 etsequens
267 5232 373 5286 desunt
393 5232 419 5287 in
449 5234 515 5291 edit.
544 5236 621 5294 iisd.
652 5236 681 5273 ¹⁶
698 5242 833 5306 Primum,
848 5241 903 5292 etc.
919 5234 970 5292 Hic
984 5247 1086 5289 uersus
1101 5231 1183 5286 deest
1197 5242 1226 5283 tn
1243 5242 1299 5281 ms.
1315 5225 1344 5283 S.
1361 5224 1494 5280 Murrani.
1510 5223 1614 5281 ²'‘l’res
1629 5223 1658 5278 ht
1674 5237 1775 5279 versus

67 5303 175 5357 desunt
203 5303 230 5357 in
261 5303 423 5359 blandensi.
454 5302 477 5339 ²⁵
501 5307 576 5378 din„
610 5312 676 5371 Hns
713 5330 729 5369 n
756 5326 818 5382 repe
843 5314 922 5382 petor
947 5323 963 5363 u
991 5315 1016 5361 te
1043 5317 1150 5377 quoque
1176 5301 1250 5371 repis
1263 5312 1366 5372 pretor.
1380 5294 1407 5333 ¹·
1421 5296 1498 5366 liin„
1512 5312 1560 5369 per
1573 5291 1776 5362 tulu.⁸⁰itln.‚

65 5378 173 5445 tempus
189 5374 275 5430 tridui
289 5374 367 5430 nrtbr.
378 5373 401 5412 ⁸¹
414 5375 473 5432 tin.
486 5381 525 5435 sic
539 5386 710 5455 exprimit
725 5387 797 5442 duos
815 5395 916 5438 versus
935 5394 944 5435 t

463 5449 607 5516 intellecta
626 5475 750 5534 parurn
762 5458 885 5530 deceptus
898 5451 1017 5522 innuptus
1030 5461 1137 5515 rerum·

464 5520 561 5586 daudet
571 5534 771 5604 proesectut,
784 5534 838 5588 eto.

64 5588 88 5624 ’¹
103 5584 179 5654 Elii-r
195 5589 322 5644 'timim
334 5588 462 5651 milliti-
478 5595 598 5673 ”ttin.‚
621 5603 656 5644 ⁸⁴
673 5602 743 5663 Hic
758 5616 857 5661 versus
871 5597 952 5657 deest
965 5593 995 5652 in
1009 5584 1175 5649 elnonensi.

242 5705 364 5768 Peteon.
387 5708 496 5779 cirili.
