3802 6030
142 275 220 347 titt
463 264 640 333 daneon}
664 262 908 330 REDONENSIS
929 262 1121 329 celsuuen
1140 264 1302 329 Discunt.
1323 291 1364 313 ··
1383 258 1519 328 suein.
1784 258 1856 320 ttut

141 478 1850 520 -----—----—--———--—-

271 620 767 721 SUPPLEMENTUM
800 620 882 715 AD
929 615 1306 714 HILDEBERTI
1344 609 1733 710 DIPLOMATA.

874 852 956 928 (Post
970 853 1027 915 noi.
1041 854 1117 928 eei)

267 1041 508 1096 Auctornmcotum
521 1033 674 1096 iiiidederti
683 1036 896 1094 Cenomanensis
908 1020 1031 1120 episcopi
1043 1035 1077 1092 de
1090 1035 1242 1093 donatione
1250 1034 1374 1094 eocietiae
1385 1033 1413 1092 S.
1430 1034 1525 1118 iturine
1538 1034 1577 1090 de
1592 1031 1745 1092 tertam

288 1108 460 1184 (Mayenna),
476 1127 549 1167 cono
562 1110 632 1167 ¹125
652 1110 763 1182 dicioris
781 1109 940 1166 iionmteni
954 1106 1098 1166 monachia
1111 1125 1129 1164 o
1142 1109 1249 1167 tenone
1259 1106 1434 1166 deducerent
1445 1107 1608 1180 presbytero
1623 1109 1720 1179 [udo.

183 1315 331 1388 (dittoim
344 1315 391 1373 dot
403 1315 545 1391 uiooerm
558 1317 593 1376 ric
606 1318 748 1392 inpense,
765 1333 817 1388 par
834 1318 894 1377 tu.
910 1317 1032 1378 (iurans
1051 1334 1087 1377 na
1116 1319 1152 1377 La
1172 1318 1273 1383 Fossa.
1310 1320 1394 1380 citro.
1409 1321 1495 1378 -Au
1511 1318 1609 1391 Mans,
1627 1319 1718 1392 1850,
1733 1318 1827 1377 in·i2.

689 1388 827 1458 tecvm,
846 1406 875 1465 p.
890 1406 919 1450 x.
943 1421 978 1435 -
995 1390 1092 1453 'iitras
1112 1391 1150 1449 da
1162 1334 1308 1464 uenandi

185 1756 294 1819 dotem
310 1758 500 1818 sttomnibna
511 1760 705 1834 presentibus
722 1763 751 1817 ot
774 1757 882 1816 tuturis
897 1757 975 1830 quod
989 1785 1017 1855 Α
1031 1773 1129 1815 amors
1144 1758 1279 1828 ioannis,
1290 1758 1458 1833 pradictum
1473 1758 1633 1818 ecclesiam
1652 1776 1729 1819 cum
1746 1762 1862 1820 terrione

155 1845 286 1906 ioannes
297 1848 578 1923 presbyterquidam
589 1849 796 1907 Medunnonsia
810 1847 895 1907 Deisi
905 1851 976 1905 San·
1037 1847 1185 1918 domibus,
1201 1849 1261 1906 siue
1276 1848 1389 1907 canteris
1403 1848 1533 1908 edificiis
1557 1851 1597 1906 ad
1622 1867 1696 1909 cam
1722 1855 1860 1926 pertinen·
1897 1908 1900 1925 ,

156 1938 194 1996 nii
206 1937 321 1997 Martini
334 1946 528 2012 cumpunctus
542 1954 652 2006 amore,
665 1939 978 2012 ttojuestonaetertum
1037 1938 1116 1995 tibus
1131 1938 1167 1994 de
1182 1938 1335 1997 monachis
1355 1940 1384 1996 in
1411 1939 1473 1997 vita
1499 1941 1641 2010 tenebit;
1671 1943 1701 1999 si
1730 1960 1798 2000 nero
1822 1941 1862 1998 itta

157 2043 223 2085 oum
236 2028 385 2087 Guaiterio
396 2040 463 2086 tnnc
475 2028 864 2103 prioreideduanaeexpetiit,
879 2028 980 2101 ibique
1037 2028 1219 2099 propinquus
1233 2030 1299 2100 ejus
1315 2045 1371 2085 uon
1383 2029 1506 2086 einricus
1521 2031 1574 2086 sed
1592 2031 1693 2089 laicus
1706 2034 1859 2101 ineritdor·

156 2117 185 2176 in
203 2119 358 2191 presentia
372 2119 482 2175 donnini
499 2117 647 2174 Guiiieitni
664 2120 823 2175 abbatisse
834 2118 923 2173 totius
934 2134 981 2175 na·
1037 2134 1097 2174 ram
1111 2125 1224 2174 tanturn
1241 2117 1278 2176 ds
1293 2119 1492 2194 minuteque
1511 2128 1558 2176 est
1573 2121 1612 2176 de
1634 2124 1713 2192 jure
1740 2123 1859 2180 ecclesia

156 2207 254 2283 pituli,
266 2209 376 2264 dunum
391 2207 523 2264 ecciesiae
535 2207 647 2264 Sancte
659 2207 755 2265 Marias
770 2209 805 2263 dc
824 2208 978 2273 Meduana.
1038 2207 1165 2270 hebebit.
1181 2208 1294 2285 reliqua
1313 2215 1411 2265 autem
1423 2210 1533 2277 omnia.
1551 2210 1583 2267 id
1599 2219 1647 2267 est
1662 2213 1859 2270 ecclesianam

160 2297 237 2373 quod
255 2296 398 2354 Roirartus
424 2296 500 2353 Pavo
524 2299 657 2368 ejusdem
687 2299 816 2354 eccissuo
838 2298 979 2355 iiuruinun
1036 2297 1215 2368 appenditiis
1229 2298 1303 2365 suia,
1321 2299 1640 2363 monachorumcrunt.
1653 2300 1754 2359 dehis
1775 2302 1860 2359 hecto

161 2385 314 2444 monachia
329 2385 429 2443 saneti
445 2384 658 2459 Martiniinoge
673 2391 741 2442 ante
765 2386 882 2455 iecerat,
897 2388 940 2443 sic
955 2388 978 2444 si
1036 2404 1103 2445 nus.
1120 2386 1190 2445 item
1206 2388 1243 2444 de
1257 2388 1421 2444 rremcterin
1436 2388 1554 2460 capetias
1573 2390 1792 2448 iiatuancnsis
1805 2392 1864 2447 init

158 2474 269 2533 cartula
285 2476 442 2531 indeiecta
462 2482 593 2546 tactatur,
612 2474 806 2531 libentissime
836 2477 982 2533 concessit
1036 2479 1135 2553 aliqua
1150 2478 1346 2535 controversia
1360 2477 1436 2534 inter
1450 2480 1614 2535 monachos
1628 2479 1737 2538 Sancti
1757 2481 1865 2538 ttarttnt

159 2565 415 2640 promittaosiiiud
434 2565 542 2621 dunum
557 2570 658 2621 contra
673 2580 775 2621 omnes
798 2566 981 2623 aduersarios
1036 2578 1064 2625 st
1081 2567 1233 2639 prefatum
1249 2568 1394 2624 Joonnem
1404 2570 1496 2624 extitit
1504 2571 1539 2623 ad
1551 2569 1634 2626 hunc
1645 2568 1743 2627 finem
1755 2572 1865 2641 pacisci

160 2671 213 2728 pro
226 2669 382 2726 possesne,
395 2654 502 2710 Sancto
514 2643 639 2709 Murtino
650 2652 865 2719 diratiocinare,
877 2654 980 2710 deien·
1035 2658 1197 2715 concordie
1211 2663 1331 2713 ventum
1347 2663 1402 2714 sat.
1414 2658 1542 2713 ioannes
1553 2658 1636 2715 enim
1656 2676 1865 2732 recognoscent

161 2745 238 2809 dere,
255 2749 432 2815 acquietare,
450 2743 682 2813 presbyternturn
713 2757 828 2814 quoquc
844 2743 978 2811 ejusdem
1034 2746 1864 2820 injttatamscmonachosiecisaocainrnniamdepredicto

160 2830 288 2889 ecciesiae
304 2831 381 2903 quod
398 2847 415 2885 a
432 2828 553 2885 iioberto
571 2833 684 2886 Pavons
698 2836 819 2886 eotenus
839 2830 981 2889 habuerat
1035 2835 1351 2901 cmmrirri0,brnevoie
1361 2837 1505 2892 concessit
1516 2841 1549 2891 ut
1561 2842 1623 2893 iota
1635 2838 1863 2894 iamiiiadomini

160 2921 426 2979 attaminnannate
437 2918 536 2976 Sancti
548 2914 1013 2992 iiortinideincepshnbandum'''
1034 2923 1252 2992 meduanensis,
1281 2926 1316 2980 de
1333 2925 1539 2997 panosiuictu
1558 2925 1658 2997 ipsius
1687 2935 1749 2985 tam
1767 2929 1865 2984 militet

161 3015 248 3085 atque
266 3010 424 3066 tenendum
450 3009 564 3082 recipit,
589 3009 668 3066 salva
692 3010 813 3066 omnino
842 3010 981 3068 iidaiitate
1000 3032 1123 3085 ...qnam
1136 3016 1360 3086 servientcs‚qui
1376 3022 1473 3071 iernen
1490 3015 1545 3087 ipai
1562 3017 1777 3073 residentcain
1791 3035 1866 3085 paro·

160 3101 463 3178 utqueconvcnientia
480 3099 595 3156 Roborti
619 3101 750 3168 neronis,
779 3116 844 3178 quio
872 3117 976 3158 conve·
1035 3105 1225 3161 chiaSanctae
1241 3103 1508 3176 Muriae3iteqund
1525 3105 1657 3161 habeant
1674 3106 1864 3165 ibiiucumct

159 3192 271 3250 nieniia
286 3187 354 3247 talis
365 3194 410 3247 cst
426 3206 432 3245 :
449 3190 593 3258 Quamdiu
611 3188 755 3246 Robertus
786 3190 860 3247 Puvn
875 3192 980 3262 praeia-
998 3163 1020 3229 Β
1037 3193 1551 3266 locum,hi‚inqunm,omnesebsque
1562 3195 1863 3253 uiiacnntradictions

161 3285 222 3337 iam
238 3279 390 3336 ecclesium
402 3280 430 3335 in
444 3295 532 3334 manu
548 3279 672 3336 tenuerit
691 3279 818 3352 propria,
848 3281 980 3349 eiusdem
1036 3283 1210 3355 acapcliann
1223 3282 1553 3341 tunnachnrumomnem
1563 3285 1780 3343 rectitudinem
1788 3276 1863 3341 suan

160 3367 984 3439 arctesiereditnsequaliterintersedivtdentitotertus
1037 3372 1274 3432 noniessioniset
1300 3373 1517 3428 communionis
1545 3374 1686 3431 viventes
1718 3377 1862 3445 recipiant.

163 3462 193 3515 ei
202 3459 328 3515 ioannes
341 3475 349 3527 ;
361 3473 427 3513 cum
439 3457 656 3514 uerniioberins
665 3458 709 3515 vei
723 3457 886 3514 monachus
898 3459 986 3516 inerit
1037 3461 1147 3519 mortui
1157 3464 1254 3517 autem
1267 3460 1302 3516 ad
1314 3461 1512 3518 emunctorium
1524 3461 1866 3536 capetiaeepettenntde·

162 3549 205 3604 vei
219 3545 333 3617 obierit,
350 3551 379 3602 ct
392 3544 516 3602 ecclesia
532 3543 583 3601 ilia
597 3547 625 3601 in
643 3562 749 3603 manua
772 3546 984 3604 monachorum
1038 3551 1170 3608 serentur
1185 3566 1193 3616 ς
1210 3550 1259 3606 scd
1275 3548 1361 3604 etaiii
1378 3550 1557 3626 quicumque
1572 3550 1716 3610 homines
1731 3553 1866 3613 dennuni·

162 3635 322 3701 devenerit,
334 3643 404 3692 tunc
418 3636 545 3693 ioannes
558 3652 621 3694 acne
635 3634 673 3693 ad
685 3636 853 3708 presbyterii
866 3643 982 3695 tantum
1038 3641 1095 3696 bua
1110 3656 1173 3710 qua
1188 3640 1264 3694 circa
1278 3643 1349 3694 sunt
1359 3637 1596 3709 parochitarum
1611 3643 1788 3712 parochiam
1798 3643 1865 3700 San·

164 3733 274 3796 partem
291 3729 449 3794 restringet
465 3727 518 3779 huc·
535 3727 631 3786 modo.
648 3723 781 3781 ridciiret
796 3732 828 3780 ut
848 3731 984 3784 monachi
1038 3736 1090 3787 oin·
1101 3728 1196 3785 Maria·
1206 3730 1308 3783 matris
1319 3728 1458 3790 ecciesiae.
1469 3726 1507 3785 ad
1520 3732 1732 3790 coemeterium
1758 3734 1865 3806 capelia

162 3814 237 3868 duaa
262 3813 381 3868 decime
419 3828 452 3868 ac
493 3813 687 3884 primitiarum
705 3820 801 3883 parire
829 3816 985 3888 recipiant,
1040 3818 1867 3896 [scientaedetrrrtatansqueoruntoatemma'erpetui

161 3903 287 3960 ioannes
299 3901 414 3958 tertiam
429 3918 513 3967 mam
527 3901 729 3974 reliquoomni
741 3911 870 3976 ternpore
892 3911 983 3963 totam
1038 3912 1067 3965 81
1082 3908 1150 3981 quia
1160 3924 1227 3963 vcro
1243 3907 1469 3978 depnrorhianis
1480 3909 1554 3964 Sanc
1567 3926 1591 3964 tn
1601 3910 1705 3968 Mariae
1720 3915 1757 3969 ad
1772 3914 1867 3986 predi·

161 3992 332 4052 oiiertnram
349 3993 427 4048 sicut
439 3997 467 4046 et
479 3991 592 4048 ceteris
617 3994 796 4067 presbyteria
821 3996 913 4052 muris
928 4002 984 4065 eet,
1038 3997 1324 4054 niutncoemeterium
1335 3996 1473 4061 venirent
1483 3998 1603 4067 aspeiiri
1617 4016 1652 4056 sa
1664 4003 1779 4060 nitidem
1794 4019 1868 4075 unga

162 4083 292 4142 ioannes
302 4081 421 4154 accipiet
441 4099 448 4139 τ
466 4084 701 4156 purro‘dnminua
725 4085 816 4141 abhus
840 4086 985 4143 concussit
1038 4090 1121 4153 verit,
1138 4088 1214 4141 saiva
1233 4088 1408 4143 certitudine
1420 4090 1523 4144 metria
1553 4090 1705 4157 ecclesia,
1724 4094 1869 4155 nnitocon

160 4171 254 4230 eidem
269 4170 466 4244 ioannijquod
483 4171 507 4228 si
525 4171 640 4229 haberet
664 4172 756 4229 titium
773 4173 815 4230 ret
846 4182 983 4247 nepotem
1038 4177 1200 4234 indicente
1215 4183 1312 4232 votnm
1327 4193 1414 4234 sunm
1430 4179 1487 4234 sibi
1503 4176 1665 4247 adimpleri
1686 4183 1805 4245 iicebit.

161 4261 299 4321 clericum
316 4262 439 4336 quiposi
450 4268 574 4320 moriem
591 4265 664 4336 patri
678 4263 898 4339 presbyteratus
911 4269 982 4322 inn-
1074 4267 1133 4339 Egn
1149 4265 1193 4323 iiii
1207 4265 1333 4323 ieinrrtus
1353 4268 1590 4326 Cenomanorum
1612 4275 1783 4351 epiecopus
1805 4293 1869 4335 con·

165 4361 284 4430 geretur
298 4353 406 4423 cincio,
422 4352 470 4411 ille
485 4371 537 4428 per
551 4355 705 4412 consitium
720 4355 848 4430 episcopi
872 4357 915 4413 uei
931 4373 983 4431 pro
1036 4357 1109 4416 cossi
1127 4363 1154 4415 st
1170 4355 1292 4428 signavi.
