3802 6030
103 203 182 285 ttae
627 198 809 266 ntlnsout
832 195 1080 262 oecumenem
1100 195 1279 261 nrrscort
1734 196 1830 293 aeuo,

107 338 158 397 Est
169 337 261 410 ludex
275 336 408 410 equidem
426 336 504 410 pius,
520 341 550 394 et
561 335 750 409 justissimos
765 333 849 402 idem.
938 328 1026 410 gnte
1041 344 1157 403 quoque
1171 331 1320 386 initimum
1335 327 1464 387 ”imni
1477 331 1610 404 emiilii
1625 329 1777 399 limium»

104 427 183 486 Deos
198 428 274 499 quod
293 428 424 494 debetur,
441 428 507 483 illos
523 427 639 499 premit,
655 427 701 482 hie
716 425 879 482 miseretur.
976 419 1018 476 Ne
1034 420 1110 474 mele
1125 420 1288 491 desperem,
1304 420 1374 492 quia
1388 420 1549 493 desperans
1560 437 1765 490 remanerem,

103 517 240 579 Percutit.
257 515 392 587 ignoscit,
408 523 440 573 ut
455 533 502 573 rea
517 523 546 572 et
561 517 656 589 gratie
671 515 773 589 poscit.
976 508 1109 582 Namque
1127 507 1183 564 mei
1200 509 1299 566 miseri
1318 509 1393 581 potis
1409 517 1454 567 est
1471 511 1610 568 Dominus
1625 511 1778 570 misereri.
1829 509 1837 516 '

103 605 226 677 Expedit
241 605 296 661 hoo
311 621 389 678 ergo,
406 623 463 679 quo
479 605 616 679 linquens
631 604 754 662 crimine
771 611 863 677 tergo,
977 597 1025 655 Sic
1039 603 1082 662 tu,
1098 603 1209 666 sancte,
1225 614 1320 670 roges,
1337 598 1360 654 ei
1376 599 1485 656 Netum
1503 616 1624 672 parcere
1641 617 1745 674 coges.

103 693 200 751 Solere
216 694 325 766 quique
338 700 420 752 vacet
436 711 514 761 reue,
529 696 613 751 illum
627 694 772 767 quomodo
784 692 887 765 placet.
977 686 1079 744 Pereat
1093 691 1170 742 enlm
1189 704 1240 758 pro
1256 694 1293 749 te.
1310 705 1397 760 quem
1414 706 1532 762 parcere
1549 707 1630 763 coge,
1648 695 1777 763 rogote.

102 783 132 839 Si
148 793 244 838 tumeo
262 792 401 855 sequetur.
419 784 512 858 plagae
526 785 599 840 bene
614 800 683 841 cura
699 784 851 839 medetur:
977 777 1058 833 Velle
1074 783 1153 833 tuum
1172 777 1257 834 lactet
1273 778 1376 847 Netos,
1394 785 1423 834 tu
1441 779 1576 853 precipe,
1594 783 1654 836 liet.

100 871 206 927 Leuior
220 872 272 929 hos
288 879 372 929 curat
386 874 480 943 dolor,
497 875 550 931 hos
566 875 648 930 decet
663 872 757 929 acrior
776 873 849 926 urat
976 867 1086 940 Nempe
1101 867 1142 923 tui
1154 866 1234 938 juris
1249 875 1293 924 eet
1311 870 1384 924 t'erre
1400 884 1521 927 manum
1538 870 1676 927 ruituris.

100 965 183 1017 Nono
196 978 270 1032 opus
285 963 536 1035 unguentis,nunc
552 963 677 1019 sortibus
695 956 923 1034 experimentis:
975 957 1048 1014 Cum
1066 955 1207 1012 naturalis
1223 956 1275 1012 tibi
1290 958 1330 1013 sit
1349 958 1441 1028 pietas
1456 959 1606 1032 specialis,

99 1055 179 1120 Quos
194 1053 294 1123 nequit
308 1053 419 1120 unctio,
435 1052 519 1109 sedat
533 1053 648 1110 adustio
671 1067 746 1123 sepe
767 1055 898 1106 tumores
914 1062 924 1118 ς
975 1042 1199 1109 conditionalis.
1214 1047 1244 1101 el
1259 1044 1298 1100 Sil
1313 1044 1364 1100 libi
1378 1045 1472 1120 gisila
1487 1047 1552 1103 lali!
1567 1062 1575 1103 ἓ

97 1143 188 1203 sanat
201 1145 301 1209 sectio,
318 1159 376 1200 nou
391 1143 532 1200 conlectio
546 1158 623 1216 sepe
641 1140 777 1210 dolorcs3
975 1131 1102 1191 Humani
1117 1134 1231 1204 generis
1245 1138 1277 1189 ut
1295 1135 1414 1192 casibus
1428 1135 1579 1196 auxilieris

96 1233 144 1292 Sto
161 1233 314 1305 correptio,
330 1248 406 1306 quos
421 1247 478 1287 ooo
492 1231 602 1298 suasio,
614 1229 665 1286 dat
678 1227 834 1298 meliorest
974 1224 1058 1282 Sicut
1071 1221 1202 1290 tutatrix·
1217 1227 1250 1279 ul
1263 1227 1355 1281 malet
1369 1229 1397 1282 θῑ
1412 1229 1444 1281 ul
1460 1226 1623 1287 mOdltlrit·

52 1371 55 1374 ,
95 1322 222 1395 corrigit
236 1323 289 1378 tros
305 1320 464 1391 percussio,
478 1319 579 1392 dirigit
592 1320 645 1376 hos
661 1317 822 1375 miseratio.
976 1315 1042 1388 Ipse
1053 1313 1131 1372 licus
1146 1321 1223 1372 certe
1238 1316 1276 1371 sit
1290 1316 1375 1374 nobis
1391 1317 1438 1373 hic
1452 1316 1540 1375 homo
1557 1336 1607 1390 per
1621 1327 1662 1377 te.

97 1414 219 1469 Dixerat.
237 1409 309 1466 Huic
325 1409 403 1465 letus
418 1409 463 1465 vir
477 1408 604 1465 reddidit
619 1408 680 1465 heo
699 1406 868 1475 unimotus;
974 1405 1050 1478 Ergo
1066 1405 1126 1462 Deo
1142 1405 1268 1462 medium
1283 1411 1424 1478 prestepe
1434 1407 1606 1482 hominique
1619 1410 1752 1471 Mariam

25 1534 28 1539 ·
95 1498 207 1574 inclyte
221 1498 359 1555 caelorum
383 1499 494 1572 regine,
510 1497 592 1556 salus
609 1498 795 1571 populorum,
975 1496 1027 1561 Te,
1043 1500 1137 1563 Peter,
1155 1495 1202 1552 ille
1217 1496 1308 1562 dedit,
1325 1496 1371 1553 cui
1387 1497 1513 1554 mundus
1529 1502 1608 1556 totos
1622 1501 1739 1558 obedit.

96 1589 195 1646 Gloria
210 1595 388 1654 sanctorum,
403 1587 615 1661 speculumque
629 1588 743 1644 decoris
753 1602 865 1650 eorum,
975 1584 1049 1644 Huic
1061 1590 1105 1642 est
1119 1585 1228 1642 ollandi
1244 1586 1296 1641 tibi
1314 1585 1366 1652 les,
1379 1586 1544 1659 Natumque
1561 1590 1717 1661 precandi.

40 1672 43 1677 ’
98 1678 294 1744 Electiseime,
311 1677 536 1750 praecelsissima
552 1682 645 1735 mater
660 1678 815 1745 honorum,
937 1705 962 1772 B
977 1674 1111 1749 Dumque
1126 1674 1206 1748 loqui
1223 1675 1296 1747 proli
1314 1676 1367 1732 tibi
1383 1676 1422 1731 eit
1437 1677 1574 1735 lecundia
1590 1680 1662 1747 soli,

96 1767 186 1841 Virgo
203 1769 347 1842 piissime,
363 1773 395 1824 to
410 1766 576 1824 certissime
590 1783 659 1841 spes
675 1765 860 1836 miserorum,
965 1758 1046 1822 ¹'lero
1064 1764 1153 1835 prolis
1168 1781 1240 1821 cera».
1258 1771 1289 1821 tu
1305 1765 1417 1822 viscere
1433 1773 1536 1824 eeocta
1551 1783 1685 1839 precare.

102 1858 145 1917 'l'u
160 1857 263 1925 studii,
279 1862 311 1914 tu
328 1856 442 1915 consilii
458 1856 546 1914 latrix
561 1856 692 1929 potioris,
976 1854 1062 1926 Virgo
1077 1854 1132 1911 sub
1148 1853 1227 1911 herc:
1244 1854 1308 1922 Fili,
1324 1853 1406 1924 dixit,
1419 1855 1482 1927 jem
1499 1872 1580 1913 more
1603 1857 1682 1915 virili

104 1946 254 2019 Naufragii
269 1947 357 2004 timul
372 1951 401 2004 et
416 1945 485 2003 varii
503 1945 595 2004 tutele
610 1945 729 2003 laboris.
976 1943 1019 2001 ed
1035 1943 1112 1999 boos
1126 1944 1222 2014 prisca
1236 1943 1307 2009 redi,
1321 1943 1424 2002 credes
1438 1959 1556 2018 quoque
1575 1946 1680 2006 debita
1702 1950 1788 2009 erodi
1803 1963 1813 2007 ε

24 2049 32 2063 ·
100 2038 231 2107 Pecoevi,
249 2035 380 2101 domina,
396 2036 497 2103 nimis,
512 2041 540 2092 et
556 2036 664 2109 premit
681 2036 739 2091 iste
756 2037 861 2105 ruioe;
974 2030 1110 2104 voceque
1125 2032 1246 2090 sincere
1261 2034 1327 2092 lldei
1344 2037 1509 2109 mentisque
1524 2038 1622 2107 lutere,

97 2127 121 2184 0
136 2143 226 2199 quem
243 2125 370 2198 peccavi,
385 2125 436 2199 qul
449 2133 477 2182 te
494 2126 709 2198 dominumque
729 2125 830 2198 negavi
845 2123 853 2181 l
975 2119 1017 2177 lix
1032 2136 1077 2177 me
1092 2121 1170 2193 quod
1187 2128 1284 2190 natue,
1300 2128 1328 2180 et
1344 2141 1395 2196 per
1410 2130 1462 2181 tue
1475 2126 1584 2199 scripte
1599 2131 1741 2199 negatos.

95 2216 253 2280 Confiteor,
271 2216 339 2287 quia
354 2215 496 2283 detineor,
512 2213 606 2286 culpis
628 2215 833 2271 miserandus:
974 2209 1091 2283 Semper
1104 2211 1226 2268 viventis
1238 2212 1376 2270 Christus
1391 2215 1485 2271 Patria
1501 2215 1716 2286 omnipotentis

95 2303 131 2363 ur
146 2305 419 2377 vereor,quia,quod
433 2305 639 2373 mereor,lerar
653 2321 720 2361 ecce
735 2303 921 2362 cremandus.
977 2301 1070 2359 Filius
1085 2307 1130 2358 est
1145 2318 1220 2370 vere,
1237 2303 1286 2370 qui
1304 2303 1392 2360 linem
1410 2306 1504 2362 nescit
1519 2306 1625 2364 tabere
1641 2325 1650 2375 ;

96 2394 209 2468 coppo
224 2400 305 2451 caret
318 2395 403 2451 venio
417 2393 514 2451 scelus
530 2392 641 2458 boemi
657 2399 759 2451 ennete
775 2393 887 2460 Maria:
976 2394 1010 2448 ut
1024 2391 1075 2465 qui
1091 2397 1232 2449 venturus
1246 2398 1303 2458 est,
1316 2394 1522 2470 judiciumque
1537 2398 1659 2456 daturus

97 2486 133 2542 st
147 2490 217 2541 sunt
231 2483 326 2540 inulta
347 2485 381 2558 [l.
399 2483 501 2558 multe]
526 2484 599 2540 eatis
618 2482 750 2555 exemplu
774 2483 848 2539 doto
865 2482 925 2557 pie·
975 2479 1080 2537 Secum
1097 2481 1230 2548 victorie,
1245 2497 1298 2538 neo
1316 2499 1373 2538 ooo
1390 2500 1406 2538 e
1422 2501 1453 2540 sc
1469 2486 1617 2557 perituris⁴

774 2573 868 2647 [tetis‚
975 2568 1094 2626 'latitius
1111 2575 1262 2634 attractus,
1280 2573 1432 2643 respondit
1447 2574 1533 2630 horno
1549 2576 1753 2647 tremefactus,

96 2662 345 2735 Indelinquenlee,
364 2661 629 2736 miserabiliterque
643 2667 773 2721 ruentes.
975 2656 1105 2724 Qualiter
1118 2659 1264 2729 eudendo,
1281 2662 1436 2719 Dominum
1453 2662 1604 2740 Deumque
1620 2666 1752 2736 latendo,

28 2806 32 2811 .
96 2752 144 2812 ste
159 2752 294 2809 Ninivitas
309 2751 455 2825 protelant
469 2758 602 2825 tempore
617 2754 691 2810 vitre.
976 2746 1020 2806 Os
1035 2765 1110 2821 queo
1125 2756 1183 2804 tem
1201 2750 1264 2805 diro
1280 2750 1419 2809 loedetum
1437 2770 1514 2809 nunc
1527 2755 1659 2827 operire3

96 2840 205 2913 sicque
219 2839 350 2897 salvetur
365 2841 476 2909 tiebat,
493 2840 582 2900 lsrael
598 2842 737 2898 societur.
976 2839 1056 2907 Quod
1073 2840 1149 2898 mele
1165 2841 1280 2912 lcedevi,
1301 2858 1366 2900 cum
1384 2849 1422 2914 te,
1440 2853 1613 2918 preaeocta,
1634 2851 1752 2923 negari,

96 2930 200 3003 suque
220 2946 309 2989 manu
328 2930 411 2986 lortie
424 2930 517 2988 David
533 2948 583 2991 rex
596 2931 721 2989 crimine
731 2930 834 2988 mortis
975 2933 1015 2986 Ac
1030 2946 1064 2986 ex
1079 2936 1108 2985 te
1123 2931 1268 3002 genitum,
1283 2935 1459 2991 sacramenti
1477 2952 1591 3007 quoque
1608 2938 1714 3007 ritum,

95 3019 164 3078 Sese
179 3020 295 3077 laudavit
310 3022 386 3091 quod
405 3020 507 3089 majori
523 3021 701 3092 duplicavit;
974 3020 1074 3078 Gratia
1089 3037 1147 3092 quo
1163 3037 1310 3095 quemque
1325 3023 1418 3081 selret
1430 3025 1587 3097 baptisma,
1598 3027 1806 3104 crucemque!

95 3110 148 3167 Sed
165 3110 242 3184 quod
260 3109 398 3182 peccavit,
417 3110 549 3167 dedendo
565 3112 689 3183 gradum
701 3109 867 3184 reparevlt3
974 3110 1044 3168 'l'ote
1060 3110 1140 3167 sulus
1154 3110 1283 3167 hominis
1298 3111 1345 3167 his
1362 3113 1448 3168 rebus
1464 3115 1539 3170 inest
1553 3115 1624 3189 quia
1643 3117 1739 3178 blois.

95 3199 166 3258 lude
183 3200 335 3272 prophetia
349 3199 445 3256 clerus
461 3217 577 3274 quoque
593 3201 830 3274 psalmigraphiu.
976 3200 1123 3270 ebjnrnne
1138 3199 1244 3272 sprevi,
1260 3201 1302 3256 sic
1316 3202 1352 3257 ad
1371 3219 1435 3259 mea
1449 3203 1557 3260 demna
1573 3208 1705 3277 recrevi;

95 3289 125 3346 st
140 3288 225 3345 liceet
241 3289 307 3352 lari.
326 3306 389 3347 meu
404 3289 490 3362 culpe
505 3290 581 3346 velet
594 3290 717 3347 similari
975 3288 1115 3345 Precibus
1130 3288 1236 3356 elutus,
1252 3292 1302 3345 sed
1319 3291 1442 3347 crimine
1458 3293 1666 3365 precipitetus.

94 3380 178 3434 Petro
193 3379 339 3437 constanti
357 3379 510 3434 Dominum
528 3379 573 3434 bie
590 3385 668 3434 terve
688 3378 828 3452 neganti:
975 3379 1057 3436 Absit
1074 3395 1157 3435 meos
1172 3379 1272 3442 dubie.
1288 3381 1551 3452 responditssncta
1566 3383 1670 3447 Meris.

41 3464 45 3471 '
94 3465 184 3531 Quem
202 3469 271 3540 quia
287 3467 412 3540 respexit
425 3467 566 3531 Salvator,
584 3468 718 3536 protinus
737 3469 796 3526 exit
975 3469 1119 3525 Constans
1135 3468 1239 3524 accede
1255 3473 1382 3537 tuntum,
1397 3470 1598 3544 credendaque
1613 3474 1712 3548 credo,

96 3559 200 3616 tute
225 3560 331 3616 Flendo
357 3559 527 3616 satisfecere
552 3561 667 3631 dignus,
700 3560 926 3636 bominumque
974 3560 1067 3631 Atque
1080 3558 1217 3616 saluteris
1233 3558 1309 3615 boue
1325 3559 1444 3631 pristino
1460 3561 1638 3622 conliteeris.

746 3649 865 3724 [videre
974 3647 1106 3724 Namque
1127 3647 1205 3706 Deua
1232 3647 1389 3706 vehemens
1414 3649 1519 3722 pietate
1542 3668 1594 3724 per
1617 3654 1723 3711 omnis
1743 3655 1802 3716 cle·

97 3735 231 3795 Ecclesiae
246 3736 393 3807 princepe.
408 3736 498 3793 venie
509 3737 724 3810 qucqualorma
734 3738 882 3811 deinceps.
1636 3741 1750 3825 [prcus.

96 3831 227 3884 Donetur
241 3826 325 3882 venie
338 3843 455 3899 quoque
471 3828 641 3899 llegdeleoa
656 3828 758 3897 llario,
974 3825 1117 3899 suscipiet
1134 3825 1251 3884 ilenlem
1267 3830 1296 3883 te
1311 3827 1413 3901 sicque
1431 3828 1672 3889 satielacienteru.

95 3915 163 3982 oue
179 3915 251 3970 liene
267 3915 337 3971 dum
353 3914 445 3983 licvit,
472 3915 615 3974 scelerum
636 3919 766 3977 mucules
782 3919 917 3991 ebolevit,
973 3917 1136 3988 Respondit
1151 3933 1158 3974 :
1172 3917 1275 3987 tlredo,
1290 3924 1382 3974 totum
1398 3919 1453 3976 tibl
1470 3935 1515 3976 me
1535 3937 1653 3996 quoque
1667 3923 1757 3997 dedo,

90 4004 157 4064 iam
177 4004 298 4061 Domino
312 4009 406 4078 grata,
419 4009 480 4074 jam
496 4007 589 4067 seclis
602 4010 814 4066 concelebrate.
973 4007 1173 4080 Cootlteorque
1189 4008 1346 4074 baptisma.
1361 4009 1517 4082 crucisque
1536 4011 1700 4080 tropheum
1714 4031 1728 4086 ς

93 4092 200 4166 Sicqoe
214 4097 334 4150 vocante
350 4109 416 4150 reus
438 4094 556 4151 Domino
579 4094 674 4166 placet
701 4095 752 4152 ille
768 4096 917 4155 chhrsus.
973 4096 1053 4163 ouon
1068 4097 1163 4151 Putris
1178 4103 1206 4153 et
1219 4094 1296 4163 Noti,
1312 4100 1356 4153 vel
1372 4097 1510 4155 Fluminis
1524 4106 1570 4156 est
1589 4099 1696 4160 Deiteli

91 4183 140 4239 Sio
155 4183 261 4240 statuit
277 4181 407 4251 Paolum,
424 4200 489 4256 que
505 4185 608 4240 stravit
622 4184 715 4255 gretie
730 4185 857 4243 Saulum.
972 4185 1098 4259 Compar
1113 4188 1262 4260 majestas,
1279 4204 1331 4245 occ
1346 4189 1447 4261 disper
1461 4194 1490 4246 et
1505 4207 1563 4248 uua
1579 4198 1726 4264 potestas.

95 4273 150 4340 out
165 4273 291 4346 graviter
306 4274 421 4341 cecidit,
437 4273 524 4329 telem
539 4274 686 4330 Corinthia
700 4274 783 4334 vidit.
971 4276 1071 4335 Nescit
1084 4284 1113 4334 et
1128 4289 1284 4351 utrumque
1299 4280 1350 4352 qui
1362 4281 1450 4337 linem
1468 4282 1728 4361 principiumque3

94 4361 168 4420 liinc
182 4362 292 4419 Paulus
307 4362 411 4418 scribit
424 4380 431 4431 ;
445 4365 516 4434 quia
530 4363 597 4419 telis
612 4380 699 4420 carno
715 4364 830 4438 peribit,
972 4368 1021 4426 det
1035 4375 1132 4425 tameo
1145 4376 1305 4440 utrumque
1320 4372 1371 4443 qui
1388 4370 1455 4427 tlois
1471 4373 1726 4450 principiumque,

93 4452 131 4509 tte
142 4453 220 4509 viret
235 4452 339 4508 melius
354 4449 484 4508 salvatus
499 4452 621 4523 spiritua
633 4453 709 4524 ejus.
933 4416 957 4485 ὓ
969 4456 1026 4525 Per
1039 4472 1123 4528 quem
1139 4456 1307 4514 subsistunt
1321 4460 1476 4528 elementa,
1492 4478 1546 4518 neo
1561 4462 1623 4520 ulle
1642 4467 1804 4530 resistunt.

92 4540 174 4600 Telis
188 4550 214 4598 et
229 4541 353 4598 ioseoue
371 4557 473 4615 magus
487 4542 638 4597 exstiteret
660 4540 822 4616 Cyprianus
837 4543 914 4618 (ille
970 4546 1044 4602 ltine
1056 4547 1150 4602 Patris
1165 4554 1274 4603 eterne
1289 4548 1386 4620 protae
1401 4548 1437 4609 de
1459 4553 1528 4608 sede
1543 4568 1673 4627 superna

91 4633 166 4696 Quot
176 4629 278 4687 sordes
293 4630 347 4697 illi,
363 4636 405 4687 tot
423 4636 507 4686 eraut
522 4647 578 4686 noo
598 4631 671 4687 torte
685 4631 793 4700 capilli.
971 4635 1003 4692 ln
1020 4633 1097 4691 eecli
1114 4634 1171 4691 lioe
1186 4635 1306 4692 veniens
1322 4638 1420 4694 carole
1434 4640 1568 4712 genuine

91 4719 204 4791 Quippe
219 4719 400 4792 malignatus
412 4725 441 4774 et
455 4719 639 4776 demonibus
651 4722 790 4787 sociatus,
969 4725 1075 4783 im
1090 4727 1218 4781 Functus
1233 4733 1346 4793 natura,
1363 4730 1460 4799 prodit
1474 4733 1503 4787 te
1518 4730 1634 4805 Virgine
1649 4750 1749 4807 pure:

90 4807 176 4864 iuste
193 4807 375 4879 proterrebat,
392 4823 495 4877 pervoe
512 4814 653 4881 uteroque
676 4811 807 4867 urcebet.
968 4814 1008 4873 Te
1023 4814 1141 4886 speciei,
1157 4821 1184 4871 te
1198 4816 1304 4888 regatis
1321 4819 1484 4891 progeniei.

91 4895 219 4954 Tandem
236 4901 432 4970 compunctus
447 4898 531 4965 redit,
548 4898 680 4957 Ecclesiae
704 4917 822 4975 quoque
841 4903 916 4976 joo-
968 4906 1007 4959 're
1024 4904 1119 4960 meriti
1134 4904 1218 4963 deici.
1234 4922 1428 4979 superquam
1445 4908 1528 4982 copie
1547 4908 1616 4968 diei.

785 4989 862 5064 [ctoe
969 4992 1074 5066 Utpote
1090 5000 1271 5052 scrutantem
1288 5013 1373 5052 renes
1392 5004 1421 5054 et
1435 4999 1523 5055 eorde
1538 5001 1729 5081 probantem,

92 5076 142 5134 Est
162 5090 214 5146 per
226 5073 385 5144 lustinum,
404 5080 529 5132 mentem
546 5077 689 5135 motando
712 5077 842 5135 lerinam.
970 5084 1060 5151 Ouum
1079 5084 1227 5156 peperisti,
1244 5086 1290 5141 oui
1307 5086 1455 5158 placuisti,
1472 5089 1580 5147 lemine
1594 5090 1716 5154 Christi.
1822 5085 1824 5088 Α

93 5165 164 5222 ilinc
177 5162 284 5237 presul
300 5166 405 5227 lactus.
421 5164 560 5223 ciliorum
577 5165 697 5237 corrigit
711 5173 807 5239 ectus,
968 5172 1016 5228 Sio
1030 5172 1211 5229 humanatus
1227 5173 1303 5230 Deus
1318 5180 1364 5231 eet
1378 5177 1513 5235 homines
1529 5178 1703 5254 miseratus,

91 5253 229 5325 Martyria
245 5254 365 5326 dignus.
382 5253 461 5310 Fecit
476 5253 552 5310 Deus
566 5253 622 5310 isra
636 5255 782 5327 benignus
799 5274 807 5314 r
970 5261 1076 5320 Praeter
1091 5274 1207 5335 peccate
1222 5264 1335 5336 potiens
1351 5266 1488 5324 mortalia
1503 5268 1571 5326 lete.

90 5347 130 5401 Ut
144 5344 217 5411 vult,
234 5349 266 5399 ut
279 5343 408 5418 praescit,
423 5342 475 5416 qui
491 5341 542 5413 nii,
553 5341 617 5416 ,nisi
632 5345 732 5415 nescio
747 5346 852 5408 neeoit.
969 5350 1045 5411 Hinc
1059 5352 1197 5421 moriens,
1214 5353 1318 5411 mortis
1333 5353 1433 5412 tractis
1448 5357 1526 5428 epod
1541 5358 1635 5418 intere
1654 5365 1766 5441 portia,

129 5484 189 5566 (tt)
208 5484 271 5543 Non
287 5484 407 5559 quidem
422 5487 450 5540 s.
476 5483 650 5569 cypriamus
673 5487 918 5572 oefthegtoeoele
969 5497 1083 5553 uncum
1100 5498 1176 5551 mart
1212 5510 1303 5566 ,eum
1318 5496 1434 5554 lustina
1449 5504 1588 5576 martyre,
1608 5512 1802 5582 qaorum.

94 5565 260 5628 synopes,
274 5565 303 5612 st
317 5556 931 5636 mummium-ultuma..
969 5571 1047 5625 dun
1211 5566 1509 5645 rwhptsntnle.¹
1673 5612 1679 5621 .
1755 5618 1762 5627 .
1805 5620 1809 5627 .
