<?xml version="1.0" encoding="UTF-8"?>
<!DOCTYPE html PUBLIC "-//W3C//DTD XHTML 1.0 Transitional//EN"
    "http://www.w3.org/TR/xhtml1/DTD/xhtml1-transitional.dtd">
<html xmlns="http://www.w3.org/1999/xhtml" xml:lang="en" lang="en">
 <head>
  <title>
</title>
<meta http-equiv="Content-Type" content="text/html;charset=utf-8" />
  <meta name='ocr-system' content='tesseract 3.04.00' />
  <meta name='ocr-capabilities' content='ocr_page ocr_carea ocr_par ocr_line ocrx_word'/>
</head>
<body>
  <div class='ocr_page' id='page_1' title='image "./patrologiaecurs35unkngoog_0818.png"; bbox 0 0 3802 6030; ppageno 0'>
   <div class='ocr_carea' id='block_1_1' title="bbox 59 279 1761 355">
    <p class='ocr_par' dir='ltr' id='par_1_1' title="bbox 59 279 1761 355">
     <span class='ocr_line' id='line_1_1' title="bbox 59 279 1761 355; baseline -0.001 -9"><span class='ocrx_word' id='word_1_1' title='bbox 59 284 138 348; x_wconf 70' lang='lat'><strong>{033</strong></span> <span class='ocrx_word' id='word_1_2' title='bbox 499 279 636 346; x_wconf 77' lang='lat' dir='ltr'><strong>Passto</strong></span> <span class='ocrx_word' id='word_1_3' title='bbox 657 280 709 344; x_wconf 88' lang='lat' dir='ltr'><strong>SS.</strong></span> <span class='ocrx_word' id='word_1_4' title='bbox 734 281 856 346; x_wconf 75' lang='lat' dir='ltr'><strong>Mser.</strong></span> <span class='ocrx_word' id='word_1_5' title='bbox 879 279 1025 347; x_wconf 66' lang='lat' dir='ltr'><strong>estreis</strong></span> <span class='ocrx_word' id='word_1_6' title='bbox 1046 283 1097 346; x_wconf 78' lang='lat' dir='ltr'><strong>tir</strong></span> <span class='ocrx_word' id='word_1_7' title='bbox 1119 282 1303 355; x_wconf 76' lang='lat' dir='ltr'><strong>unacurt.</strong></span> <span class='ocrx_word' id='word_1_8' title='bbox 1682 281 1761 347; x_wconf 73' lang='grc'><strong>1834</strong></span> 
     </span>
    </p>
   </div>
   <div class='ocr_carea' id='block_1_2' title="bbox 10 415 1763 1043">
    <p class='ocr_par' dir='ltr' id='par_1_2' title="bbox 10 415 1578 502">
     <span class='ocr_line' id='line_1_2' title="bbox 10 415 1578 502; baseline -0.002 -25"><span class='ocrx_word' id='word_1_9' title='bbox 10 490 13 502; x_wconf 36' lang='grc' dir='ltr'>Ι</span> <span class='ocrx_word' id='word_1_10' title='bbox 52 418 161 477; x_wconf 86' lang='lat' dir='ltr'><strong>Omnia</strong></span> <span class='ocrx_word' id='word_1_11' title='bbox 173 415 331 476; x_wconf 86' lang='lat' dir='ltr'><strong>commissa</strong></span> <span class='ocrx_word' id='word_1_12' title='bbox 345 416 398 475; x_wconf 92' lang='lat' dir='ltr'><strong>tibi</strong></span> <span class='ocrx_word' id='word_1_13' title='bbox 415 419 531 477; x_wconf 85' lang='lat' dir='ltr'><strong>noveris</strong></span> <span class='ocrx_word' id='word_1_14' title='bbox 545 435 610 476; x_wconf 90' lang='lat' dir='ltr'><strong>esse</strong></span> <span class='ocrx_word' id='word_1_15' title='bbox 626 418 761 476; x_wconf 85' lang='lat' dir='ltr'><strong>remissa.</strong></span> <span class='ocrx_word' id='word_1_16' title='bbox 890 425 919 489; x_wconf 77' lang='grc' dir='ltr'>Α</span> <span class='ocrx_word' id='word_1_17' title='bbox 935 422 1055 475; x_wconf 85' lang='lat' dir='ltr'><strong>Pectore</strong></span> <span class='ocrx_word' id='word_1_18' title='bbox 1069 420 1147 492; x_wconf 87' lang='lat' dir='ltr'><strong>quod</strong></span> <span class='ocrx_word' id='word_1_19' title='bbox 1162 419 1240 477; x_wconf 89' lang='lat' dir='ltr'><strong>tristi</strong></span> <span class='ocrx_word' id='word_1_20' title='bbox 1257 420 1381 494; x_wconf 84' lang='lat' dir='ltr'><strong>perlecto</strong></span> <span class='ocrx_word' id='word_1_21' title='bbox 1396 417 1558 491; x_wconf 78' lang='lat' dir='ltr'><strong>poenituisti</strong></span> <span class='ocrx_word' id='word_1_22' title='bbox 1571 438 1578 487; x_wconf 90' lang='lat'>;</span> 
     </span>
    </p>

    <p class='ocr_par' dir='ltr' id='par_1_3' title="bbox 10 505 1724 591">
     <span class='ocr_line' id='line_1_3' title="bbox 10 505 1724 591; baseline 0.001 -25"><span class='ocrx_word' id='word_1_23' title='bbox 10 557 13 591; x_wconf 35' lang='grc' dir='ltr'>ἔ</span> <span class='ocrx_word' id='word_1_24' title='bbox 53 505 193 567; x_wconf 76' lang='lat' dir='ltr'>Reddidit</span> <span class='ocrx_word' id='word_1_25' title='bbox 207 508 258 564; x_wconf 88' lang='lat' dir='ltr'><strong>illa</strong></span> <span class='ocrx_word' id='word_1_26' title='bbox 272 512 367 569; x_wconf 83' lang='lat' dir='ltr'><strong>Patri:</strong></span> <span class='ocrx_word' id='word_1_27' title='bbox 379 510 460 578; x_wconf 82' lang='lat' dir='ltr'><strong>Quod</strong></span> <span class='ocrx_word' id='word_1_28' title='bbox 474 511 529 566; x_wconf 91' lang='lat' dir='ltr'><strong>sub</strong></span> <span class='ocrx_word' id='word_1_29' title='bbox 540 515 671 581; x_wconf 90' lang='lat' dir='ltr'><strong>tempore</strong></span> <span class='ocrx_word' id='word_1_30' title='bbox 681 508 805 567; x_wconf 85' lang='lat' dir='ltr'><strong>carceris</strong></span> <span class='ocrx_word' id='word_1_31' title='bbox 815 507 882 576; x_wconf 86' lang='lat' dir='ltr'><strong>atri,</strong></span> <span class='ocrx_word' id='word_1_32' title='bbox 933 509 1065 582; x_wconf 88' lang='lat' dir='ltr'><strong>Namque</strong></span> <span class='ocrx_word' id='word_1_33' title='bbox 1081 511 1139 568; x_wconf 83' lang='lat' dir='ltr'><strong>lieo</strong></span> <span class='ocrx_word' id='word_1_34' title='bbox 1155 519 1256 584; x_wconf 79' lang='lat' dir='ltr'><strong>gratus</strong></span> <span class='ocrx_word' id='word_1_35' title='bbox 1275 513 1339 582; x_wconf 85' lang='lat' dir='ltr'><strong>plus</strong></span> <span class='ocrx_word' id='word_1_36' title='bbox 1355 514 1477 583; x_wconf 82' lang='lat' dir='ltr'><strong>spiritua</strong></span> <span class='ocrx_word' id='word_1_37' title='bbox 1493 517 1537 568; x_wconf 87' lang='lat' dir='ltr'><strong>est</strong></span> <span class='ocrx_word' id='word_1_38' title='bbox 1557 510 1724 580; x_wconf 70' lang='lat' dir='ltr'><strong>tribulatus,</strong></span> 
     </span>
    </p>

    <p class='ocr_par' dir='ltr' id='par_1_4' title="bbox 10 597 1724 681">
     <span class='ocr_line' id='line_1_4' title="bbox 10 597 1724 681; baseline 0.002 -28"><span class='ocrx_word' id='word_1_39' title='bbox 10 664 13 681; x_wconf 42' lang='grc' dir='ltr'>Ι</span> <span class='ocrx_word' id='word_1_40' title='bbox 55 600 117 666; x_wconf 83' lang='lat' dir='ltr'><strong>Quo</strong></span> <span class='ocrx_word' id='word_1_41' title='bbox 128 614 246 671; x_wconf 86' lang='lat' dir='ltr'><strong>semper</strong></span> <span class='ocrx_word' id='word_1_42' title='bbox 260 597 332 666; x_wconf 87' lang='lat' dir='ltr'><strong>luxi,</strong></span> <span class='ocrx_word' id='word_1_43' title='bbox 350 599 390 654; x_wconf 92' lang='lat' dir='ltr'><strong>nil</strong></span> <span class='ocrx_word' id='word_1_44' title='bbox 404 598 536 670; x_wconf 74' lang='lat' dir='ltr'><strong>longum,</strong></span> <span class='ocrx_word' id='word_1_45' title='bbox 552 599 594 654; x_wconf 91' lang='lat' dir='ltr'><strong>nil</strong></span> <span class='ocrx_word' id='word_1_46' title='bbox 605 615 692 672; x_wconf 79' lang='lat' dir='ltr'><strong>grace</strong></span> <span class='ocrx_word' id='word_1_47' title='bbox 707 599 777 654; x_wconf 78' lang='lat' dir='ltr'><strong>duxi</strong></span> <span class='ocrx_word' id='word_1_48' title='bbox 934 599 1028 665; x_wconf 84' lang='lat' dir='ltr'><strong>Quem</strong></span> <span class='ocrx_word' id='word_1_49' title='bbox 1044 600 1182 656; x_wconf 84' lang='lat' dir='ltr'><strong>tribulata</strong></span> <span class='ocrx_word' id='word_1_50' title='bbox 1197 617 1264 658; x_wconf 87' lang='lat' dir='ltr'><strong>carc</strong></span> <span class='ocrx_word' id='word_1_51' title='bbox 1279 602 1459 657; x_wconf 89' lang='lat' dir='ltr'><strong>cruciamine</strong></span> <span class='ocrx_word' id='word_1_52' title='bbox 1473 617 1591 673; x_wconf 91' lang='lat' dir='ltr'><strong>semper</strong></span> <span class='ocrx_word' id='word_1_53' title='bbox 1613 616 1724 657; x_wconf 89' lang='lat' dir='ltr'><strong>amaro.</strong></span> 
     </span>
    </p>

    <p class='ocr_par' dir='ltr' id='par_1_5' title="bbox 10 690 1763 771">
     <span class='ocr_line' id='line_1_5' title="bbox 10 690 1763 771; baseline 0.001 -26"><span class='ocrx_word' id='word_1_54' title='bbox 10 734 13 771; x_wconf 59' lang='grc' dir='ltr'>Ι</span> <span class='ocrx_word' id='word_1_55' title='bbox 52 690 96 745; x_wconf 73' lang='lat' dir='ltr'><strong>bd</strong></span> <span class='ocrx_word' id='word_1_56' title='bbox 113 693 301 762; x_wconf 91' lang='lat' dir='ltr'><strong>peecatorum</strong></span> <span class='ocrx_word' id='word_1_57' title='bbox 317 706 472 746; x_wconf 91' lang='lat' dir='ltr'><strong>numerum</strong></span> <span class='ocrx_word' id='word_1_58' title='bbox 489 690 663 762; x_wconf 88' lang='lat' dir='ltr'><strong>pondusque</strong></span> <span class='ocrx_word' id='word_1_59' title='bbox 678 704 824 746; x_wconf 90' lang='lat' dir='ltr'><strong>meorum.</strong></span> <span class='ocrx_word' id='word_1_60' title='bbox 933 690 1003 745; x_wconf 86' lang='lat' dir='ltr'><strong>Plus</strong></span> <span class='ocrx_word' id='word_1_61' title='bbox 1018 705 1068 745; x_wconf 89' lang='lat' dir='ltr'><strong>cor</strong></span> <span class='ocrx_word' id='word_1_62' title='bbox 1082 692 1242 747; x_wconf 90' lang='lat' dir='ltr'><strong>contritum</strong></span> <span class='ocrx_word' id='word_1_63' title='bbox 1261 692 1375 763; x_wconf 91' lang='lat' dir='ltr'><strong>probat,</strong></span> <span class='ocrx_word' id='word_1_64' title='bbox 1391 693 1480 763; x_wconf 88' lang='lat' dir='ltr'><strong>inque</strong></span> <span class='ocrx_word' id='word_1_65' title='bbox 1498 693 1571 746; x_wconf 86' lang='lat' dir='ltr'><strong>bono</strong></span> <span class='ocrx_word' id='word_1_66' title='bbox 1587 691 1763 759; x_wconf 81' lang='lat' dir='ltr'><strong>stabilitum,</strong></span> 
     </span>
    </p>

    <p class='ocr_par' dir='ltr' id='par_1_6' title="bbox 10 775 1725 942">
     <span class='ocr_line' id='line_1_6' title="bbox 10 775 1725 863; baseline 0.001 -28"><span class='ocrx_word' id='word_1_67' title='bbox 10 822 17 863; x_wconf 60' lang='grc' dir='ltr'>ι</span> <span class='ocrx_word' id='word_1_68' title='bbox 53 775 113 835; x_wconf 81' lang='lat' dir='ltr'><strong>Hoc</strong></span> <span class='ocrx_word' id='word_1_69' title='bbox 129 778 170 833; x_wconf 89' lang='lat' dir='ltr'><strong>ita</strong></span> <span class='ocrx_word' id='word_1_70' title='bbox 182 793 229 834; x_wconf 94' lang='lat' dir='ltr'><strong>me</strong></span> <span class='ocrx_word' id='word_1_71' title='bbox 244 779 350 849; x_wconf 75' lang='lat' dir='ltr'><strong>pressit</strong></span> <span class='ocrx_word' id='word_1_72' title='bbox 365 779 443 853; x_wconf 91' lang='lat' dir='ltr'><strong>quud</strong></span> <span class='ocrx_word' id='word_1_73' title='bbox 456 795 607 850; x_wconf 88' lang='lat' dir='ltr'><strong>nunquam</strong></span> <span class='ocrx_word' id='word_1_74' title='bbox 623 794 640 834; x_wconf 89' lang='lat' dir='ltr'><strong>a</strong></span> <span class='ocrx_word' id='word_1_75' title='bbox 656 783 752 835; x_wconf 91' lang='lat' dir='ltr'><strong>mente</strong></span> <span class='ocrx_word' id='word_1_76' title='bbox 763 776 883 836; x_wconf 73' lang='lat' dir='ltr'><strong>recessit</strong></span> <span class='ocrx_word' id='word_1_77' title='bbox 932 778 1025 844; x_wconf 82' lang='lat' dir='ltr'><strong>Quam</strong></span> <span class='ocrx_word' id='word_1_78' title='bbox 1041 779 1068 835; x_wconf 92' lang='lat' dir='ltr'><strong>si</strong></span> <span class='ocrx_word' id='word_1_79' title='bbox 1083 783 1245 851; x_wconf 71' lang='lat' dir='ltr'>compescis</span> <span class='ocrx_word' id='word_1_80' title='bbox 1261 785 1288 836; x_wconf 94' lang='lat' dir='ltr'><strong>te</strong></span> <span class='ocrx_word' id='word_1_81' title='bbox 1303 796 1420 853; x_wconf 89' lang='lat' dir='ltr'><strong>semper</strong></span> <span class='ocrx_word' id='word_1_82' title='bbox 1434 784 1471 836; x_wconf 86' lang='lat' dir='ltr'><strong>ab</strong></span> <span class='ocrx_word' id='word_1_83' title='bbox 1486 781 1623 838; x_wconf 85' lang='lat' dir='ltr'><strong>omnibus</strong></span> <span class='ocrx_word' id='word_1_84' title='bbox 1639 781 1725 837; x_wconf 87' lang='lat' dir='ltr'><strong>escis.</strong></span> 
     </span>
     <span class='ocr_line' id='line_1_7' title="bbox 54 865 1668 942; baseline 0.001 -18"><span class='ocrx_word' id='word_1_85' title='bbox 54 866 182 924; x_wconf 79' lang='lat' dir='ltr'><strong>Naribus</strong></span> <span class='ocrx_word' id='word_1_86' title='bbox 198 876 229 925; x_wconf 92' lang='lat' dir='ltr'><strong>ut</strong></span> <span class='ocrx_word' id='word_1_87' title='bbox 244 865 347 926; x_wconf 80' lang='lat' dir='ltr'><strong>datum</strong></span> <span class='ocrx_word' id='word_1_88' title='bbox 360 869 404 925; x_wconf 89' lang='lat' dir='ltr'><strong>eie</strong></span> <span class='ocrx_word' id='word_1_89' title='bbox 418 869 497 942; x_wconf 82' lang='lat' dir='ltr'><strong>gessi</strong></span> <span class='ocrx_word' id='word_1_90' title='bbox 514 874 610 926; x_wconf 88' lang='lat' dir='ltr'><strong>mente</strong></span> <span class='ocrx_word' id='word_1_91' title='bbox 630 875 755 926; x_wconf 91' lang='lat' dir='ltr'><strong>reatum.</strong></span> <span class='ocrx_word' id='word_1_92' title='bbox 935 867 1097 941; x_wconf 77' lang='lat' dir='ltr'><strong>Quinquies</strong></span> <span class='ocrx_word' id='word_1_93' title='bbox 1111 869 1163 924; x_wconf 86' lang='lat' dir='ltr'><strong>illa</strong></span> <span class='ocrx_word' id='word_1_94' title='bbox 1178 872 1273 926; x_wconf 90' lang='lat' dir='ltr'><strong>tribus</strong></span> <span class='ocrx_word' id='word_1_95' title='bbox 1289 870 1358 926; x_wconf 76' lang='lat' dir='ltr'><strong>risit</strong></span> <span class='ocrx_word' id='word_1_96' title='bbox 1377 870 1538 942; x_wconf 90' lang='lat' dir='ltr'><strong>superista</strong></span> <span class='ocrx_word' id='word_1_97' title='bbox 1553 870 1668 939; x_wconf 84' lang='lat' dir='ltr'><strong>diebus,</strong></span> 
     </span>
    </p>

    <p class='ocr_par' dir='ltr' id='par_1_7' title="bbox 10 955 1673 1043">
     <span class='ocr_line' id='line_1_8' title="bbox 10 955 1673 1043; baseline 0.003 -30"><span class='ocrx_word' id='word_1_98' title='bbox 10 1004 14 1043; x_wconf 25' lang='grc' dir='ltr'>ἱ</span> <span class='ocrx_word' id='word_1_99' title='bbox 51 959 134 1014; x_wconf 80' lang='lat' dir='ltr'><strong>Tunc</strong></span> <span class='ocrx_word' id='word_1_100' title='bbox 147 957 253 1015; x_wconf 82' lang='lat' dir='ltr'><strong>Pater:</strong></span> <span class='ocrx_word' id='word_1_101' title='bbox 270 959 340 1032; x_wconf 88' lang='lat' dir='ltr'><strong>llcc,</strong></span> <span class='ocrx_word' id='word_1_102' title='bbox 355 959 463 1032; x_wconf 89' lang='lat' dir='ltr'><strong>inquit,</strong></span> <span class='ocrx_word' id='word_1_103' title='bbox 478 958 533 1016; x_wconf 92' lang='lat' dir='ltr'><strong>tibi</strong></span> <span class='ocrx_word' id='word_1_104' title='bbox 548 957 589 1014; x_wconf 90' lang='lat' dir='ltr'><strong>nii</strong></span> <span class='ocrx_word' id='word_1_105' title='bbox 603 959 718 1031; x_wconf 80' lang='lat' dir='ltr'><strong>paenale</strong></span> <span class='ocrx_word' id='word_1_106' title='bbox 728 956 878 1032; x_wconf 87' lang='lat' dir='ltr'><strong>relinquit,</strong></span> <span class='ocrx_word' id='word_1_107' title='bbox 934 955 970 1014; x_wconf 84' lang='lat' dir='ltr'><strong>lit</strong></span> <span class='ocrx_word' id='word_1_108' title='bbox 984 958 1026 1015; x_wconf 87' lang='lat' dir='ltr'><strong>sic</strong></span> <span class='ocrx_word' id='word_1_109' title='bbox 1041 973 1110 1015; x_wconf 88' lang='lat' dir='ltr'><strong>cum</strong></span> <span class='ocrx_word' id='word_1_110' title='bbox 1129 959 1255 1031; x_wconf 84' lang='lat' dir='ltr'><strong>Christo,</strong></span> <span class='ocrx_word' id='word_1_111' title='bbox 1272 960 1383 1016; x_wconf 91' lang='lat' dir='ltr'><strong>mundo</strong></span> <span class='ocrx_word' id='word_1_112' title='bbox 1398 959 1540 1032; x_wconf 76' lang='lat' dir='ltr'><strong>requievit</strong></span> <span class='ocrx_word' id='word_1_113' title='bbox 1554 959 1591 1016; x_wconf 90' lang='lat' dir='ltr'><strong>ab</strong></span> <span class='ocrx_word' id='word_1_114' title='bbox 1607 961 1673 1019; x_wconf 84' lang='lat' dir='ltr'><strong>isto.</strong></span> 
     </span>
    </p>
   </div>
   <div class='ocr_carea' id='block_1_3' title="bbox 10 1184 1050 1394">
    <p class='ocr_par' dir='ltr' id='par_1_8' title="bbox 10 1184 1050 1394">
     <span class='ocr_line' id='line_1_9' title="bbox 10 1184 1050 1394; baseline 0.018 -19"><span class='ocrx_word' id='word_1_115' title='bbox 10 1184 17 1375; x_wconf 71' lang='grc' dir='ltr'><strong>ἓ</strong></span> <span class='ocrx_word' id='word_1_116' title='bbox 749 1266 1050 1394; x_wconf 80' lang='lat' dir='ltr'><strong>Passio</strong></span> 
     </span>
    </p>
   </div>
   <div class='ocr_carea' id='block_1_4' title="bbox 10 1456 1434 1585">
    <p class='ocr_par' dir='ltr' id='par_1_9' title="bbox 10 1456 1434 1585">
     <span class='ocr_line' id='line_1_10' title="bbox 10 1456 1434 1585; baseline -0.006 -13"><span class='ocrx_word' id='word_1_117' title='bbox 10 1456 16 1585; x_wconf 72' lang='grc' dir='ltr'><em>ζ</em></span> <span class='ocrx_word' id='word_1_118' title='bbox 388 1494 664 1567; x_wconf 82' lang='lat' dir='ltr'><strong>sanecencru</strong></span> <span class='ocrx_word' id='word_1_119' title='bbox 689 1493 940 1568; x_wconf 80' lang='lat' dir='ltr'><strong>aanmnuu</strong></span> <span class='ocrx_word' id='word_1_120' title='bbox 964 1491 1128 1562; x_wconf 78' lang='lat' dir='ltr'><strong>recreta</strong></span> <span class='ocrx_word' id='word_1_121' title='bbox 1153 1492 1207 1562; x_wconf 79' lang='lat' dir='ltr'><strong>er</strong></span> <span class='ocrx_word' id='word_1_122' title='bbox 1229 1492 1434 1564; x_wconf 77' lang='lat' dir='ltr'><strong>annueri.</strong></span> 
     </span>
    </p>
   </div>
   <div class='ocr_carea' id='block_1_5' title="bbox 10 1866 1782 5511">
    <p class='ocr_par' dir='ltr' id='par_1_10' title="bbox 87 1866 1728 1947">
     <span class='ocr_line' id='line_1_11' title="bbox 87 1866 1728 1947; baseline 0.001 -21"><span class='ocrx_word' id='word_1_123' title='bbox 87 1867 166 1926; x_wconf 72' lang='lat' dir='ltr'><strong>Pelix</strong></span> <span class='ocrx_word' id='word_1_124' title='bbox 180 1868 248 1935; x_wconf 89' lang='lat' dir='ltr'><strong>ilde,</strong></span> <span class='ocrx_word' id='word_1_125' title='bbox 263 1866 333 1926; x_wconf 81' lang='lat' dir='ltr'><strong>felix</strong></span> <span class='ocrx_word' id='word_1_126' title='bbox 348 1874 425 1938; x_wconf 86' lang='lat' dir='ltr'><strong>ectu,</strong></span> <span class='ocrx_word' id='word_1_127' title='bbox 443 1868 521 1927; x_wconf 77' lang='lat' dir='ltr'><strong>Felix</strong></span> <span class='ocrx_word' id='word_1_128' title='bbox 536 1869 658 1944; x_wconf 77' lang='lat' dir='ltr'><strong>quidam</strong></span> <span class='ocrx_word' id='word_1_129' title='bbox 674 1866 804 1937; x_wconf 90' lang='lat' dir='ltr'><strong>ncmlns,</strong></span> <span class='ocrx_word' id='word_1_130' title='bbox 896 1879 921 1947; x_wconf 74' lang='grc' dir='ltr'><em>Β</em></span> <span class='ocrx_word' id='word_1_131' title='bbox 937 1868 979 1926; x_wconf 77' lang='lat' dir='ltr'><strong>bd</strong></span> <span class='ocrx_word' id='word_1_132' title='bbox 996 1867 1155 1942; x_wconf 82' lang='lat' dir='ltr'><strong>pericolum</strong></span> <span class='ocrx_word' id='word_1_133' title='bbox 1172 1871 1368 1935; x_wconf 84' lang='lat' dir='ltr'><strong>revertuntur,</strong></span> <span class='ocrx_word' id='word_1_134' title='bbox 1384 1871 1414 1925; x_wconf 92' lang='lat' dir='ltr'><strong>et</strong></span> <span class='ocrx_word' id='word_1_135' title='bbox 1427 1868 1564 1943; x_wconf 73' lang='lat' dir='ltr'><strong>predicta</strong></span> <span class='ocrx_word' id='word_1_136' title='bbox 1580 1868 1728 1941; x_wconf 88' lang='lat' dir='ltr'><strong>nuntiant,</strong></span> 
     </span>
    </p>

    <p class='ocr_par' dir='ltr' id='par_1_11' title="bbox 10 1956 1710 2213">
     <span class='ocr_line' id='line_1_12' title="bbox 10 1956 1710 2041; baseline 0 -24"><span class='ocrx_word' id='word_1_137' title='bbox 10 2003 14 2041; x_wconf 74' lang='grc'>,</span> <span class='ocrx_word' id='word_1_138' title='bbox 50 1957 153 2017; x_wconf 73' lang='lat' dir='ltr'><strong>Romae</strong></span> <span class='ocrx_word' id='word_1_139' title='bbox 167 1965 255 2016; x_wconf 87' lang='lat' dir='ltr'><strong>natus</strong></span> <span class='ocrx_word' id='word_1_140' title='bbox 269 1967 296 2017; x_wconf 87' lang='lat' dir='ltr'><strong>et</strong></span> <span class='ocrx_word' id='word_1_141' title='bbox 312 1961 450 2028; x_wconf 80' lang='lat' dir='ltr'><strong>nutritus,</strong></span> <span class='ocrx_word' id='word_1_142' title='bbox 466 1967 496 2019; x_wconf 90' lang='lat' dir='ltr'><strong>et</strong></span> <span class='ocrx_word' id='word_1_143' title='bbox 511 1964 646 2020; x_wconf 84' lang='lat' dir='ltr'><strong>sacerdos</strong></span> <span class='ocrx_word' id='word_1_144' title='bbox 661 1962 776 2032; x_wconf 90' lang='lat' dir='ltr'><strong>ordine,</strong></span> <span class='ocrx_word' id='word_1_145' title='bbox 936 1957 1011 2014; x_wconf 82' lang='lat' dir='ltr'><strong>Etsi</strong></span> <span class='ocrx_word' id='word_1_146' title='bbox 1026 1974 1083 2027; x_wconf 87' lang='lat' dir='ltr'><strong>quo</strong></span> <span class='ocrx_word' id='word_1_147' title='bbox 1099 1957 1164 2028; x_wconf 86' lang='lat' dir='ltr'><strong>plus</strong></span> <span class='ocrx_word' id='word_1_148' title='bbox 1180 1956 1352 2029; x_wconf 88' lang='lat' dir='ltr'><strong>loquantur,</strong></span> <span class='ocrx_word' id='word_1_149' title='bbox 1369 1958 1436 2031; x_wconf 88' lang='lat' dir='ltr'><strong>plus</strong></span> <span class='ocrx_word' id='word_1_150' title='bbox 1453 1961 1710 2018; x_wconf 84' lang='lat' dir='ltr'><strong>iuraresexcitnnt.</strong></span> 
     </span>
     <span class='ocr_line' id='line_1_13' title="bbox 54 2045 1631 2118; baseline -0.001 -12"><span class='ocrx_word' id='word_1_151' title='bbox 54 2049 259 2106; x_wconf 85' lang='lat' dir='ltr'><strong>Persecuticne</strong></span> <span class='ocrx_word' id='word_1_152' title='bbox 276 2050 354 2106; x_wconf 89' lang='lat' dir='ltr'><strong>mola</strong></span> <span class='ocrx_word' id='word_1_153' title='bbox 366 2051 530 2109; x_wconf 85' lang='lat' dir='ltr'><strong>Christiano</strong></span> <span class='ocrx_word' id='word_1_154' title='bbox 546 2052 669 2118; x_wconf 85' lang='lat' dir='ltr'><strong>nemini,</strong></span> <span class='ocrx_word' id='word_1_155' title='bbox 936 2045 1015 2103; x_wconf 73' lang='lat' dir='ltr'><strong>Felix</strong></span> <span class='ocrx_word' id='word_1_156' title='bbox 1029 2045 1112 2103; x_wconf 82' lang='lat' dir='ltr'><strong>laetus</strong></span> <span class='ocrx_word' id='word_1_157' title='bbox 1127 2052 1157 2102; x_wconf 91' lang='lat' dir='ltr'><strong>et</strong></span> <span class='ocrx_word' id='word_1_158' title='bbox 1172 2048 1288 2118; x_wconf 85' lang='lat' dir='ltr'><strong>quietus</strong></span> <span class='ocrx_word' id='word_1_159' title='bbox 1304 2047 1385 2103; x_wconf 86' lang='lat' dir='ltr'><strong>vultu</strong></span> <span class='ocrx_word' id='word_1_160' title='bbox 1402 2054 1462 2104; x_wconf 88' lang='lat' dir='ltr'><strong>stat</strong></span> <span class='ocrx_word' id='word_1_161' title='bbox 1476 2048 1631 2118; x_wconf 88' lang='lat' dir='ltr'><strong>intrepido,</strong></span> 
     </span>
     <span class='ocr_line' id='line_1_14' title="bbox 55 2134 1614 2213; baseline 0.003 -20"><span class='ocrx_word' id='word_1_162' title='bbox 55 2140 179 2195; x_wconf 85' lang='lat' dir='ltr'><strong>Vinctus</strong></span> <span class='ocrx_word' id='word_1_163' title='bbox 193 2138 373 2196; x_wconf 82' lang='lat' dir='ltr'><strong>Diocletiano</strong></span> <span class='ocrx_word' id='word_1_164' title='bbox 387 2146 582 2213; x_wconf 79' lang='lat' dir='ltr'><strong>praesentatur</strong></span> <span class='ocrx_word' id='word_1_165' title='bbox 595 2142 713 2198; x_wconf 78' lang='lat' dir='ltr'><strong>Caesari.</strong></span> <span class='ocrx_word' id='word_1_166' title='bbox 936 2134 1067 2192; x_wconf 74' lang='lat' dir='ltr'><strong>Cruciuri</strong></span> <span class='ocrx_word' id='word_1_167' title='bbox 1081 2135 1124 2191; x_wconf 73' lang='lat' dir='ltr'><strong>vel</strong></span> <span class='ocrx_word' id='word_1_168' title='bbox 1141 2136 1262 2191; x_wconf 67' lang='lat' dir='ltr'><strong>meolati</strong></span> <span class='ocrx_word' id='word_1_169' title='bbox 1278 2137 1400 2208; x_wconf 77' lang='lat' dir='ltr'><strong>cupiens</strong></span> <span class='ocrx_word' id='word_1_170' title='bbox 1416 2153 1465 2208; x_wconf 84' lang='lat' dir='ltr'><strong>pto</strong></span> <span class='ocrx_word' id='word_1_171' title='bbox 1483 2137 1614 2195; x_wconf 82' lang='lat' dir='ltr'><strong>Domine·</strong></span> 
     </span>
    </p>

    <p class='ocr_par' dir='ltr' id='par_1_12' title="bbox 53 2223 1729 2305">
     <span class='ocr_line' id='line_1_15' title="bbox 53 2223 1729 2305; baseline 0.003 -27"><span class='ocrx_word' id='word_1_172' title='bbox 53 2227 166 2287; x_wconf 65' lang='lat' dir='ltr'><strong>Drusus</strong></span> <span class='ocrx_word' id='word_1_173' title='bbox 181 2235 245 2286; x_wconf 70' lang='lat' dir='ltr'><strong>arat</strong></span> <span class='ocrx_word' id='word_1_174' title='bbox 258 2240 326 2288; x_wconf 72' lang='lat' dir='ltr'><strong>runo</strong></span> <span class='ocrx_word' id='word_1_175' title='bbox 343 2234 507 2304; x_wconf 60' lang='lat' dir='ltr'><strong>passerius,</strong></span> <span class='ocrx_word' id='word_1_176' title='bbox 525 2234 672 2305; x_wconf 61' lang='lat' dir='ltr'><strong>pessimus</strong></span> <span class='ocrx_word' id='word_1_177' title='bbox 684 2232 819 2304; x_wconf 69' lang='lat' dir='ltr'><strong>idolatra,</strong></span> <span class='ocrx_word' id='word_1_178' title='bbox 936 2223 1019 2281; x_wconf 83' lang='lat' dir='ltr'><strong>&#39;lunc</strong></span> <span class='ocrx_word' id='word_1_179' title='bbox 1037 2230 1175 2298; x_wconf 87' lang='lat' dir='ltr'><strong>arreptus</strong></span> <span class='ocrx_word' id='word_1_180' title='bbox 1190 2231 1219 2281; x_wconf 91' lang='lat' dir='ltr'><strong>et</strong></span> <span class='ocrx_word' id='word_1_181' title='bbox 1234 2223 1369 2297; x_wconf 87' lang='lat' dir='ltr'><strong>pulsatus</strong></span> <span class='ocrx_word' id='word_1_182' title='bbox 1383 2226 1499 2282; x_wconf 92' lang='lat' dir='ltr'><strong>scandit</strong></span> <span class='ocrx_word' id='word_1_183' title='bbox 1513 2227 1542 2283; x_wconf 93' lang='lat' dir='ltr'><strong>in</strong></span> <span class='ocrx_word' id='word_1_184' title='bbox 1562 2227 1729 2300; x_wconf 84' lang='lat' dir='ltr'><strong>equuleum.</strong></span> 
     </span>
    </p>

    <p class='ocr_par' dir='ltr' id='par_1_13' title="bbox 54 2312 1617 2396">
     <span class='ocr_line' id='line_1_16' title="bbox 54 2312 1617 2396; baseline 0.006 -31"><span class='ocrx_word' id='word_1_185' title='bbox 54 2317 109 2383; x_wconf 74' lang='lat' dir='ltr'><strong>oui</strong></span> <span class='ocrx_word' id='word_1_186' title='bbox 125 2328 292 2376; x_wconf 71' lang='lat' dir='ltr'><strong>sanctorum</strong></span> <span class='ocrx_word' id='word_1_187' title='bbox 305 2323 392 2392; x_wconf 67' lang='lat' dir='ltr'><strong>Jusnu</strong></span> <span class='ocrx_word' id='word_1_188' title='bbox 410 2323 486 2395; x_wconf 65' lang='lat' dir='ltr'><strong>regis</strong></span> <span class='ocrx_word' id='word_1_189' title='bbox 501 2323 794 2396; x_wconf 66' lang='lat' dir='ltr'><strong>cpuoiqhatcoppom,</strong></span> <span class='ocrx_word' id='word_1_190' title='bbox 938 2313 973 2369; x_wconf 77' lang='lat' dir='ltr'><strong>Ei</strong></span> <span class='ocrx_word' id='word_1_191' title='bbox 987 2314 1134 2370; x_wconf 73' lang='lat' dir='ltr'><strong>disiectus</strong></span> <span class='ocrx_word' id='word_1_192' title='bbox 1149 2312 1279 2370; x_wconf 76' lang='lat' dir='ltr'><strong>lcnlttlur</strong></span> <span class='ocrx_word' id='word_1_193' title='bbox 1292 2314 1329 2371; x_wconf 74' lang='lat' dir='ltr'><strong>ad</strong></span> <span class='ocrx_word' id='word_1_194' title='bbox 1346 2316 1471 2386; x_wconf 76' lang='lat' dir='ltr'><strong>proelecll</strong></span> <span class='ocrx_word' id='word_1_195' title='bbox 1488 2314 1617 2375; x_wconf 76' lang='lat' dir='ltr'><strong>libitum.</strong></span> 
     </span>
    </p>

    <p class='ocr_par' dir='ltr' id='par_1_14' title="bbox 55 2401 1679 2483">
     <span class='ocr_line' id='line_1_17' title="bbox 55 2401 1679 2483; baseline 0.006 -21"><span class='ocrx_word' id='word_1_196' title='bbox 55 2405 115 2463; x_wconf 86' lang='lat' dir='ltr'><strong>lloe</strong></span> <span class='ocrx_word' id='word_1_197' title='bbox 130 2405 299 2479; x_wconf 86' lang='lat' dir='ltr'><strong>injunctum</strong></span> <span class='ocrx_word' id='word_1_198' title='bbox 315 2415 378 2466; x_wconf 92' lang='lat' dir='ltr'><strong>erat</strong></span> <span class='ocrx_word' id='word_1_199' title='bbox 392 2409 435 2468; x_wconf 91' lang='lat' dir='ltr'><strong>illi</strong></span> <span class='ocrx_word' id='word_1_200' title='bbox 448 2412 549 2468; x_wconf 88' lang='lat' dir='ltr'><strong>merito</strong></span> <span class='ocrx_word' id='word_1_201' title='bbox 562 2412 690 2483; x_wconf 76' lang='lat' dir='ltr'><strong>sevitia,</strong></span> <span class='ocrx_word' id='word_1_202' title='bbox 938 2401 1002 2474; x_wconf 63' lang='lat' dir='ltr'><strong>Diis</strong></span> <span class='ocrx_word' id='word_1_203' title='bbox 1016 2403 1145 2469; x_wconf 61' lang='grc' dir='ltr'><strong>ῑῦῖθῠᾶθι</strong></span> <span class='ocrx_word' id='word_1_204' title='bbox 1159 2402 1216 2472; x_wconf 68' lang='grc' dir='ltr'><strong>ἅῑῦ,</strong></span> <span class='ocrx_word' id='word_1_205' title='bbox 1232 2403 1384 2474; x_wconf 68' lang='lat' dir='ltr'><strong>lffll¹⁰⁸l⁰b</strong></span> <span class='ocrx_word' id='word_1_206' title='bbox 1402 2405 1510 2476; x_wconf 62' lang='lat' dir='ltr'><strong>qulbus</strong></span> <span class='ocrx_word' id='word_1_207' title='bbox 1528 2404 1679 2464; x_wconf 63' lang='lat' dir='ltr'><strong>mtleflcllt</strong></span> 
     </span>
    </p>

    <p class='ocr_par' dir='ltr' id='par_1_15' title="bbox 57 2494 1648 2576">
     <span class='ocr_line' id='line_1_18' title="bbox 57 2494 1648 2576; baseline 0.004 -23"><span class='ocrx_word' id='word_1_208' title='bbox 57 2494 209 2569; x_wconf 75' lang='lat' dir='ltr'><strong>Tanquam</strong></span> <span class='ocrx_word' id='word_1_209' title='bbox 225 2497 297 2554; x_wconf 94' lang='lat' dir='ltr'><strong>nulli</strong></span> <span class='ocrx_word' id='word_1_210' title='bbox 314 2499 479 2566; x_wconf 84' lang='lat' dir='ltr'><strong>miserturo,</strong></span> <span class='ocrx_word' id='word_1_211' title='bbox 497 2501 536 2556; x_wconf 91' lang='lat' dir='ltr'><strong>nil</strong></span> <span class='ocrx_word' id='word_1_212' title='bbox 553 2503 665 2559; x_wconf 85' lang='lat' dir='ltr'><strong>lecturo</strong></span> <span class='ocrx_word' id='word_1_213' title='bbox 680 2501 796 2576; x_wconf 88' lang='lat' dir='ltr'><strong>tepide;</strong></span> <span class='ocrx_word' id='word_1_214' title='bbox 939 2498 1115 2555; x_wconf 84' lang='lat' dir='ltr'><strong>Destrunisti</strong></span> <span class='ocrx_word' id='word_1_215' title='bbox 1130 2500 1328 2556; x_wconf 87' lang='lat' dir='ltr'><strong>venerandam</strong></span> <span class='ocrx_word' id='word_1_216' title='bbox 1345 2505 1475 2556; x_wconf 87' lang='lat' dir='ltr'><strong>statuam</strong></span> <span class='ocrx_word' id='word_1_217' title='bbox 1487 2502 1648 2574; x_wconf 79' lang='lat' dir='ltr'><strong>Serapidis,</strong></span> 
     </span>
    </p>

    <p class='ocr_par' dir='ltr' id='par_1_16' title="bbox 58 2585 1656 2662">
     <span class='ocr_line' id='line_1_19' title="bbox 58 2585 1656 2662; baseline 0.006 -22"><span class='ocrx_word' id='word_1_218' title='bbox 58 2585 100 2641; x_wconf 77' lang='lat' dir='ltr'><strong>ald</strong></span> <span class='ocrx_word' id='word_1_219' title='bbox 117 2602 204 2658; x_wconf 91' lang='lat' dir='ltr'><strong>quem</strong></span> <span class='ocrx_word' id='word_1_220' title='bbox 220 2588 327 2645; x_wconf 88' lang='lat' dir='ltr'><strong>ductus</strong></span> <span class='ocrx_word' id='word_1_221' title='bbox 342 2600 462 2646; x_wconf 88' lang='lat' dir='ltr'><strong>sanctus</strong></span> <span class='ocrx_word' id='word_1_222' title='bbox 477 2589 555 2647; x_wconf 80' lang='lat' dir='ltr'><strong>Felix</strong></span> <span class='ocrx_word' id='word_1_223' title='bbox 566 2590 701 2662; x_wconf 88' lang='lat' dir='ltr'><strong>jussione</strong></span> <span class='ocrx_word' id='word_1_224' title='bbox 711 2590 833 2648; x_wconf 79' lang='lat' dir='ltr'><strong>casaris</strong></span> <span class='ocrx_word' id='word_1_225' title='bbox 941 2588 1017 2645; x_wconf 85' lang='lat' dir='ltr'><strong>Maia</strong></span> <span class='ocrx_word' id='word_1_226' title='bbox 1032 2596 1132 2645; x_wconf 87' lang='lat' dir='ltr'><strong>netum</strong></span> <span class='ocrx_word' id='word_1_227' title='bbox 1150 2604 1270 2662; x_wconf 82' lang='lat' dir='ltr'><strong>germen</strong></span> <span class='ocrx_word' id='word_1_228' title='bbox 1284 2592 1364 2647; x_wconf 81' lang='lat' dir='ltr'><strong>lovis</strong></span> <span class='ocrx_word' id='word_1_229' title='bbox 1378 2595 1406 2647; x_wconf 92' lang='lat' dir='ltr'><strong>et</strong></span> <span class='ocrx_word' id='word_1_230' title='bbox 1423 2590 1537 2648; x_wconf 80' lang='lat' dir='ltr'><strong>Letons</strong></span> <span class='ocrx_word' id='word_1_231' title='bbox 1554 2593 1656 2661; x_wconf 87' lang='lat' dir='ltr'><strong>liliam,</strong></span> 
     </span>
    </p>

    <p class='ocr_par' dir='ltr' id='par_1_17' title="bbox 57 2673 1715 2752">
     <span class='ocr_line' id='line_1_20' title="bbox 57 2673 1715 2752; baseline 0.006 -23"><span class='ocrx_word' id='word_1_232' title='bbox 57 2673 142 2730; x_wconf 78' lang='lat' dir='ltr'><strong>Stetit</strong></span> <span class='ocrx_word' id='word_1_233' title='bbox 156 2675 192 2732; x_wconf 91' lang='lat' dir='ltr'><strong>ad</strong></span> <span class='ocrx_word' id='word_1_234' title='bbox 207 2677 337 2734; x_wconf 83' lang='lat' dir='ltr'><strong>tribunal</strong></span> <span class='ocrx_word' id='word_1_235' title='bbox 354 2696 463 2736; x_wconf 82' lang='lat' dir='ltr'><strong>saevum</strong></span> <span class='ocrx_word' id='word_1_236' title='bbox 479 2697 588 2738; x_wconf 89' lang='lat' dir='ltr'><strong>vacuus</strong></span> <span class='ocrx_word' id='word_1_237' title='bbox 605 2681 779 2738; x_wconf 75' lang='lat' dir='ltr'><strong>formidinis.</strong></span> <span class='ocrx_word' id='word_1_238' title='bbox 940 2682 996 2735; x_wconf 90' lang='lat' dir='ltr'><strong>Per</strong></span> <span class='ocrx_word' id='word_1_239' title='bbox 1010 2694 1084 2752; x_wconf 89' lang='lat' dir='ltr'><strong>quas</strong></span> <span class='ocrx_word' id='word_1_240' title='bbox 1100 2677 1193 2736; x_wconf 84' lang='lat' dir='ltr'><strong>Roma</strong></span> <span class='ocrx_word' id='word_1_241' title='bbox 1208 2684 1287 2735; x_wconf 90' lang='lat' dir='ltr'><strong>tenet</strong></span> <span class='ocrx_word' id='word_1_242' title='bbox 1301 2679 1382 2735; x_wconf 90' lang='lat' dir='ltr'><strong>orbis</strong></span> <span class='ocrx_word' id='word_1_243' title='bbox 1397 2682 1486 2737; x_wconf 87' lang='lat' dir='ltr'><strong>totius</strong></span> <span class='ocrx_word' id='word_1_244' title='bbox 1503 2682 1715 2739; x_wconf 87' lang='lat' dir='ltr'><strong>monarchiam.</strong></span> 
     </span>
    </p>

    <p class='ocr_par' dir='ltr' id='par_1_18' title="bbox 59 2762 1765 2842">
     <span class='ocr_line' id='line_1_21' title="bbox 59 2762 1765 2842; baseline 0.006 -23"><span class='ocrx_word' id='word_1_245' title='bbox 59 2762 173 2835; x_wconf 87' lang='lat' dir='ltr'><strong>Sprevit</strong></span> <span class='ocrx_word' id='word_1_246' title='bbox 187 2779 269 2837; x_wconf 82' lang='lat' dir='ltr'><strong>seque</strong></span> <span class='ocrx_word' id='word_1_247' title='bbox 285 2765 483 2824; x_wconf 79' lang='lat' dir='ltr'><strong>blandientem</strong></span> <span class='ocrx_word' id='word_1_248' title='bbox 501 2768 696 2825; x_wconf 77' lang='lat' dir='ltr'><strong>fraudulentis</strong></span> <span class='ocrx_word' id='word_1_249' title='bbox 710 2767 842 2833; x_wconf 85' lang='lat' dir='ltr'><strong>vocibus,</strong></span> <span class='ocrx_word' id='word_1_250' title='bbox 941 2767 1003 2826; x_wconf 90' lang='lat' dir='ltr'><strong>Nou</strong></span> <span class='ocrx_word' id='word_1_251' title='bbox 1020 2773 1075 2833; x_wconf 87' lang='lat' dir='ltr'><strong>est,</strong></span> <span class='ocrx_word' id='word_1_252' title='bbox 1091 2767 1197 2842; x_wconf 91' lang='lat' dir='ltr'><strong>inquit,</strong></span> <span class='ocrx_word' id='word_1_253' title='bbox 1212 2770 1291 2825; x_wconf 90' lang='lat' dir='ltr'><strong>sicut</strong></span> <span class='ocrx_word' id='word_1_254' title='bbox 1304 2767 1389 2837; x_wconf 90' lang='lat' dir='ltr'><strong>diois,</strong></span> <span class='ocrx_word' id='word_1_255' title='bbox 1407 2786 1512 2841; x_wconf 76' lang='lat' dir='ltr'><strong>preses</strong></span> <span class='ocrx_word' id='word_1_256' title='bbox 1533 2771 1734 2842; x_wconf 72' lang='lat' dir='ltr'><strong>stolidissime,</strong></span> <span class='ocrx_word' id='word_1_257' title='bbox 1761 2766 1765 2771; x_wconf 51' lang='lat'><strong><em>⁴</em></strong></span> 
     </span>
    </p>

    <p class='ocr_par' dir='ltr' id='par_1_19' title="bbox 56 2850 1735 2930">
     <span class='ocr_line' id='line_1_22' title="bbox 56 2850 1735 2930; baseline 0.007 -23"><span class='ocrx_word' id='word_1_258' title='bbox 56 2850 92 2908; x_wconf 76' lang='lat' dir='ltr'><strong>ut</strong></span> <span class='ocrx_word' id='word_1_259' title='bbox 107 2854 231 2910; x_wconf 88' lang='lat' dir='ltr'><strong>subinde</strong></span> <span class='ocrx_word' id='word_1_260' title='bbox 245 2856 409 2913; x_wconf 77' lang='lat' dir='ltr'><strong>saevientem</strong></span> <span class='ocrx_word' id='word_1_261' title='bbox 426 2857 515 2914; x_wconf 91' lang='lat' dir='ltr'><strong>minis</strong></span> <span class='ocrx_word' id='word_1_262' title='bbox 529 2859 721 2916; x_wconf 80' lang='lat' dir='ltr'><strong>terribilibus.</strong></span> <span class='ocrx_word' id='word_1_263' title='bbox 941 2855 1003 2913; x_wconf 89' lang='lat' dir='ltr'><strong>Non</strong></span> <span class='ocrx_word' id='word_1_264' title='bbox 1020 2873 1071 2930; x_wconf 91' lang='lat' dir='ltr'><strong>per</strong></span> <span class='ocrx_word' id='word_1_265' title='bbox 1086 2858 1159 2912; x_wconf 87' lang='lat' dir='ltr'><strong>istos</strong></span> <span class='ocrx_word' id='word_1_266' title='bbox 1174 2864 1276 2930; x_wconf 82' lang='lat' dir='ltr'><strong>regnat</strong></span> <span class='ocrx_word' id='word_1_267' title='bbox 1292 2856 1394 2924; x_wconf 83' lang='lat' dir='ltr'><strong>Roma,</strong></span> <span class='ocrx_word' id='word_1_268' title='bbox 1405 2858 1520 2917; x_wconf 89' lang='lat' dir='ltr'><strong>necbcs</strong></span> <span class='ocrx_word' id='word_1_269' title='bbox 1530 2860 1617 2917; x_wconf 88' lang='lat' dir='ltr'><strong>debes</strong></span> <span class='ocrx_word' id='word_1_270' title='bbox 1630 2861 1735 2927; x_wconf 87' lang='lat' dir='ltr'><strong>colere,</strong></span> 
     </span>
    </p>

    <p class='ocr_par' dir='ltr' id='par_1_20' title="bbox 58 2941 1736 3020">
     <span class='ocr_line' id='line_1_23' title="bbox 58 2941 1736 3020; baseline 0.004 -21"><span class='ocrx_word' id='word_1_271' title='bbox 58 2941 167 3000; x_wconf 76' lang='lat' dir='ltr'><strong>iussus</strong></span> <span class='ocrx_word' id='word_1_272' title='bbox 181 2944 299 3000; x_wconf 85' lang='lat' dir='ltr'><strong>tandem</strong></span> <span class='ocrx_word' id='word_1_273' title='bbox 315 2947 404 3001; x_wconf 87' lang='lat' dir='ltr'><strong>tbura</strong></span> <span class='ocrx_word' id='word_1_274' title='bbox 418 2945 488 3004; x_wconf 87' lang='lat' dir='ltr'><strong>dure</strong></span> <span class='ocrx_word' id='word_1_275' title='bbox 502 2952 607 3005; x_wconf 75' lang='lat' dir='ltr'><strong>statum</strong></span> <span class='ocrx_word' id='word_1_276' title='bbox 620 2947 780 3020; x_wconf 85' lang='lat' dir='ltr'><strong>Serapidis,</strong></span> <span class='ocrx_word' id='word_1_277' title='bbox 941 2944 1013 3001; x_wconf 87' lang='lat' dir='ltr'><strong>Nam</strong></span> <span class='ocrx_word' id='word_1_278' title='bbox 1030 2944 1147 3016; x_wconf 84' lang='lat' dir='ltr'><strong>Serapis</strong></span> <span class='ocrx_word' id='word_1_279' title='bbox 1162 2951 1191 3000; x_wconf 89' lang='lat' dir='ltr'><strong>et</strong></span> <span class='ocrx_word' id='word_1_280' title='bbox 1205 2946 1357 3002; x_wconf 68' lang='lat' dir='ltr'><strong>burbastis</strong></span> <span class='ocrx_word' id='word_1_281' title='bbox 1371 2948 1439 3017; x_wconf 81' lang='grc'>(99),</span> <span class='ocrx_word' id='word_1_282' title='bbox 1455 2958 1482 3002; x_wconf 91' lang='lat' dir='ltr'><strong>et</strong></span> <span class='ocrx_word' id='word_1_283' title='bbox 1497 2948 1590 3004; x_wconf 84' lang='lat' dir='ltr'><strong>Osiris</strong></span> <span class='ocrx_word' id='word_1_284' title='bbox 1606 2951 1736 3020; x_wconf 89' lang='lat' dir='ltr'><strong>perditus</strong></span> 
     </span>
    </p>

    <p class='ocr_par' dir='ltr' id='par_1_21' title="bbox 61 3030 1664 3109">
     <span class='ocr_line' id='line_1_24' title="bbox 61 3030 1664 3109; baseline 0.002 -20"><span class='ocrx_word' id='word_1_285' title='bbox 61 3030 217 3103; x_wconf 82' lang='lat' dir='ltr'><strong>Templum</strong></span> <span class='ocrx_word' id='word_1_286' title='bbox 234 3034 319 3105; x_wconf 90' lang='lat' dir='ltr'><strong>cujus</strong></span> <span class='ocrx_word' id='word_1_287' title='bbox 335 3035 433 3092; x_wconf 90' lang='lat' dir='ltr'><strong>stabat</strong></span> <span class='ocrx_word' id='word_1_288' title='bbox 445 3037 530 3106; x_wconf 79' lang='lat' dir='ltr'><strong>justa</strong></span> <span class='ocrx_word' id='word_1_289' title='bbox 546 3039 727 3094; x_wconf 88' lang='lat' dir='ltr'><strong>mansionem</strong></span> <span class='ocrx_word' id='word_1_290' title='bbox 745 3035 888 3109; x_wconf 72' lang='lat' dir='ltr'><strong>presidis,</strong></span> <span class='ocrx_word' id='word_1_291' title='bbox 942 3032 975 3090; x_wconf 92' lang='lat' dir='ltr'><strong>ln</strong></span> <span class='ocrx_word' id='word_1_292' title='bbox 990 3032 1105 3088; x_wconf 89' lang='lat' dir='ltr'><strong>inierno</strong></span> <span class='ocrx_word' id='word_1_293' title='bbox 1120 3035 1270 3089; x_wconf 88' lang='lat' dir='ltr'><strong>cruciandi</strong></span> <span class='ocrx_word' id='word_1_294' title='bbox 1287 3035 1374 3090; x_wconf 92' lang='lat' dir='ltr'><strong>mersi</strong></span> <span class='ocrx_word' id='word_1_295' title='bbox 1387 3038 1456 3089; x_wconf 89' lang='lat' dir='ltr'><strong>sunt</strong></span> <span class='ocrx_word' id='word_1_296' title='bbox 1471 3036 1664 3105; x_wconf 85' lang='lat' dir='ltr'><strong>prcionditus,</strong></span> 
     </span>
    </p>

    <p class='ocr_par' dir='ltr' id='par_1_22' title="bbox 61 3118 1525 3198">
     <span class='ocr_line' id='line_1_25' title="bbox 61 3118 1525 3198; baseline 0.002 -22"><span class='ocrx_word' id='word_1_297' title='bbox 61 3118 133 3176; x_wconf 84' lang='lat' dir='ltr'><strong>Cum</strong></span> <span class='ocrx_word' id='word_1_298' title='bbox 147 3122 270 3178; x_wconf 86' lang='lat' dir='ltr'><strong>daturus</strong></span> <span class='ocrx_word' id='word_1_299' title='bbox 286 3129 437 3195; x_wconf 87' lang='lat' dir='ltr'><strong>putaretur</strong></span> <span class='ocrx_word' id='word_1_300' title='bbox 453 3132 518 3180; x_wconf 87' lang='lat' dir='ltr'><strong>vota</strong></span> <span class='ocrx_word' id='word_1_301' title='bbox 532 3125 655 3198; x_wconf 82' lang='lat' dir='ltr'><strong>supplex</strong></span> <span class='ocrx_word' id='word_1_302' title='bbox 670 3123 748 3180; x_wconf 89' lang='lat' dir='ltr'><strong>idolo</strong></span> <span class='ocrx_word' id='word_1_303' title='bbox 942 3123 1054 3192; x_wconf 88' lang='lat' dir='ltr'><strong>Jupiter</strong></span> <span class='ocrx_word' id='word_1_304' title='bbox 1069 3126 1097 3178; x_wconf 90' lang='lat' dir='ltr'><strong>ct</strong></span> <span class='ocrx_word' id='word_1_305' title='bbox 1111 3123 1187 3179; x_wconf 81' lang='lat' dir='ltr'><strong>Maia</strong></span> <span class='ocrx_word' id='word_1_306' title='bbox 1203 3134 1288 3178; x_wconf 86' lang='lat' dir='ltr'><strong>natus</strong></span> <span class='ocrx_word' id='word_1_307' title='bbox 1302 3127 1332 3178; x_wconf 90' lang='lat' dir='ltr'><strong>et</strong></span> <span class='ocrx_word' id='word_1_308' title='bbox 1343 3127 1448 3178; x_wconf 79' lang='lat' dir='ltr'><strong>tatone</strong></span> <span class='ocrx_word' id='word_1_309' title='bbox 1463 3123 1525 3180; x_wconf 86' lang='lat' dir='ltr'><strong>tilia</strong></span> 
     </span>
    </p>

    <p class='ocr_par' dir='ltr' id='par_1_23' title="bbox 62 3209 1674 3284">
     <span class='ocr_line' id='line_1_26' title="bbox 62 3209 1674 3284; baseline 0.006 -20"><span class='ocrx_word' id='word_1_310' title='bbox 62 3210 130 3277; x_wconf 77' lang='lat' dir='ltr'><strong>Qus</strong></span> <span class='ocrx_word' id='word_1_311' title='bbox 143 3209 267 3268; x_wconf 87' lang='lat' dir='ltr'><strong>debebat</strong></span> <span class='ocrx_word' id='word_1_312' title='bbox 282 3213 350 3269; x_wconf 91' lang='lat' dir='ltr'><strong>dare</strong></span> <span class='ocrx_word' id='word_1_313' title='bbox 365 3212 436 3269; x_wconf 92' lang='lat' dir='ltr'><strong>nulli</strong></span> <span class='ocrx_word' id='word_1_314' title='bbox 456 3213 512 3269; x_wconf 89' lang='lat' dir='ltr'><strong>nisi</strong></span> <span class='ocrx_word' id='word_1_315' title='bbox 527 3214 581 3270; x_wconf 88' lang='lat' dir='ltr'><strong>soli</strong></span> <span class='ocrx_word' id='word_1_316' title='bbox 597 3214 731 3280; x_wconf 86' lang='lat' dir='ltr'><strong>Domino,</strong></span> <span class='ocrx_word' id='word_1_317' title='bbox 944 3209 1119 3269; x_wconf 78' lang='lat' dir='ltr'><strong>cruciantur</strong></span> <span class='ocrx_word' id='word_1_318' title='bbox 1133 3212 1163 3267; x_wconf 93' lang='lat' dir='ltr'><strong>in</strong></span> <span class='ocrx_word' id='word_1_319' title='bbox 1179 3218 1320 3268; x_wconf 78' lang='lat' dir='ltr'><strong>sternam</strong></span> <span class='ocrx_word' id='word_1_320' title='bbox 1337 3218 1457 3284; x_wconf 87' lang='lat' dir='ltr'><strong>propter</strong></span> <span class='ocrx_word' id='word_1_321' title='bbox 1472 3230 1525 3270; x_wconf 90' lang='lat' dir='ltr'><strong>sua</strong></span> <span class='ocrx_word' id='word_1_322' title='bbox 1540 3214 1674 3273; x_wconf 86' lang='lat' dir='ltr'><strong>crimine.</strong></span> 
     </span>
    </p>

    <p class='ocr_par' dir='ltr' id='par_1_24' title="bbox 61 3260 1775 3374">
     <span class='ocr_line' id='line_1_27' title="bbox 61 3260 1775 3374; baseline 0.005 -19"><span class='ocrx_word' id='word_1_323' title='bbox 61 3297 226 3356; x_wconf 84' lang='lat' dir='ltr'><strong>loeutllavit</strong></span> <span class='ocrx_word' id='word_1_324' title='bbox 240 3301 322 3357; x_wconf 89' lang='lat' dir='ltr'><strong>iaciei</strong></span> <span class='ocrx_word' id='word_1_325' title='bbox 346 3303 424 3359; x_wconf 83' lang='lat' dir='ltr'><strong>saxei</strong></span> <span class='ocrx_word' id='word_1_326' title='bbox 444 3303 606 3370; x_wconf 88' lang='lat' dir='ltr'><strong>simulacri,</strong></span> <span class='ocrx_word' id='word_1_327' title='bbox 903 3260 926 3330; x_wconf 69' lang='lat' dir='ltr'><strong>c</strong></span> <span class='ocrx_word' id='word_1_328' title='bbox 943 3299 1029 3357; x_wconf 79' lang='lat' dir='ltr'><strong>Solus</strong></span> <span class='ocrx_word' id='word_1_329' title='bbox 1039 3299 1172 3356; x_wconf 85' lang='lat' dir='ltr'><strong>Christus</strong></span> <span class='ocrx_word' id='word_1_330' title='bbox 1183 3303 1233 3372; x_wconf 88' lang='lat' dir='ltr'><strong>qui</strong></span> <span class='ocrx_word' id='word_1_331' title='bbox 1244 3316 1310 3356; x_wconf 89' lang='lat' dir='ltr'><strong>eum</strong></span> <span class='ocrx_word' id='word_1_332' title='bbox 1321 3305 1404 3357; x_wconf 85' lang='lat' dir='ltr'><strong>Patra</strong></span> <span class='ocrx_word' id='word_1_333' title='bbox 1413 3309 1517 3374; x_wconf 85' lang='lat' dir='ltr'><strong>regnat</strong></span> <span class='ocrx_word' id='word_1_334' title='bbox 1526 3310 1630 3361; x_wconf 87' lang='lat' dir='ltr'><strong>etcum</strong></span> <span class='ocrx_word' id='word_1_335' title='bbox 1643 3305 1775 3363; x_wconf 83' lang='lat' dir='ltr'><strong>Flamina</strong></span> 
     </span>
    </p>

    <p class='ocr_par' dir='ltr' id='par_1_25' title="bbox 63 3386 1719 3467">
     <span class='ocr_line' id='line_1_28' title="bbox 63 3386 1719 3467; baseline 0.005 -25"><span class='ocrx_word' id='word_1_336' title='bbox 63 3386 98 3442; x_wconf 78' lang='lat' dir='ltr'><strong>Et</strong></span> <span class='ocrx_word' id='word_1_337' title='bbox 112 3389 255 3445; x_wconf 88' lang='lat' dir='ltr'><strong>subvertit</strong></span> <span class='ocrx_word' id='word_1_338' title='bbox 270 3390 410 3462; x_wconf 92' lang='lat' dir='ltr'><strong>quidquid</strong></span> <span class='ocrx_word' id='word_1_339' title='bbox 427 3397 489 3448; x_wconf 89' lang='lat' dir='ltr'><strong>erat</strong></span> <span class='ocrx_word' id='word_1_340' title='bbox 501 3397 703 3450; x_wconf 89' lang='lat' dir='ltr'><strong>consecratum</strong></span> <span class='ocrx_word' id='word_1_341' title='bbox 719 3391 854 3449; x_wconf 78' lang='lat' dir='ltr'><strong>demoni.</strong></span> <span class='ocrx_word' id='word_1_342' title='bbox 944 3388 1034 3461; x_wconf 82' lang='lat' dir='ltr'><strong>Crrjus</strong></span> <span class='ocrx_word' id='word_1_343' title='bbox 1049 3389 1142 3445; x_wconf 82' lang='lat' dir='ltr'><strong>virtus</strong></span> <span class='ocrx_word' id='word_1_344' title='bbox 1158 3405 1254 3461; x_wconf 86' lang='lat' dir='ltr'><strong>neque</strong></span> <span class='ocrx_word' id='word_1_345' title='bbox 1269 3387 1332 3445; x_wconf 91' lang='lat' dir='ltr'><strong>locu</strong></span> <span class='ocrx_word' id='word_1_346' title='bbox 1348 3387 1496 3447; x_wconf 83' lang='lat' dir='ltr'><strong>clauditur</strong></span> <span class='ocrx_word' id='word_1_347' title='bbox 1511 3408 1563 3449; x_wconf 88' lang='lat' dir='ltr'><strong>nec</strong></span> <span class='ocrx_word' id='word_1_348' title='bbox 1579 3400 1719 3467; x_wconf 91' lang='lat' dir='ltr'><strong>tempore,</strong></span> 
     </span>
    </p>

    <p class='ocr_par' dir='ltr' id='par_1_26' title="bbox 62 3468 1692 3552">
     <span class='ocr_line' id='line_1_29' title="bbox 62 3468 1692 3552; baseline 0.007 -26"><span class='ocrx_word' id='word_1_349' title='bbox 62 3468 110 3526; x_wconf 87' lang='lat' dir='ltr'><strong>Sin</strong></span> <span class='ocrx_word' id='word_1_350' title='bbox 125 3474 252 3529; x_wconf 85' lang='lat' dir='ltr'><strong>ostendit</strong></span> <span class='ocrx_word' id='word_1_351' title='bbox 267 3490 374 3530; x_wconf 80' lang='lat' dir='ltr'><strong>annum</strong></span> <span class='ocrx_word' id='word_1_352' title='bbox 391 3476 547 3548; x_wconf 88' lang='lat' dir='ltr'><strong>essequod</strong></span> <span class='ocrx_word' id='word_1_353' title='bbox 564 3479 668 3550; x_wconf 81' lang='lat' dir='ltr'><strong>pagani</strong></span> <span class='ocrx_word' id='word_1_354' title='bbox 683 3475 819 3545; x_wconf 84' lang='lat' dir='ltr'><strong>colerent¹</strong></span> <span class='ocrx_word' id='word_1_355' title='bbox 944 3477 996 3536; x_wconf 77' lang='lat' dir='ltr'><strong>Est</strong></span> <span class='ocrx_word' id='word_1_356' title='bbox 1010 3477 1155 3533; x_wconf 88' lang='lat' dir='ltr'><strong>amandus</strong></span> <span class='ocrx_word' id='word_1_357' title='bbox 1170 3483 1199 3534; x_wconf 89' lang='lat' dir='ltr'><strong>et</strong></span> <span class='ocrx_word' id='word_1_358' title='bbox 1212 3476 1353 3535; x_wconf 89' lang='lat' dir='ltr'><strong>colendus</strong></span> <span class='ocrx_word' id='word_1_359' title='bbox 1370 3484 1401 3534; x_wconf 92' lang='lat' dir='ltr'><strong>ut</strong></span> <span class='ocrx_word' id='word_1_360' title='bbox 1416 3481 1532 3537; x_wconf 83' lang='lat' dir='ltr'><strong>Creator</strong></span> <span class='ocrx_word' id='word_1_361' title='bbox 1546 3482 1692 3552; x_wconf 87' lang='lat' dir='ltr'><strong>omnium,</strong></span> 
     </span>
    </p>

    <p class='ocr_par' dir='ltr' id='par_1_27' title="bbox 63 3559 1686 3643">
     <span class='ocr_line' id='line_1_30' title="bbox 63 3559 1686 3643; baseline 0.009 -28"><span class='ocrx_word' id='word_1_362' title='bbox 63 3559 204 3633; x_wconf 82' lang='lat' dir='ltr'><strong>Quorum,</strong></span> <span class='ocrx_word' id='word_1_363' title='bbox 220 3560 309 3619; x_wconf 89' lang='lat' dir='ltr'><strong>ilante</strong></span> <span class='ocrx_word' id='word_1_364' title='bbox 323 3565 499 3635; x_wconf 85' lang='lat' dir='ltr'><strong>Christiano,</strong></span> <span class='ocrx_word' id='word_1_365' title='bbox 517 3569 641 3623; x_wconf 90' lang='lat' dir='ltr'><strong>numina</strong></span> <span class='ocrx_word' id='word_1_366' title='bbox 659 3570 838 3623; x_wconf 88' lang='lat' dir='ltr'><strong>corruerent.</strong></span> <span class='ocrx_word' id='word_1_367' title='bbox 945 3571 1000 3640; x_wconf 82' lang='lat' dir='ltr'><strong>Per</strong></span> <span class='ocrx_word' id='word_1_368' title='bbox 1013 3582 1100 3640; x_wconf 90' lang='lat' dir='ltr'><strong>quem</strong></span> <span class='ocrx_word' id='word_1_369' title='bbox 1117 3567 1210 3624; x_wconf 83' lang='lat' dir='ltr'><strong>Rome</strong></span> <span class='ocrx_word' id='word_1_370' title='bbox 1224 3567 1395 3633; x_wconf 84' lang='lat' dir='ltr'><strong>tenet&#39;orbis</strong></span> <span class='ocrx_word' id='word_1_371' title='bbox 1411 3570 1502 3626; x_wconf 90' lang='lat' dir='ltr'><strong>totius</strong></span> <span class='ocrx_word' id='word_1_372' title='bbox 1517 3572 1686 3643; x_wconf 87' lang='lat' dir='ltr'><strong>imperium.</strong></span> 
     </span>
    </p>

    <p class='ocr_par' dir='ltr' id='par_1_28' title="bbox 62 3649 1721 3822">
     <span class='ocr_line' id='line_1_31' title="bbox 62 3649 1721 3734; baseline 0.008 -27"><span class='ocrx_word' id='word_1_373' title='bbox 62 3649 135 3709; x_wconf 91' lang='lat' dir='ltr'><strong>ltem</strong></span> <span class='ocrx_word' id='word_1_374' title='bbox 150 3655 257 3712; x_wconf 90' lang='lat' dir='ltr'><strong>ductus</strong></span> <span class='ocrx_word' id='word_1_375' title='bbox 272 3663 317 3712; x_wconf 91' lang='lat' dir='ltr'><strong>est</strong></span> <span class='ocrx_word' id='word_1_376' title='bbox 331 3657 362 3714; x_wconf 90' lang='lat' dir='ltr'><strong>in</strong></span> <span class='ocrx_word' id='word_1_377' title='bbox 377 3659 467 3716; x_wconf 79' lang='lat' dir='ltr'><strong>edem</strong></span> <span class='ocrx_word' id='word_1_378' title='bbox 491 3659 619 3718; x_wconf 81' lang='lat' dir='ltr'><strong>volucris</strong></span> <span class='ocrx_word' id='word_1_379' title='bbox 642 3658 753 3731; x_wconf 81' lang='lat' dir='ltr'><strong>cylenii</strong></span> <span class='ocrx_word' id='word_1_380' title='bbox 774 3655 893 3732; x_wconf 88' lang='lat' dir='ltr'><strong>[velocis</strong></span> <span class='ocrx_word' id='word_1_381' title='bbox 945 3657 1029 3714; x_wconf 85' lang='lat' dir='ltr'><strong>Tunc</strong></span> <span class='ocrx_word' id='word_1_382' title='bbox 1043 3656 1151 3729; x_wconf 90' lang='lat' dir='ltr'><strong>deponi</strong></span> <span class='ocrx_word' id='word_1_383' title='bbox 1163 3656 1249 3728; x_wconf 84' lang='lat' dir='ltr'><strong>jubet</strong></span> <span class='ocrx_word' id='word_1_384' title='bbox 1264 3668 1398 3714; x_wconf 88' lang='lat' dir='ltr'><strong>sanctum</strong></span> <span class='ocrx_word' id='word_1_385' title='bbox 1415 3666 1520 3731; x_wconf 78' lang='lat' dir='ltr'><strong>pretor</strong></span> <span class='ocrx_word' id='word_1_386' title='bbox 1533 3662 1570 3718; x_wconf 90' lang='lat' dir='ltr'><strong>ab</strong></span> <span class='ocrx_word' id='word_1_387' title='bbox 1585 3663 1721 3734; x_wconf 84' lang='lat' dir='ltr'><strong>equuleo,</strong></span> 
     </span>
     <span class='ocr_line' id='line_1_32' title="bbox 709 3744 1672 3822; baseline 0.002 -16"><span class='ocrx_word' id='word_1_388' title='bbox 709 3746 856 3822; x_wconf 84' lang='lat' dir='ltr'><strong>[Mercurii</strong></span> <span class='ocrx_word' id='word_1_389' title='bbox 946 3744 1091 3802; x_wconf 83' lang='lat' dir='ltr'><strong>Mandane</strong></span> <span class='ocrx_word' id='word_1_390' title='bbox 1105 3744 1169 3801; x_wconf 89' lang='lat' dir='ltr'><strong>suis</strong></span> <span class='ocrx_word' id='word_1_391' title='bbox 1184 3745 1262 3819; x_wconf 87' lang='lat' dir='ltr'><strong>quod</strong></span> <span class='ocrx_word' id='word_1_392' title='bbox 1278 3746 1415 3803; x_wconf 79' lang='lat' dir='ltr'><strong>volvebat</strong></span> <span class='ocrx_word' id='word_1_393' title='bbox 1433 3748 1522 3805; x_wconf 90' lang='lat' dir='ltr'><strong>tacito</strong></span> <span class='ocrx_word' id='word_1_394' title='bbox 1536 3752 1672 3808; x_wconf 82' lang='lat' dir='ltr'><strong>consilio.</strong></span> 
     </span>
    </p>

    <p class='ocr_par' dir='ltr' id='par_1_29' title="bbox 64 3829 1632 3910">
     <span class='ocr_line' id='line_1_33' title="bbox 64 3829 1632 3910; baseline 0.006 -25"><span class='ocrx_word' id='word_1_395' title='bbox 64 3829 218 3904; x_wconf 82' lang='lat' dir='ltr'><strong>Tanquam</strong></span> <span class='ocrx_word' id='word_1_396' title='bbox 237 3833 284 3889; x_wconf 88' lang='lat' dir='ltr'><strong>Dei</strong></span> <span class='ocrx_word' id='word_1_397' title='bbox 300 3833 428 3891; x_wconf 90' lang='lat' dir='ltr'><strong>lortioris</strong></span> <span class='ocrx_word' id='word_1_398' title='bbox 443 3852 550 3910; x_wconf 81' lang='lat' dir='ltr'><strong>magno</strong></span> <span class='ocrx_word' id='word_1_399' title='bbox 561 3837 633 3894; x_wconf 86' lang='lat' dir='ltr'><strong>love</strong></span> <span class='ocrx_word' id='word_1_400' title='bbox 647 3838 749 3910; x_wconf 79' lang='lat' dir='ltr'><strong>geniti.</strong></span> <span class='ocrx_word' id='word_1_401' title='bbox 945 3831 1074 3892; x_wconf 74' lang='lat' dir='ltr'><strong>Ostiensi</strong></span> <span class='ocrx_word' id='word_1_402' title='bbox 1089 3833 1145 3897; x_wconf 82' lang='lat' dir='ltr'><strong>vis.</strong></span> <span class='ocrx_word' id='word_1_403' title='bbox 1161 3834 1243 3902; x_wconf 81' lang='lat' dir='ltr'><strong>dixit,</strong></span> <span class='ocrx_word' id='word_1_404' title='bbox 1260 3834 1296 3890; x_wconf 91' lang='lat' dir='ltr'><strong>ad</strong></span> <span class='ocrx_word' id='word_1_405' title='bbox 1313 3837 1475 3893; x_wconf 90' lang='lat' dir='ltr'><strong>secuudum</strong></span> <span class='ocrx_word' id='word_1_406' title='bbox 1493 3836 1632 3910; x_wconf 90' lang='lat' dir='ltr'><strong>lapidem,</strong></span> 
     </span>
    </p>

    <p class='ocr_par' dir='ltr' id='par_1_30' title="bbox 65 3918 1778 4002">
     <span class='ocr_line' id='line_1_34' title="bbox 65 3918 1778 4002; baseline 0.008 -28"><span class='ocrx_word' id='word_1_407' title='bbox 65 3918 138 3975; x_wconf 91' lang='lat' dir='ltr'><strong>Nam</strong></span> <span class='ocrx_word' id='word_1_408' title='bbox 155 3921 270 3990; x_wconf 79' lang='lat' dir='ltr'><strong>separis</strong></span> <span class='ocrx_word' id='word_1_409' title='bbox 286 3939 320 3978; x_wconf 82' lang='lat' dir='ltr'><strong>ex</strong></span> <span class='ocrx_word' id='word_1_410' title='bbox 336 3921 455 3997; x_wconf 67' lang='lat' dir='ltr'><strong>AEgyptc</strong></span> <span class='ocrx_word' id='word_1_411' title='bbox 472 3931 568 3995; x_wconf 89' lang='lat' dir='ltr'><strong>natus,</strong></span> <span class='ocrx_word' id='word_1_412' title='bbox 585 3926 662 3982; x_wconf 88' lang='lat' dir='ltr'><strong>Deus</strong></span> <span class='ocrx_word' id='word_1_413' title='bbox 676 3926 787 3983; x_wconf 86' lang='lat' dir='ltr'><strong>advene</strong></span> <span class='ocrx_word' id='word_1_414' title='bbox 946 3928 1037 3979; x_wconf 77' lang='lat' dir='ltr'><strong>arbor</strong></span> <span class='ocrx_word' id='word_1_415' title='bbox 1052 3928 1098 3978; x_wconf 87' lang='lat' dir='ltr'><strong>est</strong></span> <span class='ocrx_word' id='word_1_416' title='bbox 1109 3924 1144 3978; x_wconf 88' lang='lat' dir='ltr'><strong>ad</strong></span> <span class='ocrx_word' id='word_1_417' title='bbox 1162 3939 1252 3996; x_wconf 88' lang='lat' dir='ltr'><strong>quam</strong></span> <span class='ocrx_word' id='word_1_418' title='bbox 1268 3931 1415 3981; x_wconf 89' lang='lat' dir='ltr'><strong>mactatur</strong></span> <span class='ocrx_word' id='word_1_419' title='bbox 1424 3926 1511 3998; x_wconf 73' lang='lat' dir='ltr'><strong>juxta</strong></span> <span class='ocrx_word' id='word_1_420' title='bbox 1531 3928 1621 3984; x_wconf 92' lang='lat' dir='ltr'><strong>ritum</strong></span> <span class='ocrx_word' id='word_1_421' title='bbox 1641 3937 1778 4002; x_wconf 82' lang='lat' dir='ltr'><strong>veterem,</strong></span> 
     </span>
    </p>

    <p class='ocr_par' dir='ltr' id='par_1_31' title="bbox 66 4007 1673 4086">
     <span class='ocr_line' id='line_1_35' title="bbox 66 4007 1673 4086; baseline 0.007 -24"><span class='ocrx_word' id='word_1_422' title='bbox 66 4007 155 4064; x_wconf 87' lang='lat' dir='ltr'><strong>Pcssc</strong></span> <span class='ocrx_word' id='word_1_423' title='bbox 171 4008 269 4066; x_wconf 84' lang='lat' dir='ltr'><strong>minus</strong></span> <span class='ocrx_word' id='word_1_424' title='bbox 285 4012 444 4082; x_wconf 90' lang='lat' dir='ltr'><strong>putabatur</strong></span> <span class='ocrx_word' id='word_1_425' title='bbox 458 4030 548 4086; x_wconf 89' lang='lat' dir='ltr'><strong>quam</strong></span> <span class='ocrx_word' id='word_1_426' title='bbox 565 4015 697 4071; x_wconf 87' lang='lat' dir='ltr'><strong>Romana</strong></span> <span class='ocrx_word' id='word_1_427' title='bbox 717 4015 840 4071; x_wconf 87' lang='lat' dir='ltr'><strong>numine</strong></span> <span class='ocrx_word' id='word_1_428' title='bbox 947 4011 1006 4068; x_wconf 91' lang='lat' dir='ltr'><strong>llue</strong></span> <span class='ocrx_word' id='word_1_429' title='bbox 1022 4011 1157 4079; x_wconf 88' lang='lat' dir='ltr'><strong>dueatur,</strong></span> <span class='ocrx_word' id='word_1_430' title='bbox 1172 4014 1201 4067; x_wconf 89' lang='lat' dir='ltr'><strong>et</strong></span> <span class='ocrx_word' id='word_1_431' title='bbox 1215 4027 1275 4068; x_wconf 91' lang='lat' dir='ltr'><strong>rem</strong></span> <span class='ocrx_word' id='word_1_432' title='bbox 1291 4012 1348 4068; x_wconf 92' lang='lat' dir='ltr'><strong>sibi</strong></span> <span class='ocrx_word' id='word_1_433' title='bbox 1364 4013 1544 4086; x_wconf 90' lang='lat' dir='ltr'><strong>persuadere</strong></span> <span class='ocrx_word' id='word_1_434' title='bbox 1560 4017 1673 4073; x_wconf 77' lang='lat' dir='ltr'><strong>facilem</strong></span> 
     </span>
    </p>

    <p class='ocr_par' dir='ltr' id='par_1_32' title="bbox 63 4096 1716 4178">
     <span class='ocr_line' id='line_1_36' title="bbox 63 4096 1716 4178; baseline 0.006 -25"><span class='ocrx_word' id='word_1_435' title='bbox 63 4096 139 4154; x_wconf 82' lang='lat' dir='ltr'><strong>Risit</strong></span> <span class='ocrx_word' id='word_1_436' title='bbox 154 4097 231 4155; x_wconf 78' lang='lat' dir='ltr'><strong>Felix</strong></span> <span class='ocrx_word' id='word_1_437' title='bbox 246 4099 420 4169; x_wconf 84' lang='lat' dir='ltr'><strong>caduceum,</strong></span> <span class='ocrx_word' id='word_1_438' title='bbox 438 4104 552 4176; x_wconf 80' lang='lat' dir='ltr'><strong>virgam</strong></span> <span class='ocrx_word' id='word_1_439' title='bbox 566 4105 768 4178; x_wconf 88' lang='lat' dir='ltr'><strong>soporileram,</strong></span> <span class='ocrx_word' id='word_1_440' title='bbox 945 4101 974 4157; x_wconf 85' lang='lat' dir='ltr'><strong>si</strong></span> <span class='ocrx_word' id='word_1_441' title='bbox 989 4099 1150 4157; x_wconf 86' lang='lat' dir='ltr'><strong>contemnit</strong></span> <span class='ocrx_word' id='word_1_442' title='bbox 1169 4099 1240 4158; x_wconf 86' lang='lat' dir='ltr'><strong>dece</strong></span> <span class='ocrx_word' id='word_1_443' title='bbox 1256 4107 1383 4170; x_wconf 90' lang='lat' dir='ltr'><strong>nostros,</strong></span> <span class='ocrx_word' id='word_1_444' title='bbox 1398 4110 1555 4159; x_wconf 78' lang='lat' dir='ltr'><strong>veneretur</strong></span> <span class='ocrx_word' id='word_1_445' title='bbox 1569 4105 1716 4163; x_wconf 89' lang='lat' dir='ltr'><strong>arborem.</strong></span> 
     </span>
    </p>

    <p class='ocr_par' dir='ltr' id='par_1_33' title="bbox 59 4187 1679 4265">
     <span class='ocr_line' id='line_1_37' title="bbox 59 4187 1679 4265; baseline 0.001 -17"><span class='ocrx_word' id='word_1_446' title='bbox 59 4187 134 4246; x_wconf 79' lang='lat' dir='ltr'><strong>nec</strong></span> <span class='ocrx_word' id='word_1_447' title='bbox 149 4195 178 4245; x_wconf 87' lang='lat' dir='ltr'><strong>el</strong></span> <span class='ocrx_word' id='word_1_448' title='bbox 194 4191 303 4247; x_wconf 83' lang='lat' dir='ltr'><strong>talares</strong></span> <span class='ocrx_word' id='word_1_449' title='bbox 319 4209 440 4265; x_wconf 85' lang='lat' dir='ltr'><strong>pennas,</strong></span> <span class='ocrx_word' id='word_1_450' title='bbox 456 4200 485 4250; x_wconf 92' lang='lat' dir='ltr'><strong>et</strong></span> <span class='ocrx_word' id='word_1_451' title='bbox 496 4195 623 4252; x_wconf 80' lang='lat' dir='ltr'><strong>thiaram</strong></span> <span class='ocrx_word' id='word_1_452' title='bbox 637 4212 756 4252; x_wconf 88' lang='lat' dir='ltr'><strong>auream</strong></span> <span class='ocrx_word' id='word_1_453' title='bbox 770 4211 777 4252; x_wconf 90' lang='lat'>:</span> <span class='ocrx_word' id='word_1_454' title='bbox 947 4187 1060 4247; x_wconf 85' lang='lat' dir='ltr'><strong>Ductus</strong></span> <span class='ocrx_word' id='word_1_455' title='bbox 1076 4187 1188 4246; x_wconf 76' lang='lat' dir='ltr'><strong>relaxa</strong></span> <span class='ocrx_word' id='word_1_456' title='bbox 1203 4190 1358 4258; x_wconf 89' lang='lat' dir='ltr'><strong>ministris,</strong></span> <span class='ocrx_word' id='word_1_457' title='bbox 1376 4195 1408 4247; x_wconf 94' lang='lat' dir='ltr'><strong>ut</strong></span> <span class='ocrx_word' id='word_1_458' title='bbox 1423 4198 1567 4249; x_wconf 88' lang='lat' dir='ltr'><strong>mactaret</strong></span> <span class='ocrx_word' id='word_1_459' title='bbox 1581 4192 1679 4250; x_wconf 92' lang='lat' dir='ltr'><strong>arbori</strong></span> 
     </span>
    </p>

    <p class='ocr_par' dir='ltr' id='par_1_34' title="bbox 59 4278 1781 4361">
     <span class='ocr_line' id='line_1_38' title="bbox 59 4278 1781 4361; baseline 0.005 -30"><span class='ocrx_word' id='word_1_460' title='bbox 59 4278 214 4336; x_wconf 79' lang='lat' dir='ltr'><strong>Faciamus</strong></span> <span class='ocrx_word' id='word_1_461' title='bbox 229 4280 309 4351; x_wconf 91' lang='lat' dir='ltr'><strong>quod</strong></span> <span class='ocrx_word' id='word_1_462' title='bbox 325 4287 463 4350; x_wconf 91' lang='lat' dir='ltr'><strong>meretur,</strong></span> <span class='ocrx_word' id='word_1_463' title='bbox 480 4285 588 4356; x_wconf 90' lang='lat' dir='ltr'><strong>inquit,</strong></span> <span class='ocrx_word' id='word_1_464' title='bbox 604 4283 684 4342; x_wconf 83' lang='lat' dir='ltr'><strong>lovis</strong></span> <span class='ocrx_word' id='word_1_465' title='bbox 698 4283 810 4354; x_wconf 84' lang='lat' dir='ltr'><strong>nuntio,</strong></span> <span class='ocrx_word' id='word_1_466' title='bbox 947 4279 1015 4348; x_wconf 78' lang='lat' dir='ltr'><strong>Qus</strong></span> <span class='ocrx_word' id='word_1_467' title='bbox 1029 4279 1127 4336; x_wconf 82' lang='lat' dir='ltr'><strong>vicina</strong></span> <span class='ocrx_word' id='word_1_468' title='bbox 1141 4281 1237 4335; x_wconf 87' lang='lat' dir='ltr'><strong>stabat</strong></span> <span class='ocrx_word' id='word_1_469' title='bbox 1253 4281 1363 4346; x_wconf 90' lang='lat' dir='ltr'><strong>templo</strong></span> <span class='ocrx_word' id='word_1_470' title='bbox 1378 4281 1532 4353; x_wconf 77' lang='lat' dir='ltr'><strong>cujusdam</strong></span> <span class='ocrx_word' id='word_1_471' title='bbox 1549 4283 1712 4352; x_wconf 85' lang='lat' dir='ltr'><strong>simulacri,</strong></span> <span class='ocrx_word' id='word_1_472' title='bbox 1775 4352 1781 4361; x_wconf 24' lang='grc' dir='ltr'><strong><em>ο</em></strong></span> 
     </span>
    </p>

    <p class='ocr_par' dir='ltr' id='par_1_35' title="bbox 63 4363 1706 4448">
     <span class='ocr_line' id='line_1_39' title="bbox 63 4363 1706 4448; baseline 0.006 -29"><span class='ocrx_word' id='word_1_473' title='bbox 63 4363 122 4422; x_wconf 85' lang='lat' dir='ltr'><strong>Nec</strong></span> <span class='ocrx_word' id='word_1_474' title='bbox 137 4368 261 4438; x_wconf 81' lang='lat' dir='ltr'><strong>aleriam,</strong></span> <span class='ocrx_word' id='word_1_475' title='bbox 278 4388 373 4446; x_wconf 89' lang='lat' dir='ltr'><strong>neque</strong></span> <span class='ocrx_word' id='word_1_476' title='bbox 387 4373 473 4448; x_wconf 79' lang='lat' dir='ltr'><strong>virga</strong></span> <span class='ocrx_word' id='word_1_477' title='bbox 489 4380 572 4430; x_wconf 89' lang='lat' dir='ltr'><strong>tutus</strong></span> <span class='ocrx_word' id='word_1_478' title='bbox 586 4375 625 4431; x_wconf 92' lang='lat' dir='ltr'><strong>sit</strong></span> <span class='ocrx_word' id='word_1_479' title='bbox 641 4373 787 4446; x_wconf 76' lang='lat' dir='ltr'><strong>presidio.</strong></span> <span class='ocrx_word' id='word_1_480' title='bbox 948 4365 1055 4425; x_wconf 83' lang='lat' dir='ltr'><strong>Videns</strong></span> <span class='ocrx_word' id='word_1_481' title='bbox 1069 4369 1185 4424; x_wconf 89' lang='lat' dir='ltr'><strong>turbam</strong></span> <span class='ocrx_word' id='word_1_482' title='bbox 1202 4367 1442 4426; x_wconf 88' lang='lat' dir='ltr'><strong>circumstantem</strong></span> <span class='ocrx_word' id='word_1_483' title='bbox 1459 4371 1587 4428; x_wconf 85' lang='lat' dir='ltr'><strong>intidelis</strong></span> <span class='ocrx_word' id='word_1_484' title='bbox 1607 4372 1706 4445; x_wconf 90' lang='lat' dir='ltr'><strong>populi</strong></span> 
     </span>
    </p>

    <p class='ocr_par' dir='ltr' id='par_1_36' title="bbox 63 4453 1671 4533">
     <span class='ocr_line' id='line_1_40' title="bbox 63 4453 1671 4533; baseline 0.003 -23"><span class='ocrx_word' id='word_1_485' title='bbox 63 4453 235 4514; x_wconf 80' lang='lat' dir='ltr'><strong>Ensuillavit</strong></span> <span class='ocrx_word' id='word_1_486' title='bbox 248 4476 317 4533; x_wconf 85' lang='lat' dir='ltr'><strong>ergo</strong></span> <span class='ocrx_word' id='word_1_487' title='bbox 333 4473 453 4521; x_wconf 89' lang='lat' dir='ltr'><strong>sanctus</strong></span> <span class='ocrx_word' id='word_1_488' title='bbox 469 4464 578 4520; x_wconf 91' lang='lat' dir='ltr'><strong>idolum</strong></span> <span class='ocrx_word' id='word_1_489' title='bbox 596 4463 743 4530; x_wconf 85' lang='lat' dir='ltr'><strong>Mercurii,</strong></span> <span class='ocrx_word' id='word_1_490' title='bbox 950 4456 1098 4515; x_wconf 78' lang='lat' dir='ltr'><strong>invocavit</strong></span> <span class='ocrx_word' id='word_1_491' title='bbox 1112 4473 1188 4529; x_wconf 81' lang='lat' dir='ltr'><strong>genu</strong></span> <span class='ocrx_word' id='word_1_492' title='bbox 1206 4459 1279 4513; x_wconf 81' lang='lat' dir='ltr'><strong>lleic</strong></span> <span class='ocrx_word' id='word_1_493' title='bbox 1295 4474 1400 4514; x_wconf 89' lang='lat' dir='ltr'><strong>nomen</strong></span> <span class='ocrx_word' id='word_1_494' title='bbox 1417 4459 1525 4514; x_wconf 90' lang='lat' dir='ltr'><strong>summi</strong></span> <span class='ocrx_word' id='word_1_495' title='bbox 1545 4461 1671 4517; x_wconf 81' lang='lat' dir='ltr'><strong>Domini.</strong></span> 
     </span>
    </p>

    <p class='ocr_par' dir='ltr' id='par_1_37' title="bbox 62 4546 1738 4616">
     <span class='ocr_line' id='line_1_41' title="bbox 62 4546 1738 4616; baseline 0.007 -19"><span class='ocrx_word' id='word_1_496' title='bbox 62 4548 97 4598; x_wconf 80' lang='lat' dir='ltr'><strong>Et</strong></span> <span class='ocrx_word' id='word_1_497' title='bbox 116 4562 165 4616; x_wconf 91' lang='lat' dir='ltr'><strong>per</strong></span> <span class='ocrx_word' id='word_1_498' title='bbox 180 4546 280 4604; x_wconf 67' lang='lat' dir='ltr'><strong>ilatum</strong></span> <span class='ocrx_word' id='word_1_499' title='bbox 298 4549 379 4607; x_wconf 73' lang='lat' dir='ltr'><strong>dedit</strong></span> <span class='ocrx_word' id='word_1_500' title='bbox 393 4570 513 4609; x_wconf 66' lang='lat' dir='ltr'><strong>causam</strong></span> <span class='ocrx_word' id='word_1_501' title='bbox 529 4559 633 4610; x_wconf 53' lang='lat' dir='ltr'><strong>atrius</strong></span> <span class='ocrx_word' id='word_1_502' title='bbox 654 4552 805 4610; x_wconf 72' lang='lat' dir='ltr'><strong>conflatili.</strong></span> <span class='ocrx_word' id='word_1_503' title='bbox 948 4546 1014 4603; x_wconf 87' lang='lat' dir='ltr'><strong>llcx</strong></span> <span class='ocrx_word' id='word_1_504' title='bbox 1029 4554 1143 4602; x_wconf 85' lang='lat' dir='ltr'><strong>erectus</strong></span> <span class='ocrx_word' id='word_1_505' title='bbox 1158 4551 1187 4602; x_wconf 89' lang='lat' dir='ltr'><strong>et</strong></span> <span class='ocrx_word' id='word_1_506' title='bbox 1201 4563 1360 4603; x_wconf 83' lang='lat' dir='ltr'><strong>conversus</strong></span> <span class='ocrx_word' id='word_1_507' title='bbox 1375 4549 1410 4603; x_wconf 89' lang='lat' dir='ltr'><strong>cd</strong></span> <span class='ocrx_word' id='word_1_508' title='bbox 1428 4549 1583 4607; x_wconf 87' lang='lat' dir='ltr'><strong>celandam</strong></span> <span class='ocrx_word' id='word_1_509' title='bbox 1604 4555 1738 4609; x_wconf 85' lang='lat' dir='ltr'><strong>arborem</strong></span> 
     </span>
    </p>

    <p class='ocr_par' dir='ltr' id='par_1_38' title="bbox 64 4626 1690 4714">
     <span class='ocr_line' id='line_1_42' title="bbox 64 4626 1690 4714; baseline 0.01 -29"><span class='ocrx_word' id='word_1_510' title='bbox 64 4632 172 4690; x_wconf 82' lang='lat' dir='ltr'><strong>Mirum</strong></span> <span class='ocrx_word' id='word_1_511' title='bbox 189 4638 267 4693; x_wconf 82' lang='lat' dir='ltr'><strong>dictu</strong></span> <span class='ocrx_word' id='word_1_512' title='bbox 280 4639 287 4695; x_wconf 96' lang='lat' dir='ltr'><strong>l</strong></span> <span class='ocrx_word' id='word_1_513' title='bbox 301 4642 387 4713; x_wconf 80' lang='lat' dir='ltr'><strong>tregit</strong></span> <span class='ocrx_word' id='word_1_514' title='bbox 397 4643 482 4698; x_wconf 87' lang='lat' dir='ltr'><strong>bases</strong></span> <span class='ocrx_word' id='word_1_515' title='bbox 494 4643 553 4698; x_wconf 92' lang='lat' dir='ltr'><strong>cris</strong></span> <span class='ocrx_word' id='word_1_516' title='bbox 563 4643 598 4712; x_wconf 73' lang='lat' dir='ltr'><strong>[l.</strong></span> <span class='ocrx_word' id='word_1_517' title='bbox 611 4641 779 4714; x_wconf 82' lang='lat' dir='ltr'><strong>t‘emoriset]</strong></span> <span class='ocrx_word' id='word_1_518' title='bbox 801 4657 891 4699; x_wconf 75' lang='lat' dir='ltr'><strong>areas</strong></span> <span class='ocrx_word' id='word_1_519' title='bbox 907 4626 930 4694; x_wconf 81' lang='lat' dir='ltr'>D</span> <span class='ocrx_word' id='word_1_520' title='bbox 946 4637 1126 4706; x_wconf 79' lang='lat' dir='ltr'><strong>Essulllaeit,</strong></span> <span class='ocrx_word' id='word_1_521' title='bbox 1143 4644 1174 4693; x_wconf 92' lang='lat' dir='ltr'><strong>ut</strong></span> <span class='ocrx_word' id='word_1_522' title='bbox 1187 4639 1311 4703; x_wconf 80' lang='lat' dir='ltr'><strong>solebat,</strong></span> <span class='ocrx_word' id='word_1_523' title='bbox 1325 4645 1356 4694; x_wconf 89' lang='lat' dir='ltr'><strong>et</strong></span> <span class='ocrx_word' id='word_1_524' title='bbox 1371 4642 1481 4710; x_wconf 77' lang='lat' dir='ltr'><strong>fugavit</strong></span> <span class='ocrx_word' id='word_1_525' title='bbox 1499 4642 1665 4700; x_wconf 66' lang='lat' dir='ltr'><strong>demonem</strong></span> <span class='ocrx_word' id='word_1_526' title='bbox 1681 4659 1690 4701; x_wconf 79' lang='lat' dir='ltr'><strong>t</strong></span> 
     </span>
    </p>

    <p class='ocr_par' dir='ltr' id='par_1_39' title="bbox 63 4720 1662 4803">
     <span class='ocr_line' id='line_1_43' title="bbox 63 4720 1662 4803; baseline 0.008 -25"><span class='ocrx_word' id='word_1_527' title='bbox 63 4720 100 4778; x_wconf 77' lang='lat' dir='ltr'><strong>Et</strong></span> <span class='ocrx_word' id='word_1_528' title='bbox 115 4724 308 4782; x_wconf 87' lang='lat' dir='ltr'><strong>simulacrum</strong></span> <span class='ocrx_word' id='word_1_529' title='bbox 326 4729 483 4786; x_wconf 77' lang='lat' dir='ltr'><strong>nefandum</strong></span> <span class='ocrx_word' id='word_1_530' title='bbox 501 4733 586 4786; x_wconf 90' lang='lat' dir='ltr'><strong>vertit</strong></span> <span class='ocrx_word' id='word_1_531' title='bbox 597 4734 625 4785; x_wconf 90' lang='lat' dir='ltr'><strong>in</strong></span> <span class='ocrx_word' id='word_1_532' title='bbox 640 4732 788 4787; x_wconf 87' lang='lat' dir='ltr'><strong>minutias.</strong></span> <span class='ocrx_word' id='word_1_533' title='bbox 951 4729 1055 4795; x_wconf 79' lang='lat' dir='ltr'><strong>Arbor,</strong></span> <span class='ocrx_word' id='word_1_534' title='bbox 1070 4725 1177 4797; x_wconf 85' lang='lat' dir='ltr'><strong>inquit,</strong></span> <span class='ocrx_word' id='word_1_535' title='bbox 1193 4725 1254 4781; x_wconf 84' lang='lat' dir='ltr'><strong>alte</strong></span> <span class='ocrx_word' id='word_1_536' title='bbox 1270 4727 1358 4784; x_wconf 90' lang='lat' dir='ltr'><strong>nimis</strong></span> <span class='ocrx_word' id='word_1_537' title='bbox 1373 4729 1446 4783; x_wconf 91' lang='lat' dir='ltr'><strong>duro</strong></span> <span class='ocrx_word' id='word_1_538' title='bbox 1463 4730 1534 4786; x_wconf 91' lang='lat' dir='ltr'><strong>lulta</strong></span> <span class='ocrx_word' id='word_1_539' title='bbox 1549 4733 1662 4803; x_wconf 86' lang='lat' dir='ltr'><strong>robore,</strong></span> 
     </span>
    </p>

    <p class='ocr_par' dir='ltr' id='par_1_40' title="bbox 63 4813 1619 4891">
     <span class='ocr_line' id='line_1_44' title="bbox 63 4813 1619 4891; baseline 0.008 -26"><span class='ocrx_word' id='word_1_540' title='bbox 63 4813 162 4868; x_wconf 79' lang='lat' dir='ltr'><strong>Tertio</strong></span> <span class='ocrx_word' id='word_1_541' title='bbox 178 4815 277 4872; x_wconf 72' lang='lat' dir='ltr'><strong>Dianae</strong></span> <span class='ocrx_word' id='word_1_542' title='bbox 292 4831 405 4873; x_wconf 89' lang='lat' dir='ltr'><strong>sacrem</strong></span> <span class='ocrx_word' id='word_1_543' title='bbox 421 4820 527 4874; x_wconf 85' lang='lat' dir='ltr'><strong>ductus</strong></span> <span class='ocrx_word' id='word_1_544' title='bbox 542 4818 571 4873; x_wconf 90' lang='lat' dir='ltr'><strong>in</strong></span> <span class='ocrx_word' id='word_1_545' title='bbox 587 4818 754 4887; x_wconf 77' lang='lat' dir='ltr'><strong>aediculam,</strong></span> <span class='ocrx_word' id='word_1_546' title='bbox 952 4818 985 4874; x_wconf 91' lang='lat' dir='ltr'><strong>ln</strong></span> <span class='ocrx_word' id='word_1_547' title='bbox 1000 4817 1107 4871; x_wconf 88' lang='lat' dir='ltr'><strong>virtute</strong></span> <span class='ocrx_word' id='word_1_548' title='bbox 1121 4815 1188 4871; x_wconf 82' lang='lat' dir='ltr'><strong>lesu</strong></span> <span class='ocrx_word' id='word_1_549' title='bbox 1205 4815 1312 4872; x_wconf 87' lang='lat' dir='ltr'><strong>Christi</strong></span> <span class='ocrx_word' id='word_1_550' title='bbox 1328 4818 1461 4889; x_wconf 86' lang='lat' dir='ltr'><strong>protinus</strong></span> <span class='ocrx_word' id='word_1_551' title='bbox 1474 4821 1596 4877; x_wconf 84' lang='lat' dir='ltr'><strong>avellere</strong></span> <span class='ocrx_word' id='word_1_552' title='bbox 1611 4841 1619 4891; x_wconf 73' lang='grc' dir='ltr'><strong>ς</strong></span> 
     </span>
    </p>

    <p class='ocr_par' dir='ltr' id='par_1_41' title="bbox 65 4900 1779 4987">
     <span class='ocr_line' id='line_1_45' title="bbox 65 4900 1779 4987; baseline 0.007 -30"><span class='ocrx_word' id='word_1_553' title='bbox 65 4900 240 4958; x_wconf 78' lang='lat' dir='ltr'><strong>Exsuillavit</strong></span> <span class='ocrx_word' id='word_1_554' title='bbox 256 4904 333 4959; x_wconf 86' lang='lat' dir='ltr'><strong>sicut</strong></span> <span class='ocrx_word' id='word_1_555' title='bbox 349 4907 441 4977; x_wconf 86' lang='lat' dir='ltr'><strong>prius,</strong></span> <span class='ocrx_word' id='word_1_556' title='bbox 453 4912 482 4961; x_wconf 90' lang='lat' dir='ltr'><strong>et</strong></span> <span class='ocrx_word' id='word_1_557' title='bbox 494 4908 636 4963; x_wconf 88' lang='lat' dir='ltr'><strong>subvertit</strong></span> <span class='ocrx_word' id='word_1_558' title='bbox 649 4912 789 4976; x_wconf 87' lang='lat' dir='ltr'><strong>statuam,</strong></span> <span class='ocrx_word' id='word_1_559' title='bbox 951 4905 1289 4977; x_wconf 68' lang='lat' dir='ltr'><strong>sangermanensem</strong></span> <span class='ocrx_word' id='word_1_560' title='bbox 1302 4922 1441 4977; x_wconf 78' lang='lat' dir='ltr'><strong>presens,</strong></span> <span class='ocrx_word' id='word_1_561' title='bbox 1454 4924 1530 4976; x_wconf 86' lang='lat' dir='ltr'><strong>aras,</strong></span> <span class='ocrx_word' id='word_1_562' title='bbox 1541 4911 1779 4987; x_wconf 87' lang='lat' dir='ltr'><strong>etsimulacrum‚</strong></span> 
     </span>
    </p>

    <p class='ocr_par' dir='ltr' id='par_1_42' title="bbox 65 4992 1723 5069">
     <span class='ocr_line' id='line_1_46' title="bbox 65 4992 1723 5069; baseline 0.01 -26"><span class='ocrx_word' id='word_1_563' title='bbox 65 4995 175 5045; x_wconf 76' lang='lat' dir='ltr'><strong>Arcum</strong></span> <span class='ocrx_word' id='word_1_564' title='bbox 193 4992 279 5063; x_wconf 78' lang='lat' dir='ltr'><strong>fregit</strong></span> <span class='ocrx_word' id='word_1_565' title='bbox 293 4997 322 5048; x_wconf 89' lang='lat' dir='ltr'><strong>et</strong></span> <span class='ocrx_word' id='word_1_566' title='bbox 338 4996 470 5065; x_wconf 81' lang='lat' dir='ltr'><strong>sagittas.</strong></span> <span class='ocrx_word' id='word_1_567' title='bbox 487 5011 538 5050; x_wconf 90' lang='lat' dir='ltr'><strong>neo</strong></span> <span class='ocrx_word' id='word_1_568' title='bbox 556 4995 684 5067; x_wconf 86' lang='lat' dir='ltr'><strong>pepercit</strong></span> <span class='ocrx_word' id='word_1_569' title='bbox 700 4997 844 5069; x_wconf 83' lang='lat' dir='ltr'><strong>pharetrts</strong></span> <span class='ocrx_word' id='word_1_570' title='bbox 951 4995 1010 5053; x_wconf 88' lang='lat' dir='ltr'><strong>Nec</strong></span> <span class='ocrx_word' id='word_1_571' title='bbox 1027 5012 1077 5066; x_wconf 90' lang='lat' dir='ltr'><strong>per</strong></span> <span class='ocrx_word' id='word_1_572' title='bbox 1093 5000 1121 5050; x_wconf 91' lang='lat' dir='ltr'><strong>te</strong></span> <span class='ocrx_word' id='word_1_573' title='bbox 1137 4995 1325 5066; x_wconf 85' lang='lat' dir='ltr'><strong>decipiantur</strong></span> <span class='ocrx_word' id='word_1_574' title='bbox 1339 4994 1415 5051; x_wconf 85' lang='lat' dir='ltr'><strong>ultra</strong></span> <span class='ocrx_word' id='word_1_575' title='bbox 1430 5003 1542 5054; x_wconf 87' lang='lat' dir='ltr'><strong>mentes</strong></span> <span class='ocrx_word' id='word_1_576' title='bbox 1557 4999 1723 5059; x_wconf 87' lang='lat' dir='ltr'><strong>bominum.</strong></span> 
     </span>
    </p>

    <p class='ocr_par' dir='ltr' id='par_1_43' title="bbox 64 5079 1648 5160">
     <span class='ocr_line' id='line_1_47' title="bbox 64 5079 1648 5160; baseline 0.009 -28"><span class='ocrx_word' id='word_1_577' title='bbox 64 5079 179 5143; x_wconf 85' lang='lat' dir='ltr'><strong>Quibus</strong></span> <span class='ocrx_word' id='word_1_578' title='bbox 195 5097 227 5136; x_wconf 83' lang='lat' dir='ltr'><strong>ee</strong></span> <span class='ocrx_word' id='word_1_579' title='bbox 247 5083 379 5137; x_wconf 83' lang='lat' dir='ltr'><strong>venatrix</strong></span> <span class='ocrx_word' id='word_1_580' title='bbox 393 5084 447 5138; x_wconf 81' lang='lat' dir='ltr'><strong>dea</strong></span> <span class='ocrx_word' id='word_1_581' title='bbox 461 5085 564 5140; x_wconf 85' lang='lat' dir='ltr'><strong>debuit</strong></span> <span class='ocrx_word' id='word_1_582' title='bbox 578 5085 755 5141; x_wconf 89' lang='lat' dir='ltr'><strong>dell&#39;endere.</strong></span> <span class='ocrx_word' id='word_1_583' title='bbox 953 5086 1003 5141; x_wconf 83' lang='lat' dir='ltr'><strong>llix</strong></span> <span class='ocrx_word' id='word_1_584' title='bbox 1018 5084 1109 5140; x_wconf 84' lang='lat' dir='ltr'><strong>finitis</strong></span> <span class='ocrx_word' id='word_1_585' title='bbox 1124 5084 1220 5139; x_wconf 79' lang='lat' dir='ltr'><strong>uerbis</strong></span> <span class='ocrx_word' id='word_1_586' title='bbox 1231 5084 1294 5140; x_wconf 82' lang='lat' dir='ltr'><strong>istis</strong></span> <span class='ocrx_word' id='word_1_587' title='bbox 1309 5086 1396 5140; x_wconf 91' lang='lat' dir='ltr'><strong>arbcr</strong></span> <span class='ocrx_word' id='word_1_588' title='bbox 1411 5087 1515 5160; x_wconf 85' lang='lat' dir='ltr'><strong>ingens</strong></span> <span class='ocrx_word' id='word_1_589' title='bbox 1526 5090 1648 5159; x_wconf 90' lang='lat' dir='ltr'><strong>corruit,</strong></span> 
     </span>
    </p>

    <p class='ocr_par' dir='ltr' id='par_1_44' title="bbox 66 5169 1782 5246">
     <span class='ocr_line' id='line_1_48' title="bbox 66 5169 1782 5246; baseline 0.012 -23"><span class='ocrx_word' id='word_1_590' title='bbox 66 5169 144 5235; x_wconf 78' lang='lat' dir='ltr'><strong>Quid</strong></span> <span class='ocrx_word' id='word_1_591' title='bbox 160 5172 290 5227; x_wconf 85' lang='lat' dir='ltr'><strong>restabat</strong></span> <span class='ocrx_word' id='word_1_592' title='bbox 303 5172 366 5244; x_wconf 86' lang='lat' dir='ltr'><strong>jam</strong></span> <span class='ocrx_word' id='word_1_593' title='bbox 384 5173 528 5230; x_wconf 87' lang='lat' dir='ltr'><strong>ministris</strong></span> <span class='ocrx_word' id='word_1_594' title='bbox 543 5180 713 5246; x_wconf 81' lang='lat' dir='ltr'><strong>exspectare</strong></span> <span class='ocrx_word' id='word_1_595' title='bbox 729 5172 836 5232; x_wconf 83' lang='lat' dir='ltr'><strong>melius</strong></span> <span class='ocrx_word' id='word_1_596' title='bbox 954 5178 985 5232; x_wconf 84' lang='lat' dir='ltr'><strong>Et</strong></span> <span class='ocrx_word' id='word_1_597' title='bbox 999 5191 1066 5230; x_wconf 92' lang='lat' dir='ltr'><strong>cum</strong></span> <span class='ocrx_word' id='word_1_598' title='bbox 1082 5170 1194 5244; x_wconf 87' lang='lat' dir='ltr'><strong>templo</strong></span> <span class='ocrx_word' id='word_1_599' title='bbox 1211 5187 1340 5241; x_wconf 89' lang='lat' dir='ltr'><strong>mensas,</strong></span> <span class='ocrx_word' id='word_1_600' title='bbox 1361 5191 1439 5244; x_wconf 82' lang='lat' dir='ltr'><strong>aras,</strong></span> <span class='ocrx_word' id='word_1_601' title='bbox 1456 5175 1566 5235; x_wconf 90' lang='lat' dir='ltr'><strong>idolum</strong></span> <span class='ocrx_word' id='word_1_602' title='bbox 1593 5183 1782 5243; x_wconf 89' lang='lat' dir='ltr'><strong>comminuit.</strong></span> 
     </span>
    </p>

    <p class='ocr_par' dir='ltr' id='par_1_45' title="bbox 64 5259 1673 5335">
     <span class='ocr_line' id='line_1_49' title="bbox 64 5259 1673 5335; baseline 0.007 -20"><span class='ocrx_word' id='word_1_603' title='bbox 64 5264 131 5315; x_wconf 89' lang='lat' dir='ltr'><strong>lmn</strong></span> <span class='ocrx_word' id='word_1_604' title='bbox 149 5259 214 5332; x_wconf 90' lang='lat' dir='ltr'><strong>plus</strong></span> <span class='ocrx_word' id='word_1_605' title='bbox 230 5261 395 5317; x_wconf 88' lang='lat' dir='ltr'><strong>timendum</strong></span> <span class='ocrx_word' id='word_1_606' title='bbox 411 5269 474 5318; x_wconf 87' lang='lat' dir='ltr'><strong>erat</strong></span> <span class='ocrx_word' id='word_1_607' title='bbox 487 5263 600 5319; x_wconf 79' lang='lat' dir='ltr'><strong>caeteris</strong></span> <span class='ocrx_word' id='word_1_608' title='bbox 616 5264 798 5321; x_wconf 85' lang='lat' dir='ltr'><strong>numinibus.</strong></span> <span class='ocrx_word' id='word_1_609' title='bbox 952 5264 1120 5335; x_wconf 80' lang='lat' dir='ltr'><strong>Repedatur</strong></span> <span class='ocrx_word' id='word_1_610' title='bbox 1134 5262 1169 5316; x_wconf 86' lang='lat' dir='ltr'><strong>ad</strong></span> <span class='ocrx_word' id='word_1_611' title='bbox 1188 5264 1366 5334; x_wconf 72' lang='lat' dir='ltr'><strong>prefectum,</strong></span> <span class='ocrx_word' id='word_1_612' title='bbox 1378 5267 1552 5324; x_wconf 87' lang='lat' dir='ltr'><strong>nuntiantur</strong></span> <span class='ocrx_word' id='word_1_613' title='bbox 1566 5270 1673 5327; x_wconf 86' lang='lat' dir='ltr'><strong>tristis.</strong></span> 
     </span>
    </p>

    <p class='ocr_par' dir='ltr' id='par_1_46' title="bbox 66 5347 1668 5429">
     <span class='ocr_line' id='line_1_50' title="bbox 66 5347 1668 5429; baseline 0.006 -23"><span class='ocrx_word' id='word_1_614' title='bbox 66 5347 147 5406; x_wconf 82' lang='lat' dir='ltr'><strong>Mille</strong></span> <span class='ocrx_word' id='word_1_615' title='bbox 163 5350 233 5406; x_wconf 92' lang='lat' dir='ltr'><strong>deos</strong></span> <span class='ocrx_word' id='word_1_616' title='bbox 248 5354 412 5419; x_wconf 85' lang='lat' dir='ltr'><strong>evertisset,</strong></span> <span class='ocrx_word' id='word_1_617' title='bbox 429 5352 454 5409; x_wconf 90' lang='lat' dir='ltr'><strong>si</strong></span> <span class='ocrx_word' id='word_1_618' title='bbox 470 5353 619 5409; x_wconf 88' lang='lat' dir='ltr'><strong>suillasset</strong></span> <span class='ocrx_word' id='word_1_619' title='bbox 634 5352 753 5422; x_wconf 91' lang='lat' dir='ltr'><strong>millies,</strong></span> <span class='ocrx_word' id='word_1_620' title='bbox 952 5353 1030 5412; x_wconf 84' lang='lat' dir='ltr'><strong>Reus</strong></span> <span class='ocrx_word' id='word_1_621' title='bbox 1047 5352 1122 5408; x_wconf 78' lang='lat' dir='ltr'><strong>Felix</strong></span> <span class='ocrx_word' id='word_1_622' title='bbox 1139 5356 1341 5424; x_wconf 79' lang='lat' dir='ltr'><strong>praesentatur,</strong></span> <span class='ocrx_word' id='word_1_623' title='bbox 1356 5355 1499 5429; x_wconf 70' lang='lat' dir='ltr'><strong>queritur</strong></span> <span class='ocrx_word' id='word_1_624' title='bbox 1512 5360 1668 5415; x_wconf 87' lang='lat' dir='ltr'><strong>sententis.</strong></span> 
     </span>
    </p>

    <p class='ocr_par' dir='ltr' id='par_1_47' title="bbox 67 5435 1781 5511">
     <span class='ocr_line' id='line_1_51' title="bbox 67 5435 1781 5511; baseline 0.005 -14"><span class='ocrx_word' id='word_1_625' title='bbox 67 5435 130 5497; x_wconf 83' lang='lat' dir='ltr'><strong>Nec</strong></span> <span class='ocrx_word' id='word_1_626' title='bbox 142 5439 248 5497; x_wconf 84' lang='lat' dir='ltr'><strong>armati</strong></span> <span class='ocrx_word' id='word_1_627' title='bbox 264 5456 317 5498; x_wconf 91' lang='lat' dir='ltr'><strong>ceo</strong></span> <span class='ocrx_word' id='word_1_628' title='bbox 333 5443 460 5500; x_wconf 88' lang='lat' dir='ltr'><strong>inermes</strong></span> <span class='ocrx_word' id='word_1_629' title='bbox 474 5442 638 5500; x_wconf 84' lang='lat' dir='ltr'><strong>evasissent</strong></span> <span class='ocrx_word' id='word_1_630' title='bbox 651 5443 806 5502; x_wconf 75' lang='lat' dir='ltr'><strong>demones.</strong></span> <span class='ocrx_word' id='word_1_631' title='bbox 951 5442 1055 5503; x_wconf 71' lang='lat' dir='ltr'><strong>iub</strong></span> <span class='ocrx_word' id='word_1_632' title='bbox 1065 5441 1174 5500; x_wconf 79' lang='lat' dir='ltr'><strong>Pistor</strong></span> <span class='ocrx_word' id='word_1_633' title='bbox 1184 5438 1397 5511; x_wconf 85' lang='lat' dir='ltr'><strong>Drsous,draco</strong></span> <span class='ocrx_word' id='word_1_634' title='bbox 1409 5461 1503 5502; x_wconf 81' lang='lat' dir='ltr'><strong>serus</strong></span> <span class='ocrx_word' id='word_1_635' title='bbox 1512 5452 1541 5504; x_wconf 85' lang='lat' dir='ltr'><strong>et</strong></span> <span class='ocrx_word' id='word_1_636' title='bbox 1553 5452 1677 5504; x_wconf 88' lang='lat' dir='ltr'><strong>cruenta</strong></span> <span class='ocrx_word' id='word_1_637' title='bbox 1687 5444 1704 5503; x_wconf 95' lang='lat' dir='ltr'><strong>b</strong></span> <span class='ocrx_word' id='word_1_638' title='bbox 1713 5445 1781 5506; x_wconf 71' lang='lat' dir='ltr'><strong>&amp;stis</strong></span> 
     </span>
    </p>
   </div>
   <div class='ocr_carea' id='block_1_6' title="bbox 106 5555 1329 5645">
    <p class='ocr_par' dir='ltr' id='par_1_48' title="bbox 106 5555 1329 5645">
     <span class='ocr_line' id='line_1_52' title="bbox 106 5555 1329 5645; baseline 0.004 -22"><span class='ocrx_word' id='word_1_639' title='bbox 106 5555 165 5643; x_wconf 74' lang='lat'><strong>(00)</strong></span> <span class='ocrx_word' id='word_1_640' title='bbox 180 5567 264 5624; x_wconf 70' lang='lat' dir='ltr'><strong>Forte</strong></span> <span class='ocrx_word' id='word_1_641' title='bbox 279 5567 415 5627; x_wconf 86' lang='lat' dir='ltr'><strong>llorenles</strong></span> <span class='ocrx_word' id='word_1_642' title='bbox 430 5569 528 5629; x_wconf 86' lang='lat' dir='ltr'><strong>dietus</strong></span> <span class='ocrx_word' id='word_1_643' title='bbox 543 5568 681 5631; x_wconf 62' lang='lat' dir='ltr'><strong>Barcina</strong></span> <span class='ocrx_word' id='word_1_644' title='bbox 695 5588 713 5631; x_wconf 86' lang='lat' dir='ltr'><strong>e</strong></span> <span class='ocrx_word' id='word_1_645' title='bbox 726 5568 803 5629; x_wconf 81' lang='lat' dir='ltr'><strong>Bura</strong></span> <span class='ocrx_word' id='word_1_646' title='bbox 817 5571 891 5632; x_wconf 81' lang='lat' dir='ltr'><strong>urbs</strong></span> <span class='ocrx_word' id='word_1_647' title='bbox 902 5568 1021 5631; x_wconf 71' lang='lat' dir='ltr'><strong>bobais</strong></span> <span class='ocrx_word' id='word_1_648' title='bbox 1033 5567 1065 5631; x_wconf 90' lang='lat' dir='ltr'><strong>ln</strong></span> <span class='ocrx_word' id='word_1_649' title='bbox 1080 5580 1140 5645; x_wconf 78' lang='lat' dir='ltr'><strong>qus</strong></span> <span class='ocrx_word' id='word_1_650' title='bbox 1154 5562 1329 5629; x_wconf 80' lang='lat' dir='ltr'><strong>celebratur.</strong></span> 
     </span>
    </p>
   </div>
   <div class='ocr_carea' id='block_1_7' title="bbox 0 0 1933 6030">
    <p class='ocr_par' dir='ltr' id='par_1_49' title="bbox 0 0 1933 6030">
     <span class='ocr_line' id='line_1_53' title="bbox 0 0 1933 6030; baseline 0 0"><span class='ocrx_word' id='word_1_651' title='bbox 0 0 1933 6030; x_wconf 95' lang='lat' dir='ltr'><strong> </strong></span> 
     </span>
    </p>
   </div>
  </div>
 </body>
</html>
