3802 6030
59 248 136 308 1433

130 379 212 435 Unde
229 378 304 444 veni,
321 375 363 434 vel
379 391 437 448 quo
454 373 552 432 teror?

134 466 187 535 Qui
202 466 247 521 vel
263 465 365 538 quales
387 465 414 520 bi
430 464 530 536 pirate

134 553 190 621 Qui
205 554 349 610 insultant
364 569 460 609 mersa
475 552 559 608 rute?

134 647 201 712 Qus
216 642 359 718 proeellas,
380 643 425 698 vel
440 643 490 715 qui
506 641 582 698 venti

132 735 180 792 Sto
194 735 353 805 insurgunt
368 731 557 804 resurgenti?

130 825 226 882 Nauts
236 824 321 890 bone,
333 822 377 878 via
389 821 483 891 bonis,

130 914 221 971 Utens
241 911 470 978 remorationis,

130 1007 223 1072 Quam
240 1003 348 1073 inepte,
362 1017 450 1073 quam
465 1001 581 1056 incaute

129 1095 198 1151 Sese
212 1093 319 1149 babent
333 1090 390 1147 mei
405 1088 519 1147 nautea!

129 1184 185 1241 Sed
202 1199 254 1239 neo
269 1185 364 1238 naute
380 1178 437 1235 diei
457 1179 561 1235 debent

130 1273 183 1338 Qui
198 1273 322 1328 fortune
343 1286 448 1326 manus
462 1267 615 1340 praebent3

127 1370 186 1422 Nee
201 1370 347 1421 raetorum
365 1379 444 1420 more
459 1363 569 1435 degunt

130 1457 184 1523 Qui
199 1459 351 1528 reguntur,
367 1458 395 1510 et
411 1470 469 1510 non
484 1456 600 1525 regunt.

131 1544 182 1601 llis
196 1548 256 1600 tam
281 1542 364 1599 eoeeis
379 1558 468 1614 quam
484 1540 596 1611 ignavis

130 1636 181 1692 Est
195 1635 372 1691 commissus
392 1632 490 1689 olavus
505 1632 595 1701 navis,

129 1727 220 1791 Quam
236 1724 362 1782 curtavit
377 1729 456 1796 parte
471 1738 530 1778 una

128 1814 229 1871 Piratae
243 1814 286 1870 vis
301 1814 489 1886 importuna:

126 1909 184 1960 Neo
199 1922 216 1961 a
232 1903 329 1960 nautis
349 1911 392 1960 est
407 1903 585 1960 subventum

127 1997 234 2053 Contra
248 1994 325 2050 ietua
340 1991 508 2049 ferientum.

126 2086 242 2142 Timent
255 2082 326 2140 viris
341 2098 397 2139 non
413 2082 545 2138 timenda

128 2176 160 2232 tli
176 2191 193 2231 a
208 2173 318 2247 quibus
333 2176 403 2228 sunt
417 2171 553 2243 regenda.

126 2268 236 2320 Motum
254 2262 376 2333 frondis,
392 2261 527 2317 umbram
542 2259 620 2316 luna

123 2354 217 2410 Timet
233 2351 283 2407 ille
300 2366 372 2424 gens
388 2351 533 2407 tortunae:

125 2446 154 2502 ei
170 2461 216 2500 me
232 2457 339 2500 eneam
355 2456 430 2496 oneo
452 2438 526 2495 mari

127 2532 284 2590 patiuntur
297 2530 420 2602 evagari.

126 2621 232 2680 Prooul
248 2619 357 2678 collum
374 2618 517 2688 amoniti,

127 2710 232 2769 Procul
248 2710 327 2766 latus
342 2705 473 2775 acubili,

129 2800 326 2874 vilipendere
342 2798 456 2868 marito,

128 2894 201 2948 Cum
217 2889 254 2946 ad
270 2893 366 2944 torum
382 2888 461 2943 hune
475 2886 577 2943 invito.

130 2979 237 3036 Tribus
253 2979 338 3034 aunis
354 2981 468 3033 noctem
484 2992 583 3049 passa,

127 3068 225 3124 Vehor
239 3066 313 3124 mari
332 3083 405 3123 navo
420 3082 539 3138 quassa.

128 3162 191 3214 Neu
207 3154 322 3212 excludi
338 3160 453 3211 noctem
469 3152 544 3219 tuoe,

127 3246 185 3303 Neo
196 3260 324 3301 errorem
344 3244 420 3299 bono
435 3242 520 3298 duee.

130 3335 233 3392 1868
250 3333 379 3391 Exclusit
394 3332 479 3389 annis
493 3331 588 3389 tribus

131 3428 222 3481 Potus
237 3421 331 3488 sitim,
346 3420 453 3476 tamem
472 3419 578 3488 eibus;

130 3513 229 3569 vinem
246 3514 342 3584 potus,
357 3510 450 3567 vinem
466 3506 551 3581 panis

130 3603 205 3676 Spes
220 3599 355 3673 explebat
370 3640 378 3668 ,
395 3598 447 3655 sed
465 3598 581 3668 inanis;

131 3692 204 3749 Nam
220 3694 355 3763 exspecto
370 3688 466 3746 tribus
481 3689 567 3746 annis

132 3781 221 3848 Quasi
236 3779 343 3837 stultus
363 3779 474 3835 burum
492 3778 599 3849 amnis,

133 3869 237 3929 Amnis
252 3877 348 3927 tamen
364 3868 505 3938 elabetur,

133 3961 191 4016 Nee
208 3959 244 4015 ad
259 3957 361 4014 horam
382 3957 546 4013 haurietur.

133 4050 207 4105 llato
224 4048 325 4116 traeto,
341 4045 434 4102 scisso
449 4046 522 4116 velo,

133 4140 174 4196 ad
191 4144 356 4195 extremum
373 4152 451 4192 nuno
466 4136 580 4193 antrelo.

129 4230 266 4285 Nondum
280 4231 385 4283 ventus
407 4222 479 4282 iram
495 4225 579 4292 lenit,

134 4319 187 4374 Sed
206 4320 318 4390 aparte
334 4320 435 4387 portus
454 4316 551 4387 venit;

131 4409 174 4465 ad
189 4422 325 4464 oaoasum
349 4406 400 4462 llat
418 4406 454 4462 ab
469 4412 545 4475 ortu,

135 4500 197 4557 Non
215 4499 250 4555 ad
266 4502 394 4569 portum,
410 4498 460 4555 sed
476 4515 492 4553 s
507 4502 604 4571 portu.

134 4590 322 4662 Dispensator
336 4587 388 4658 qui
402 4587 557 4660 dispensas

132 4684 203 4734 cum
221 4677 342 4750 privatis
362 4693 408 4732 res
424 4676 582 4735 immensas

132 4773 208 4824 Bene
224 4769 341 4832 ennete,
359 4761 400 4820 nit
416 4765 535 4837 inique;

133 4857 177 4913 ltu
193 4869 339 4926 nusquam
356 4856 389 4908 ut
410 4853 528 4925 ubique,

135 4945 238 5001 Ortum
254 4958 343 4997 suum
359 4941 443 5012 oujus
458 4957 534 4998 eure

134 5033 248 5090 Debent
262 5047 364 5088 omues
379 5035 516 5088 creature

135 5123 213 5188 Quas
228 5119 333 5177 ereasti
348 5136 407 5176 non
422 5128 547 5190 erastus,

132 5213 237 5269 Festus
254 5224 418 5280 nunquam,
434 5213 533 5265 tamen
550 5216 656 5280 natus;

133 5303 186 5368 Qui
202 5301 244 5358 nil
259 5305 371 5357 tantum
389 5303 470 5373 potes
485 5317 583 5369 nosse,

134 5394 188 5460 Qui
205 5409 263 5449 non
279 5396 362 5465 potes
377 5390 444 5464 plua
459 5409 516 5448 non
533 5407 628 5464 posse.

98 5549 153 5619 (tt)
168 5547 216 5604 So.
233 5546 336 5602 Petrus
350 5543 516 5616 episeopus.

670 239 852 303 cunutus
876 240 1157 303 piscantinae.

895 376 924 442 Α
1006 376 1047 430 Tu
1063 375 1112 447 qui
1130 389 1256 447 magnus
1271 373 1438 445 strepente,

1007 464 1147 537 Princeps
1163 464 1244 537 pasis
1254 462 1319 520 siue
1334 462 1436 528 Marte,

1009 553 1077 609 Sine
1093 557 1182 618 motu,
1199 552 1264 610 sine
1278 551 1352 623 loon,

1009 642 1121 698 Motum
1137 641 1259 714 prebes,
1280 656 1372 714 praees
1391 640 1455 697 loeo

1007 731 1051 787 Tu
1066 731 1115 801 qui
1131 731 1236 798 bonus,
1248 730 1308 786 imo
1328 730 1437 787 bouum

1006 823 1097 886 Quem
1114 820 1249 894 amplecti
1265 821 1367 893 paneis
1382 835 1519 892 pronum,

1007 912 1098 977 Quem
1114 910 1197 968 silari
1211 927 1268 967 non
1284 914 1329 966 est
1345 908 1476 981 planum.

1005 999 1125 1057 Nesoire
1139 1016 1227 1072 quam
1242 1004 1286 1056 est
1301 999 1465 1055 humanum

1005 1089 1082 1145 Boua
1096 1087 1159 1155 Fili,
1176 1087 1250 1144 bona
1271 1088 1364 1158 Pater,

1005 1177 1085 1234 Bona
1097 1177 1198 1250 Virgo,
1213 1177 1265 1232 sed
1279 1180 1308 1232 et
1322 1179 1435 1242 mater,

1005 1267 1107 1336 Matar,
1130 1265 1261 1338 inquam,
1277 1263 1453 1321 immortalis

1001 1356 1058 1413 Sed
1073 1355 1195 1424 eaduea,
1212 1354 1264 1410 sad
1279 1352 1431 1422 mortalis3

1004 1443 1149 1502 Exaudite
1172 1459 1259 1516 quem
1279 1442 1401 1510 auditis,

1004 1534 1040 1590 llt
1055 1533 1134 1606 quod
1148 1531 1215 1589 nolo
1230 1547 1266 1588 ne
1281 1530 1388 1588 velitis.

1004 1622 1123 1679 Constat
1137 1622 1220 1678 vobis
1236 1621 1266 1678 id
1282 1620 1423 1680 mavelle.

1002 1711 1044 1768 Ne
1060 1727 1107 1767 me
1121 1716 1225 1767 vexent
1239 1710 1285 1767 hee
1299 1710 1439 1783 procelle,

1002 1801 1043 1857 Ne
1055 1801 1118 1872 jam
1134 1800 1237 1857 oradsr
1250 1805 1327 1858 sorte
1342 1800 1403 1873 regi

1002 1893 1184 1965 Desponsata
1197 1908 1299 1964 regum
1314 1893 1397 1965 ltegi.

1002 1984 1046 2038 lte
1061 1981 1200 2038 ledentes
1220 1981 1279 2037 Rex
1294 1981 1413 2049 iustius,

1004 2070 1045 2129 Ne
1059 2069 1207 2126 exsultent
1221 2070 1257 2127 de
1271 2069 1383 2142 rapina.

1005 2158 1191 2217 laetentibus
1206 2157 1339 2231 rapinam

1004 2249 1117 2321 Rapina
1131 2249 1170 2305 eit
1183 2248 1214 2303 iu
1228 2248 1344 2305 ruinam
1357 2268 1365 2318 ;

1003 2340 1075 2394 Arne
1089 2336 1176 2410 lupos
1190 2351 1259 2394 eum
1274 2337 1387 2408 piratis,

1003 2427 1044 2484 Ne
1059 2427 1193 2500 desperet
1206 2430 1325 2500 portum
1340 2426 1422 2484 ratis.

1004 2515 1080 2572 Audi
1096 2520 1197 2588 paster
1211 2515 1261 2587 qui
1278 2521 1324 2571 me
1335 2514 1423 2588 regis,

1004 2604 1047 2660 Da
1062 2608 1209 2676 pastorem
1223 2603 1339 2660 doetum
1356 2603 1463 2676 gregis,

1006 2697 1043 2749 Sa
1058 2695 1229 2765 regnantem
1246 2693 1369 2758 ratione,

1007 2781 1176 2838 Daviantem
1193 2780 1354 2851 aSimone,

1007 2871 1061 2936 Qui
1077 2870 1120 2925 sio
1134 2874 1244 2942 pugnet
1259 2869 1288 2926 in
1303 2868 1422 2937 virtute,

1007 2958 1049 3015 Ne
1064 2959 1124 3015 sint
1137 2974 1206 3029 opea
1222 2975 1326 3031 parum
1342 2962 1419 3026 tutae,

1007 3048 1053 3103 Sie
1069 3047 1238 3120 dispenset,
1255 3052 1283 3103 et
1299 3047 1353 3102 hee
1366 3047 1455 3113 dieto,

893 3094 915 3161 c
1005 3137 1133 3193 Somnus
1149 3136 1220 3203 abit,
1237 3152 1283 3192 me
1299 3135 1409 3193 relieto.

933 3242 1026 3301 cxv1.
1052 3244 1089 3299 lte
1108 3245 1223 3299 ciuitate
1239 3243 1355 3310 Pictavi,
1374 3245 1533 3317 etquenam
1547 3238 1757 3315 ejuspressatss
1848 3284 1851 3289 .
1878 3242 1882 3255 ²

1232 3333 1264 3395 (li
1282 3331 1458 3401 Marisnaeo.)

935 3421 967 3479 Si
981 3425 1103 3479 cunetas
1119 3421 1207 3478 urbae
1223 3437 1410 3478 numeremus
1424 3422 1461 3479 ab
1475 3420 1599 3494 Alpibus
1610 3419 1699 3489 infra,
1794 3436 1796 3441 ·
1877 3422 1892 3487 “,

972 3510 1096 3568 Pictavis
1111 3511 1188 3567 inter
1204 3526 1253 3567 ens
1263 3510 1365 3567 extulit
1379 3526 1440 3568 uns
1453 3516 1552 3583 caput.

936 3604 1018 3658 liene
1050 3601 1189 3657 decorant
1215 3599 1363 3673 princeps,
1385 3599 1466 3672 plebs
1495 3597 1633 3664 maxime,
1663 3595 1760 3654 olerus
1863 3590 1882 3667 j.

1557 3689 1721 3760 [honestus

972 3782 1066 3852 Agger
1078 3795 1179 3852 opum,
1194 3778 1285 3835 turris
1301 3778 1402 3848 multa,
1419 3778 1552 3851 situsque
1565 3777 1632 3835 looi.

936 3869 1029 3941 Major
1042 3867 1329 3941 adbanesuperhaeo
1341 3868 1453 3926 aceedit
1467 3864 1758 3941 gloria,praesul(ti);

972 3955 1085 4014 Nobilis
1099 3957 1171 4014 urbs
1186 3958 1238 4014 teli
1254 3958 1378 4030 presule
1393 3957 1483 4030 digua
1497 3957 1561 4014 tuit.

936 4045 993 4104 Sed
1007 4046 1147 4118 quoniam
1161 4045 1257 4103 virtus
1272 4046 1301 4103 in
1317 4048 1442 4117 presule
1456 4045 1549 4119 pluria
1564 4046 1699 4116 habetur,

973 4135 1014 4192 De
1027 4134 1136 4191 virtute
1151 4151 1205 4191 sua
1219 4151 1312 4207 pausa
1327 4136 1433 4193 referre
1447 4134 1527 4192 tibet.
1576 4120 1581 4130 ¹

938 4225 1150 4297 Corpusopes,
1167 4224 1309 4294 studium,
1322 4241 1428 4294 mores,
1439 4224 1525 4281 uibus
1535 4237 1761 4297 aspar,egeuus,

975 4311 1081 4383 Lectio,
1097 4312 1216 4386 probra,
1231 4312 1343 4380 domat,
1361 4313 1462 4385 carpit,
1477 4312 1528 4371 alit
1537 4330 1550 4378 ,·
1562 4312 1686 4384 tugiunt.

937 4403 1079 4470 Virtutes,
1095 4401 1207 4475 eulpae,
1224 4402 1364 4472 truatum,
1381 4401 1466 4470 tovot,
1483 4405 1627 4474 amputat,
1643 4403 1742 4471 auget.

974 4493 1038 4563 tos,
1054 4491 1115 4560 lite,
1131 4507 1243 4564 paoem,
1259 4491 1394 4564 protegit,
1405 4491 1476 4560 odit,
1492 4496 1581 4548 amat.

938 4585 967 4642 si
981 4601 1075 4659 genus
1089 4589 1117 4642 et
1132 4585 1245 4657 speeies
1260 4588 1360 4640 essent
1374 4585 1404 4640 in
1421 4584 1544 4657 presule
1558 4585 1654 4653 dotas,

974 4676 1048 4732 Huie
1062 4675 1147 4732 dotes
1161 4677 1261 4730 assent
1275 4677 1304 4729 st
1318 4689 1410 4744 genus
1423 4681 1451 4730 et
1466 4673 1588 4744 speeies.

940 4763 1074 4834 Largitur
1084 4779 1184 4836 poenas
1199 4763 1316 4831 invitus,
1333 4761 1453 4834 pramis
1468 4763 1619 4835 gaudena;

975 4853 1098 4909 Parcius
1112 4852 1166 4908 has
1181 4851 1306 4922 meritis,
1321 4851 1434 4925 largius
1449 4851 1510 4922 ills,
1526 4854 1590 4910 suis

940 4944 1041 5000 Fervet
1052 4941 1179 5015 justitia,
1195 4941 1324 4999 mitescit
1338 4941 1548 5016 simplieitate;

975 5031 1088 5105 Quippe
1101 5031 1197 5104 rigore
1212 5030 1319 5101 gravis,
1334 5030 1488 5090 nobilitate
1501 5033 1579 5104 pius.

941 5122 964 5179 0
979 5123 1059 5178 mire
1070 5121 1222 5196 gravitatis
1237 5120 1342 5178 bomol
1359 5121 1401 5179 ull
1415 5128 1520 5195 praeter
1534 5124 1689 5183 honestum

975 5211 1059 5268 Meus
1075 5228 1139 5276 sua,
1153 5209 1263 5283 lingua,
1279 5228 1397 5280 manus,
1413 5213 1531 5286 cogitat,
1547 5214 1617 5280 edit,
1634 5215 1703 5288 egit.

938 5304 961 5356 0
977 5302 1057 5356 mire
1074 5299 1192 5373 pietatis
1206 5300 1294 5357 homo
1307 5300 1314 5355 l
1328 5317 1380 5358 nee
1394 5301 1505 5360 honore
1518 5303 1661 5376 superbit,

975 5390 1080 5447 1880
1099 5389 1157 5446 Nee
1171 5387 1258 5446 lesus
1274 5389 1361 5460 cedit,
1381 5407 1434 5447 neo
1446 5390 1625 5450 dominando
1640 5391 1757 5464 premit.
