<?xml version="1.0" encoding="UTF-8"?>
<!DOCTYPE html PUBLIC "-//W3C//DTD XHTML 1.0 Transitional//EN"
    "http://www.w3.org/TR/xhtml1/DTD/xhtml1-transitional.dtd">
<html xmlns="http://www.w3.org/1999/xhtml" xml:lang="en" lang="en">
 <head>
  <title>
</title>
<meta http-equiv="Content-Type" content="text/html;charset=utf-8" />
  <meta name='ocr-system' content='tesseract 3.04.00' />
  <meta name='ocr-capabilities' content='ocr_page ocr_carea ocr_par ocr_line ocrx_word'/>
</head>
<body>
  <div class='ocr_page' id='page_1' title='image "./patrologiaecurs35unkngoog/patrologiaecurs35unkngoog_0671.png"; bbox 0 0 3802 6030; ppageno 0'>
   <div class='ocr_carea' id='block_1_1' title="bbox 148 200 1848 274">
    <p class='ocr_par' dir='ltr' id='par_1_1' title="bbox 148 200 1848 274">
     <span class='ocr_line' id='line_1_1' title="bbox 148 200 1848 274; baseline -0.007 0"><span class='ocrx_word' id='word_1_1' title='bbox 148 210 225 274; x_wconf 72' lang='grc'><strong>1331</strong></span> <span class='ocrx_word' id='word_1_2' title='bbox 672 208 764 269; x_wconf 76' lang='lat' dir='ltr'><strong>t&#39;blt.</strong></span> <span class='ocrx_word' id='word_1_3' title='bbox 789 200 1025 266; x_wconf 76' lang='lat' dir='ltr'><strong>uttuueutttt</strong></span> <span class='ocrx_word' id='word_1_4' title='bbox 1046 200 1247 270; x_wconf 69' lang='lat' dir='ltr'><strong>cauculo.</strong></span> <span class='ocrx_word' id='word_1_5' title='bbox 1269 204 1391 267; x_wconf 66' lang='lat' dir='ltr'><strong>episc.</strong></span> <span class='ocrx_word' id='word_1_6' title='bbox 1777 200 1848 264; x_wconf 71' lang='lat'><strong>1332</strong></span> 
     </span>
    </p>
   </div>
   <div class='ocr_carea' id='block_1_2' title="bbox 57 334 1847 1583">
    <p class='ocr_par' dir='ltr' id='par_1_2' title="bbox 144 334 1847 1041">
     <span class='ocr_line' id='line_1_2' title="bbox 146 334 1747 415; baseline -0.012 -6"><span class='ocrx_word' id='word_1_7' title='bbox 146 349 291 408; x_wconf 75' lang='lat' dir='ltr'><strong>Omnibus</strong></span> <span class='ocrx_word' id='word_1_8' title='bbox 310 345 358 402; x_wconf 87' lang='lat' dir='ltr'><strong>hia</strong></span> <span class='ocrx_word' id='word_1_9' title='bbox 375 343 428 409; x_wconf 86' lang='lat' dir='ltr'><strong>uti,</strong></span> <span class='ocrx_word' id='word_1_10' title='bbox 445 358 509 415; x_wconf 83' lang='lat' dir='ltr'><strong>qus</strong></span> <span class='ocrx_word' id='word_1_11' title='bbox 525 348 592 397; x_wconf 80' lang='lat' dir='ltr'><strong>sum</strong></span> <span class='ocrx_word' id='word_1_12' title='bbox 609 339 717 398; x_wconf 84' lang='lat' dir='ltr'><strong>iniecta</strong></span> <span class='ocrx_word' id='word_1_13' title='bbox 731 338 829 397; x_wconf 87' lang='lat' dir='ltr'><strong>saluti.</strong></span> <span class='ocrx_word' id='word_1_14' title='bbox 988 334 1085 403; x_wconf 71' lang='lat' dir='ltr'><strong>AQui</strong></span> <span class='ocrx_word' id='word_1_15' title='bbox 1101 336 1205 409; x_wconf 88' lang='lat' dir='ltr'><strong>probra</strong></span> <span class='ocrx_word' id='word_1_16' title='bbox 1219 341 1345 396; x_wconf 83' lang='lat' dir='ltr'><strong>testatur</strong></span> <span class='ocrx_word' id='word_1_17' title='bbox 1361 336 1433 394; x_wconf 84' lang='lat' dir='ltr'><strong>letor</strong></span> <span class='ocrx_word' id='word_1_18' title='bbox 1447 351 1499 410; x_wconf 89' lang='lat' dir='ltr'><strong>pro</strong></span> <span class='ocrx_word' id='word_1_19' title='bbox 1513 334 1600 391; x_wconf 84' lang='lat' dir='ltr'><strong>thure</strong></span> <span class='ocrx_word' id='word_1_20' title='bbox 1614 335 1747 407; x_wconf 83' lang='lat' dir='ltr'><strong>paratur,</strong></span> 
     </span>
     <span class='ocr_line' id='line_1_3' title="bbox 146 422 1746 501; baseline -0.009 -5"><span class='ocrx_word' id='word_1_21' title='bbox 146 440 236 498; x_wconf 82' lang='lat' dir='ltr'><strong>Crede</strong></span> <span class='ocrx_word' id='word_1_22' title='bbox 252 436 336 501; x_wconf 86' lang='lat' dir='ltr'><strong>mibi,</strong></span> <span class='ocrx_word' id='word_1_23' title='bbox 353 433 481 490; x_wconf 88' lang='lat' dir='ltr'><strong>multum</strong></span> <span class='ocrx_word' id='word_1_24' title='bbox 499 432 588 488; x_wconf 90' lang='lat' dir='ltr'><strong>miror</strong></span> <span class='ocrx_word' id='word_1_25' title='bbox 603 431 699 488; x_wconf 83' lang='lat' dir='ltr'><strong>scelos</strong></span> <span class='ocrx_word' id='word_1_26' title='bbox 714 430 786 486; x_wconf 90' lang='lat' dir='ltr'><strong>illud</strong></span> <span class='ocrx_word' id='word_1_27' title='bbox 802 428 940 493; x_wconf 87' lang='lat' dir='ltr'><strong>inultum,</strong></span> <span class='ocrx_word' id='word_1_28' title='bbox 1030 423 1083 481; x_wconf 88' lang='lat' dir='ltr'><strong>Pro</strong></span> <span class='ocrx_word' id='word_1_29' title='bbox 1099 424 1191 482; x_wconf 90' lang='lat' dir='ltr'><strong>titulis</strong></span> <span class='ocrx_word' id='word_1_30' title='bbox 1203 442 1329 493; x_wconf 83' lang='lat' dir='ltr'><strong>urorum,</strong></span> <span class='ocrx_word' id='word_1_31' title='bbox 1345 427 1459 483; x_wconf 83' lang='lat' dir='ltr'><strong>turbon</strong></span> <span class='ocrx_word' id='word_1_32' title='bbox 1470 441 1538 498; x_wconf 77' lang='lat' dir='ltr'><strong>gero</strong></span> <span class='ocrx_word' id='word_1_33' title='bbox 1552 422 1746 497; x_wconf 79' lang='lat' dir='ltr'><strong>flagitiorum,</strong></span> 
     </span>
     <span class='ocr_line' id='line_1_4' title="bbox 148 511 1843 593; baseline -0.009 -9"><span class='ocrx_word' id='word_1_34' title='bbox 148 528 210 584; x_wconf 91' lang='lat' dir='ltr'><strong>Nec</strong></span> <span class='ocrx_word' id='word_1_35' title='bbox 226 541 306 582; x_wconf 88' lang='lat' dir='ltr'><strong>mare</strong></span> <span class='ocrx_word' id='word_1_36' title='bbox 320 538 372 579; x_wconf 91' lang='lat' dir='ltr'><strong>nec</strong></span> <span class='ocrx_word' id='word_1_37' title='bbox 388 524 506 577; x_wconf 83' lang='lat' dir='ltr'><strong>sentum</strong></span> <span class='ocrx_word' id='word_1_38' title='bbox 523 520 635 576; x_wconf 88' lang='lat' dir='ltr'><strong>lacinus</strong></span> <span class='ocrx_word' id='word_1_39' title='bbox 647 518 761 593; x_wconf 75' lang='lat' dir='ltr'>rupisse</span> <span class='ocrx_word' id='word_1_40' title='bbox 772 520 939 574; x_wconf 68' lang='lat' dir='ltr'><strong>ntrceulom.</strong></span> <span class='ocrx_word' id='word_1_41' title='bbox 1032 512 1220 589; x_wconf 73' lang='lat' dir='ltr'><strong>utquisque</strong></span> <span class='ocrx_word' id='word_1_42' title='bbox 1231 515 1371 572; x_wconf 91' lang='lat' dir='ltr'><strong>miserum</strong></span> <span class='ocrx_word' id='word_1_43' title='bbox 1384 514 1498 572; x_wconf 90' lang='lat' dir='ltr'><strong>caditin</strong></span> <span class='ocrx_word' id='word_1_44' title='bbox 1510 529 1604 586; x_wconf 77' lang='lat' dir='ltr'><strong>genus</strong></span> <span class='ocrx_word' id='word_1_45' title='bbox 1619 512 1674 569; x_wconf 91' lang='lat' dir='ltr'><strong>boc</strong></span> <span class='ocrx_word' id='word_1_46' title='bbox 1688 511 1843 569; x_wconf 90' lang='lat' dir='ltr'><strong>mulierum</strong></span> 
     </span>
     <span class='ocr_line' id='line_1_5' title="bbox 147 601 1847 684; baseline -0.006 -12"><span class='ocrx_word' id='word_1_47' title='bbox 147 617 237 673; x_wconf 80' lang='lat' dir='ltr'>Miror</span> <span class='ocrx_word' id='word_1_48' title='bbox 251 612 328 684; x_wconf 92' lang='lat' dir='ltr'><strong>quod</strong></span> <span class='ocrx_word' id='word_1_49' title='bbox 342 610 439 684; x_wconf 84' lang='lat' dir='ltr'><strong>pravis</strong></span> <span class='ocrx_word' id='word_1_50' title='bbox 453 609 574 667; x_wconf 75' lang='lat' dir='ltr'><strong>servivit</strong></span> <span class='ocrx_word' id='word_1_51' title='bbox 585 608 615 665; x_wconf 91' lang='lat' dir='ltr'><strong>in</strong></span> <span class='ocrx_word' id='word_1_52' title='bbox 634 608 695 666; x_wconf 82' lang='lat' dir='ltr'><strong>hac</strong></span> <span class='ocrx_word' id='word_1_53' title='bbox 711 609 818 679; x_wconf 88' lang='lat' dir='ltr'><strong>probra</strong></span> <span class='ocrx_word' id='word_1_54' title='bbox 833 605 915 662; x_wconf 87' lang='lat' dir='ltr'><strong>navis</strong></span> <span class='ocrx_word' id='word_1_55' title='bbox 931 620 939 672; x_wconf 81' lang='lat'>3</span> <span class='ocrx_word' id='word_1_56' title='bbox 1026 601 1108 659; x_wconf 88' lang='lat' dir='ltr'><strong>Heul</strong></span> <span class='ocrx_word' id='word_1_57' title='bbox 1125 606 1197 673; x_wconf 77' lang='lat' dir='ltr'><strong>Quid</strong></span> <span class='ocrx_word' id='word_1_58' title='bbox 1212 604 1348 662; x_wconf 80' lang='lat' dir='ltr'><strong>tentavi?</strong></span> <span class='ocrx_word' id='word_1_59' title='bbox 1361 608 1436 673; x_wconf 81' lang='lat' dir='ltr'><strong>Quo.</strong></span> <span class='ocrx_word' id='word_1_60' title='bbox 1452 603 1549 678; x_wconf 89' lang='lat' dir='ltr'><strong>qualis</strong></span> <span class='ocrx_word' id='word_1_61' title='bbox 1563 606 1593 659; x_wconf 93' lang='lat' dir='ltr'><strong>et</strong></span> <span class='ocrx_word' id='word_1_62' title='bbox 1607 603 1687 658; x_wconf 92' lang='lat' dir='ltr'><strong>unde</strong></span> <span class='ocrx_word' id='word_1_63' title='bbox 1702 602 1847 674; x_wconf 81' lang='lat' dir='ltr'><strong>migravii</strong></span> 
     </span>
     <span class='ocr_line' id='line_1_6' title="bbox 146 692 1744 774; baseline -0.008 -16"><span class='ocrx_word' id='word_1_64' title='bbox 146 705 227 771; x_wconf 86' lang='lat' dir='ltr'><strong>Quod</strong></span> <span class='ocrx_word' id='word_1_65' title='bbox 245 707 298 770; x_wconf 83' lang='lat' dir='ltr'><strong>tot,</strong></span> <span class='ocrx_word' id='word_1_66' title='bbox 319 701 399 774; x_wconf 90' lang='lat' dir='ltr'><strong>quod</strong></span> <span class='ocrx_word' id='word_1_67' title='bbox 414 698 505 756; x_wconf 87' lang='lat' dir='ltr'><strong>tantis</strong></span> <span class='ocrx_word' id='word_1_68' title='bbox 522 716 581 756; x_wconf 90' lang='lat' dir='ltr'><strong>non</strong></span> <span class='ocrx_word' id='word_1_69' title='bbox 595 698 711 755; x_wconf 88' lang='lat' dir='ltr'><strong>obstitit</strong></span> <span class='ocrx_word' id='word_1_70' title='bbox 726 695 937 762; x_wconf 84' lang='lat' dir='ltr'><strong>lraTonentis;</strong></span> <span class='ocrx_word' id='word_1_71' title='bbox 1026 692 1068 748; x_wconf 80' lang='lat' dir='ltr'><strong>Ad</strong></span> <span class='ocrx_word' id='word_1_72' title='bbox 1086 709 1216 751; x_wconf 88' lang='lat' dir='ltr'><strong>mensam</strong></span> <span class='ocrx_word' id='word_1_73' title='bbox 1231 695 1339 753; x_wconf 76' lang='lat' dir='ltr'><strong>Christi</strong></span> <span class='ocrx_word' id='word_1_74' title='bbox 1353 693 1487 751; x_wconf 81' lang='lat' dir='ltr'><strong>meretrix</strong></span> <span class='ocrx_word' id='word_1_75' title='bbox 1501 711 1519 748; x_wconf 91' lang='lat' dir='ltr'><strong>a</strong></span> <span class='ocrx_word' id='word_1_76' title='bbox 1530 694 1639 749; x_wconf 86' lang='lat' dir='ltr'><strong>fornice</strong></span> <span class='ocrx_word' id='word_1_77' title='bbox 1656 692 1744 762; x_wconf 85' lang='lat' dir='ltr'><strong>tristi,</strong></span> 
     </span>
     <span class='ocr_line' id='line_1_7' title="bbox 145 780 1634 861; baseline -0.007 -12"><span class='ocrx_word' id='word_1_78' title='bbox 145 790 227 857; x_wconf 83' lang='lat' dir='ltr'><strong>Quod</strong></span> <span class='ocrx_word' id='word_1_79' title='bbox 243 790 312 848; x_wconf 91' lang='lat' dir='ltr'><strong>tulit</strong></span> <span class='ocrx_word' id='word_1_80' title='bbox 327 791 459 847; x_wconf 88' lang='lat' dir='ltr'><strong>incestus</strong></span> <span class='ocrx_word' id='word_1_81' title='bbox 474 796 503 846; x_wconf 88' lang='lat' dir='ltr'><strong>et</strong></span> <span class='ocrx_word' id='word_1_82' title='bbox 514 787 608 861; x_wconf 88' lang='lat' dir='ltr'><strong>littus,</strong></span> <span class='ocrx_word' id='word_1_83' title='bbox 619 792 649 844; x_wconf 91' lang='lat' dir='ltr'><strong>et</strong></span> <span class='ocrx_word' id='word_1_84' title='bbox 660 793 769 854; x_wconf 84' lang='lat' dir='ltr'><strong>auster,</strong></span> <span class='ocrx_word' id='word_1_85' title='bbox 781 790 919 851; x_wconf 71' lang='lat' dir='ltr'><strong>alnetus,</strong></span> <span class='ocrx_word' id='word_1_86' title='bbox 1024 782 1078 838; x_wconf 85' lang='lat' dir='ltr'><strong>Hie</strong></span> <span class='ocrx_word' id='word_1_87' title='bbox 1091 788 1210 840; x_wconf 90' lang='lat' dir='ltr'><strong>onerata</strong></span> <span class='ocrx_word' id='word_1_88' title='bbox 1226 782 1312 841; x_wconf 88' lang='lat' dir='ltr'><strong>malis</strong></span> <span class='ocrx_word' id='word_1_89' title='bbox 1326 784 1385 840; x_wconf 92' lang='lat' dir='ltr'><strong>edii</strong></span> <span class='ocrx_word' id='word_1_90' title='bbox 1398 783 1461 840; x_wconf 91' lang='lat' dir='ltr'><strong>loca</strong></span> <span class='ocrx_word' id='word_1_91' title='bbox 1476 780 1634 839; x_wconf 89' lang='lat' dir='ltr'><strong>taliatalis¹</strong></span> 
     </span>
     <span class='ocr_line' id='line_1_8' title="bbox 145 869 1797 943; baseline -0.007 -4"><span class='ocrx_word' id='word_1_92' title='bbox 145 884 226 940; x_wconf 89' lang='lat' dir='ltr'><strong>Inter</strong></span> <span class='ocrx_word' id='word_1_93' title='bbox 239 879 320 937; x_wconf 91' lang='lat' dir='ltr'><strong>mille</strong></span> <span class='ocrx_word' id='word_1_94' title='bbox 340 880 399 937; x_wconf 87' lang='lat' dir='ltr'><strong>iera</strong></span> <span class='ocrx_word' id='word_1_95' title='bbox 415 884 525 936; x_wconf 87' lang='lat' dir='ltr'><strong>mortes</strong></span> <span class='ocrx_word' id='word_1_96' title='bbox 540 878 619 935; x_wconf 88' lang='lat' dir='ltr'><strong>mala</strong></span> <span class='ocrx_word' id='word_1_97' title='bbox 633 882 698 934; x_wconf 90' lang='lat' dir='ltr'><strong>luta</strong></span> <span class='ocrx_word' id='word_1_98' title='bbox 712 877 802 933; x_wconf 89' lang='lat' dir='ltr'><strong>luere.</strong></span> <span class='ocrx_word' id='word_1_99' title='bbox 1024 869 1158 929; x_wconf 90' lang='lat' dir='ltr'><strong>Obstruit</strong></span> <span class='ocrx_word' id='word_1_100' title='bbox 1173 871 1226 930; x_wconf 90' lang='lat' dir='ltr'><strong>hoc</strong></span> <span class='ocrx_word' id='word_1_101' title='bbox 1240 872 1352 930; x_wconf 88' lang='lat' dir='ltr'><strong>editum</strong></span> <span class='ocrx_word' id='word_1_102' title='bbox 1365 873 1474 929; x_wconf 82' lang='lat' dir='ltr'><strong>trustra</strong></span> <span class='ocrx_word' id='word_1_103' title='bbox 1488 871 1561 928; x_wconf 90' lang='lat' dir='ltr'><strong>mibi</strong></span> <span class='ocrx_word' id='word_1_104' title='bbox 1572 886 1649 943; x_wconf 80' lang='lat' dir='ltr'><strong>serpe</strong></span> <span class='ocrx_word' id='word_1_105' title='bbox 1661 872 1797 943; x_wconf 82' lang='lat' dir='ltr'><strong>petitum.</strong></span> 
     </span>
     <span class='ocr_line' id='line_1_9' title="bbox 144 959 1744 1041; baseline -0.008 -13"><span class='ocrx_word' id='word_1_106' title='bbox 144 971 249 1030; x_wconf 70' lang='lat'><strong>120⁰</strong></span> <span class='ocrx_word' id='word_1_107' title='bbox 265 970 321 1026; x_wconf 89' lang='lat' dir='ltr'><strong>Sed</strong></span> <span class='ocrx_word' id='word_1_108' title='bbox 338 967 478 1027; x_wconf 85' lang='lat' dir='ltr'><strong>Dominus</strong></span> <span class='ocrx_word' id='word_1_109' title='bbox 494 967 581 1026; x_wconf 83' lang='lat' dir='ltr'><strong>Jaaus</strong></span> <span class='ocrx_word' id='word_1_110' title='bbox 603 966 653 1041; x_wconf 91' lang='lat' dir='ltr'><strong>qui</strong></span> <span class='ocrx_word' id='word_1_111' title='bbox 679 965 757 1023; x_wconf 84' lang='lat' dir='ltr'><strong>norit</strong></span> <span class='ocrx_word' id='word_1_112' title='bbox 781 979 898 1039; x_wconf 87' lang='lat' dir='ltr'><strong>parcere</strong></span> <span class='ocrx_word' id='word_1_113' title='bbox 921 961 973 1020; x_wconf 83' lang='lat' dir='ltr'><strong>la·</strong></span> <span class='ocrx_word' id='word_1_114' title='bbox 1023 960 1132 1018; x_wconf 82' lang='lat' dir='ltr'><strong>Probra</strong></span> <span class='ocrx_word' id='word_1_115' title='bbox 1145 960 1297 1036; x_wconf 87' lang='lat' dir='ltr'><strong>lupanaria</strong></span> <span class='ocrx_word' id='word_1_116' title='bbox 1314 964 1388 1020; x_wconf 81' lang='lat' dir='ltr'><strong>Deos</strong></span> <span class='ocrx_word' id='word_1_117' title='bbox 1403 961 1464 1020; x_wconf 91' lang='lat' dir='ltr'><strong>odit</strong></span> <span class='ocrx_word' id='word_1_118' title='bbox 1478 964 1507 1018; x_wconf 93' lang='lat' dir='ltr'><strong>et</strong></span> <span class='ocrx_word' id='word_1_119' title='bbox 1524 959 1744 1029; x_wconf 63' lang='lat' dir='ltr'><strong>ercamberta,</strong></span> 
     </span>
    </p>

    <p class='ocr_par' dir='ltr' id='par_1_3' title="bbox 57 1048 1847 1492">
     <span class='ocr_line' id='line_1_10' title="bbox 861 1048 1636 1126; baseline -0.009 -15"><span class='ocrx_word' id='word_1_120' title='bbox 861 1052 934 1126; x_wconf 88' lang='lat' dir='ltr'><strong>[sus,</strong></span> <span class='ocrx_word' id='word_1_121' title='bbox 1023 1048 1058 1106; x_wconf 83' lang='lat' dir='ltr'><strong>Et</strong></span> <span class='ocrx_word' id='word_1_122' title='bbox 1072 1049 1173 1107; x_wconf 82' lang='lat' dir='ltr'><strong>sordes</strong></span> <span class='ocrx_word' id='word_1_123' title='bbox 1189 1051 1294 1109; x_wconf 86' lang='lat' dir='ltr'><strong>mentia</strong></span> <span class='ocrx_word' id='word_1_124' title='bbox 1309 1068 1326 1109; x_wconf 95' lang='lat' dir='ltr'><strong>a</strong></span> <span class='ocrx_word' id='word_1_125' title='bbox 1340 1049 1462 1107; x_wconf 84' lang='lat' dir='ltr'><strong>viviticis</strong></span> <span class='ocrx_word' id='word_1_126' title='bbox 1477 1048 1636 1106; x_wconf 76' lang='lat' dir='ltr'><strong>alimentis.</strong></span> 
     </span>
     <span class='ocr_line' id='line_1_11' title="bbox 57 1137 1762 1221; baseline -0.008 -13"><span class='ocrx_word' id='word_1_127' title='bbox 57 1186 60 1191; x_wconf 94' lang='lat'>-</span> <span class='ocrx_word' id='word_1_128' title='bbox 143 1151 243 1208; x_wconf 84' lang='lat' dir='ltr'><strong>besua</strong></span> <span class='ocrx_word' id='word_1_129' title='bbox 257 1148 406 1221; x_wconf 87' lang='lat' dir='ltr'><strong>parcebat,</strong></span> <span class='ocrx_word' id='word_1_130' title='bbox 423 1148 569 1221; x_wconf 89' lang='lat' dir='ltr'><strong>parcendo</strong></span> <span class='ocrx_word' id='word_1_131' title='bbox 585 1145 680 1203; x_wconf 88' lang='lat' dir='ltr'><strong>redire</strong></span> <span class='ocrx_word' id='word_1_132' title='bbox 697 1145 845 1202; x_wconf 89' lang='lat' dir='ltr'><strong>monebat.</strong></span> <span class='ocrx_word' id='word_1_133' title='bbox 1023 1137 1096 1195; x_wconf 85' lang='lat' dir='ltr'><strong>Hinc</strong></span> <span class='ocrx_word' id='word_1_134' title='bbox 1115 1156 1215 1197; x_wconf 87' lang='lat' dir='ltr'><strong>vocem</strong></span> <span class='ocrx_word' id='word_1_135' title='bbox 1229 1140 1334 1214; x_wconf 83' lang='lat' dir='ltr'><strong>pressi,</strong></span> <span class='ocrx_word' id='word_1_136' title='bbox 1349 1157 1401 1197; x_wconf 92' lang='lat' dir='ltr'><strong>nec</strong></span> <span class='ocrx_word' id='word_1_137' title='bbox 1417 1138 1534 1213; x_wconf 81' lang='lat' dir='ltr'><strong>longius</strong></span> <span class='ocrx_word' id='word_1_138' title='bbox 1549 1137 1617 1195; x_wconf 91' lang='lat' dir='ltr'><strong>inde</strong></span> <span class='ocrx_word' id='word_1_139' title='bbox 1634 1137 1762 1195; x_wconf 88' lang='lat' dir='ltr'><strong>receasl:</strong></span> 
     </span>
     <span class='ocr_line' id='line_1_12' title="bbox 140 1227 1816 1315; baseline -0.008 -17"><span class='ocrx_word' id='word_1_140' title='bbox 140 1241 264 1315; x_wconf 86' lang='lat' dir='ltr'><strong>lamque</strong></span> <span class='ocrx_word' id='word_1_141' title='bbox 280 1238 352 1296; x_wconf 90' lang='lat' dir='ltr'><strong>mibi</strong></span> <span class='ocrx_word' id='word_1_142' title='bbox 368 1240 460 1313; x_wconf 77' lang='lat' dir='ltr'><strong>gratia</strong></span> <span class='ocrx_word' id='word_1_143' title='bbox 477 1238 662 1296; x_wconf 73' lang='lat' dir='ltr'><strong>monstrabat</strong></span> <span class='ocrx_word' id='word_1_144' title='bbox 675 1237 741 1293; x_wconf 92' lang='lat' dir='ltr'><strong>lone</strong></span> <span class='ocrx_word' id='word_1_145' title='bbox 756 1233 874 1311; x_wconf 88' lang='lat' dir='ltr'><strong>pietatis</strong></span> <span class='ocrx_word' id='word_1_146' title='bbox 1022 1227 1080 1286; x_wconf 77' lang='lat' dir='ltr'><strong>Sed</strong></span> <span class='ocrx_word' id='word_1_147' title='bbox 1094 1233 1176 1287; x_wconf 83' lang='lat' dir='ltr'><strong>stans</strong></span> <span class='ocrx_word' id='word_1_148' title='bbox 1190 1246 1247 1302; x_wconf 79' lang='lat' dir='ltr'><strong>pres</strong></span> <span class='ocrx_word' id='word_1_149' title='bbox 1264 1231 1357 1304; x_wconf 86' lang='lat' dir='ltr'><strong>portis</strong></span> <span class='ocrx_word' id='word_1_150' title='bbox 1372 1229 1510 1301; x_wconf 78' lang='lat' dir='ltr'><strong>lacrymis</strong></span> <span class='ocrx_word' id='word_1_151' title='bbox 1525 1230 1680 1296; x_wconf 68' lang='lat' dir='ltr'><strong>immoretur</strong></span> <span class='ocrx_word' id='word_1_152' title='bbox 1695 1229 1816 1297; x_wconf 88' lang='lat' dir='ltr'><strong>obortis,</strong></span> 
     </span>
     <span class='ocr_line' id='line_1_13' title="bbox 141 1325 1847 1402; baseline -0.002 -16"><span class='ocrx_word' id='word_1_153' title='bbox 141 1330 222 1398; x_wconf 81' lang='lat' dir='ltr'><strong>Quod</strong></span> <span class='ocrx_word' id='word_1_154' title='bbox 238 1329 307 1387; x_wconf 92' lang='lat' dir='ltr'><strong>licat</strong></span> <span class='ocrx_word' id='word_1_155' title='bbox 321 1329 415 1386; x_wconf 88' lang='lat' dir='ltr'><strong>iratus</strong></span> <span class='ocrx_word' id='word_1_156' title='bbox 431 1327 528 1386; x_wconf 81' lang='lat' dir='ltr'><strong>differt</strong></span> <span class='ocrx_word' id='word_1_157' title='bbox 544 1326 649 1400; x_wconf 90' lang='lat' dir='ltr'><strong>punire</strong></span> <span class='ocrx_word' id='word_1_158' title='bbox 663 1330 773 1397; x_wconf 86' lang='lat' dir='ltr'><strong>reatos,</strong></span> <span class='ocrx_word' id='word_1_159' title='bbox 1020 1326 1135 1402; x_wconf 76' lang='lat' dir='ltr'><strong>&#39;Perque</strong></span> <span class='ocrx_word' id='word_1_160' title='bbox 1159 1328 1276 1402; x_wconf 87' lang='lat' dir='ltr'><strong>repulsa</strong></span> <span class='ocrx_word' id='word_1_161' title='bbox 1304 1344 1422 1401; x_wconf 83' lang='lat' dir='ltr'><strong>queror,</strong></span> <span class='ocrx_word' id='word_1_162' title='bbox 1449 1331 1552 1400; x_wconf 82' lang='lat' dir='ltr'><strong>gravet</strong></span> <span class='ocrx_word' id='word_1_163' title='bbox 1577 1343 1629 1383; x_wconf 85' lang='lat' dir='ltr'><strong>ora</strong></span> <span class='ocrx_word' id='word_1_164' title='bbox 1657 1325 1682 1360; x_wconf 84' lang='lat'><strong>⁵²</strong></span> <span class='ocrx_word' id='word_1_165' title='bbox 1708 1325 1847 1398; x_wconf 55' lang='lat' dir='ltr'><strong>minentis</strong></span> 
     </span>
     <span class='ocr_line' id='line_1_14' title="bbox 140 1414 1817 1492; baseline -0.002 -17"><span class='ocrx_word' id='word_1_166' title='bbox 140 1419 314 1492; x_wconf 88' lang='lat' dir='ltr'><strong>Invituaqua</strong></span> <span class='ocrx_word' id='word_1_167' title='bbox 325 1418 403 1491; x_wconf 85' lang='lat' dir='ltr'><strong>ierit,</strong></span> <span class='ocrx_word' id='word_1_168' title='bbox 418 1417 489 1492; x_wconf 91' lang='lat' dir='ltr'><strong>quia</strong></span> <span class='ocrx_word' id='word_1_169' title='bbox 502 1417 594 1490; x_wconf 84' lang='lat' dir='ltr'><strong>culpa</strong></span> <span class='ocrx_word' id='word_1_170' title='bbox 610 1432 728 1491; x_wconf 86' lang='lat' dir='ltr'><strong>parcere</strong></span> <span class='ocrx_word' id='word_1_171' title='bbox 742 1414 856 1489; x_wconf 77' lang='lat' dir='ltr'><strong>querit.</strong></span> <span class='ocrx_word' id='word_1_172' title='bbox 1689 1415 1817 1487; x_wconf 85' lang='lat' dir='ltr'><strong>[moeror.</strong></span> 
     </span>
    </p>

    <p class='ocr_par' dir='ltr' id='par_1_4' title="bbox 440 1505 1693 1583">
     <span class='ocr_line' id='line_1_15' title="bbox 440 1505 1693 1583; baseline -0.006 -15"><span class='ocrx_word' id='word_1_173' title='bbox 440 1523 583 1583; x_wconf 66' lang='lat' dir='ltr'><strong>chqus</strong></span> <span class='ocrx_word' id='word_1_174' title='bbox 597 1523 673 1582; x_wconf 76' lang='lat' dir='ltr'><strong>vm,</strong></span> <span class='ocrx_word' id='word_1_175' title='bbox 1022 1506 1149 1564; x_wconf 83' lang='lat' dir='ltr'><strong>Dissidet</strong></span> <span class='ocrx_word' id='word_1_176' title='bbox 1163 1506 1298 1574; x_wconf 83' lang='lat' dir='ltr'><strong>allectos,</strong></span> <span class='ocrx_word' id='word_1_177' title='bbox 1314 1510 1406 1564; x_wconf 89' lang='lat' dir='ltr'><strong>tentat</strong></span> <span class='ocrx_word' id='word_1_178' title='bbox 1421 1505 1555 1564; x_wconf 87' lang='lat' dir='ltr'><strong>conlusio</strong></span> <span class='ocrx_word' id='word_1_179' title='bbox 1578 1509 1693 1578; x_wconf 82' lang='lat' dir='ltr'><strong>pectus,</strong></span> 
     </span>
    </p>
   </div>
   <div class='ocr_carea' id='block_1_3' title="bbox 78 1593 1800 1706">
    <p class='ocr_par' dir='ltr' id='par_1_5' title="bbox 78 1593 1800 1706">
     <span class='ocr_line' id='line_1_16' title="bbox 78 1593 1800 1706; baseline -0.005 -49"><span class='ocrx_word' id='word_1_180' title='bbox 78 1621 81 1633; x_wconf 93' lang='lat'><em>·</em></span> <span class='ocrx_word' id='word_1_181' title='bbox 144 1634 221 1693; x_wconf 59' lang='lat' dir='ltr'><strong>Nm</strong></span> <span class='ocrx_word' id='word_1_182' title='bbox 236 1649 307 1690; x_wconf 51' lang='lat' dir='ltr'><strong>mem</strong></span> <span class='ocrx_word' id='word_1_183' title='bbox 319 1633 435 1690; x_wconf 54' lang='lat' dir='ltr'>meris</span> <span class='ocrx_word' id='word_1_184' title='bbox 451 1634 538 1706; x_wconf 58' lang='lat' dir='ltr'><strong>&#39;ongo</strong></span> <span class='ocrx_word' id='word_1_185' title='bbox 554 1648 689 1691; x_wconf 59' lang='lat' dir='ltr'><strong>mmm</strong></span> <span class='ocrx_word' id='word_1_186' title='bbox 704 1631 842 1706; x_wconf 50' lang='lat' dir='ltr'><strong>gravem,</strong></span> <span class='ocrx_word' id='word_1_187' title='bbox 1021 1594 1126 1668; x_wconf 80' lang='lat' dir='ltr'><strong>Incipit</strong></span> <span class='ocrx_word' id='word_1_188' title='bbox 1139 1601 1168 1653; x_wconf 89' lang='lat' dir='ltr'><strong>et</strong></span> <span class='ocrx_word' id='word_1_189' title='bbox 1182 1613 1298 1653; x_wconf 82' lang='lat' dir='ltr'><strong>urorum</strong></span> <span class='ocrx_word' id='word_1_190' title='bbox 1315 1594 1498 1661; x_wconf 81' lang='lat' dir='ltr'><strong>meminisse,</strong></span> <span class='ocrx_word' id='word_1_191' title='bbox 1514 1594 1626 1668; x_wconf 89' lang='lat' dir='ltr'><strong>pudere</strong></span> <span class='ocrx_word' id='word_1_192' title='bbox 1641 1593 1800 1657; x_wconf 86' lang='lat' dir='ltr'><strong>malorum,</strong></span> 
     </span>
    </p>
   </div>
   <div class='ocr_carea' id='block_1_4' title="bbox 145 1682 1882 1880">
    <p class='ocr_par' dir='ltr' id='par_1_6' title="bbox 145 1682 1882 1880">
     <span class='ocr_line' id='line_1_17' title="bbox 145 1682 1882 1795; baseline -0.024 -20"><span class='ocrx_word' id='word_1_193' title='bbox 145 1722 265 1782; x_wconf 71' lang='lat' dir='ltr'><strong>Deseror</strong></span> <span class='ocrx_word' id='word_1_194' title='bbox 278 1722 314 1780; x_wconf 76' lang='lat' dir='ltr'><strong>ud</strong></span> <span class='ocrx_word' id='word_1_195' title='bbox 343 1729 472 1795; x_wconf 55' lang='lat' dir='ltr'><strong>potuum,</strong></span> <span class='ocrx_word' id='word_1_196' title='bbox 499 1723 590 1779; x_wconf 54' lang='lat' dir='ltr'><strong>subpo</strong></span> <span class='ocrx_word' id='word_1_197' title='bbox 614 1720 637 1758; x_wconf 90' lang='grc' dir='ltr'><strong>ιι</strong></span> <span class='ocrx_word' id='word_1_198' title='bbox 662 1737 737 1778; x_wconf 65' lang='lat' dir='ltr'><strong>no„</strong></span> <span class='ocrx_word' id='word_1_199' title='bbox 759 1718 868 1777; x_wconf 55' lang='lat' dir='ltr'><strong>mnia</strong></span> <span class='ocrx_word' id='word_1_200' title='bbox 888 1735 970 1776; x_wconf 39' lang='lat'>3⁰01,</span> <span class='ocrx_word' id='word_1_201' title='bbox 984 1696 1009 1762; x_wconf 71' lang='grc' dir='ltr'><strong><em>Β</em></strong></span> <span class='ocrx_word' id='word_1_202' title='bbox 1023 1684 1127 1743; x_wconf 74' lang='lat' dir='ltr'><strong>ml)</strong></span> <span class='ocrx_word' id='word_1_203' title='bbox 1142 1686 1177 1743; x_wconf 77' lang='lat' dir='ltr'><strong>ut</strong></span> <span class='ocrx_word' id='word_1_204' title='bbox 1192 1685 1327 1758; x_wconf 85' lang='lat' dir='ltr'><strong>quamvis</strong></span> <span class='ocrx_word' id='word_1_205' title='bbox 1341 1701 1407 1742; x_wconf 87' lang='lat' dir='ltr'><strong>sero</strong></span> <span class='ocrx_word' id='word_1_206' title='bbox 1419 1682 1566 1742; x_wconf 89' lang='lat' dir='ltr'><strong>tumulata</strong></span> <span class='ocrx_word' id='word_1_207' title='bbox 1576 1699 1732 1756; x_wconf 80' lang='lat' dir='ltr'><strong>resurgere</strong></span> <span class='ocrx_word' id='word_1_208' title='bbox 1741 1698 1846 1755; x_wconf 84' lang='lat' dir='ltr'><strong>quaro.</strong></span> <span class='ocrx_word' id='word_1_209' title='bbox 1880 1773 1882 1777; x_wconf 23' lang='grc' dir='ltr'>Ι</span> 
     </span>
     <span class='ocr_line' id='line_1_18' title="bbox 849 1771 1816 1880; baseline -0.011 -40"><span class='ocrx_word' id='word_1_210' title='bbox 849 1810 936 1880; x_wconf 47' lang='lat' dir='ltr'><strong>[qum.</strong></span> <span class='ocrx_word' id='word_1_211' title='bbox 1025 1775 1107 1840; x_wconf 81' lang='lat' dir='ltr'><strong>Quod</strong></span> <span class='ocrx_word' id='word_1_212' title='bbox 1122 1776 1196 1832; x_wconf 89' lang='lat' dir='ltr'><strong>benc</strong></span> <span class='ocrx_word' id='word_1_213' title='bbox 1210 1791 1309 1848; x_wconf 79' lang='lat' dir='ltr'><strong>quaro</strong></span> <span class='ocrx_word' id='word_1_214' title='bbox 1323 1773 1410 1832; x_wconf 86' lang='lat' dir='ltr'><strong>datur</strong></span> <span class='ocrx_word' id='word_1_215' title='bbox 1424 1778 1453 1831; x_wconf 92' lang='lat' dir='ltr'><strong>et</strong></span> <span class='ocrx_word' id='word_1_216' title='bbox 1470 1779 1595 1830; x_wconf 83' lang='lat' dir='ltr'><strong>Lazarus</strong></span> <span class='ocrx_word' id='word_1_217' title='bbox 1607 1771 1816 1830; x_wconf 71' lang='lat' dir='ltr'><strong>extumulatur.</strong></span> 
     </span>
    </p>
   </div>
   <div class='ocr_carea' id='block_1_5' title="bbox 59 1896 1851 5287">
    <p class='ocr_par' dir='ltr' id='par_1_7' title="bbox 59 1896 1816 2690">
     <span class='ocr_line' id='line_1_19' title="bbox 150 1896 1538 1991; baseline -0.005 -32"><span class='ocrx_word' id='word_1_218' title='bbox 150 1901 260 1960; x_wconf 72' lang='lat' dir='ltr'><strong>iuncta</strong></span> <span class='ocrx_word' id='word_1_219' title='bbox 274 1901 328 1957; x_wconf 86' lang='lat' dir='ltr'><strong>levi</strong></span> <span class='ocrx_word' id='word_1_220' title='bbox 345 1902 437 1959; x_wconf 82' lang='lat' dir='ltr'><strong>turba</strong></span> <span class='ocrx_word' id='word_1_221' title='bbox 454 1916 552 1958; x_wconf 91' lang='lat' dir='ltr'><strong>moror</strong></span> <span class='ocrx_word' id='word_1_222' title='bbox 566 1901 674 1972; x_wconf 86' lang='lat' dir='ltr'><strong>hospes</strong></span> <span class='ocrx_word' id='word_1_223' title='bbox 689 1903 718 1957; x_wconf 90' lang='lat' dir='ltr'><strong>et</strong></span> <span class='ocrx_word' id='word_1_224' title='bbox 732 1898 827 1956; x_wconf 89' lang='lat' dir='ltr'><strong>hostis</strong></span> <span class='ocrx_word' id='word_1_225' title='bbox 841 1897 872 1955; x_wconf 91' lang='lat' dir='ltr'><strong>iu</strong></span> <span class='ocrx_word' id='word_1_226' title='bbox 891 1896 972 1954; x_wconf 88' lang='lat' dir='ltr'><strong>urbe.</strong></span> <span class='ocrx_word' id='word_1_227' title='bbox 1340 1931 1478 1991; x_wconf 61' lang='lat' dir='ltr'>CANTUS</span> <span class='ocrx_word' id='word_1_228' title='bbox 1495 1933 1538 1990; x_wconf 43' lang='lat' dir='ltr'><strong>lx·</strong></span> 
     </span>
     <span class='ocr_line' id='line_1_20' title="bbox 150 1990 830 2066; baseline -0.001 -18"><span class='ocrx_word' id='word_1_229' title='bbox 150 1992 300 2051; x_wconf 75' lang='lat' dir='ltr'><strong>circumeo</strong></span> <span class='ocrx_word' id='word_1_230' title='bbox 315 1993 405 2061; x_wconf 83' lang='lat' dir='ltr'><strong>vicos,</strong></span> <span class='ocrx_word' id='word_1_231' title='bbox 423 1994 576 2066; x_wconf 85' lang='lat' dir='ltr'><strong>amplexus</strong></span> <span class='ocrx_word' id='word_1_232' title='bbox 590 2008 681 2049; x_wconf 85' lang='lat' dir='ltr'><strong>venor</strong></span> <span class='ocrx_word' id='word_1_233' title='bbox 691 1990 830 2064; x_wconf 77' lang='lat' dir='ltr'><strong>ioiqoost</strong></span> 
     </span>
     <span class='ocr_line' id='line_1_21' title="bbox 59 2078 1673 2155; baseline -0.003 -17"><span class='ocrx_word' id='word_1_234' title='bbox 59 2088 77 2127; x_wconf 91' lang='grc'><strong>-“</strong></span> <span class='ocrx_word' id='word_1_235' title='bbox 148 2080 269 2154; x_wconf 75' lang='lat' dir='ltr'><strong>Cogitur</strong></span> <span class='ocrx_word' id='word_1_236' title='bbox 281 2083 311 2139; x_wconf 92' lang='lat' dir='ltr'><strong>in</strong></span> <span class='ocrx_word' id='word_1_237' title='bbox 327 2083 469 2140; x_wconf 86' lang='lat' dir='ltr'><strong>iaciamus</strong></span> <span class='ocrx_word' id='word_1_238' title='bbox 483 2086 544 2139; x_wconf 85' lang='lat' dir='ltr'><strong>tam</strong></span> <span class='ocrx_word' id='word_1_239' title='bbox 555 2081 637 2148; x_wconf 83' lang='lat' dir='ltr'><strong>civis,</strong></span> <span class='ocrx_word' id='word_1_240' title='bbox 652 2097 740 2155; x_wconf 87' lang='lat' dir='ltr'><strong>quem</strong></span> <span class='ocrx_word' id='word_1_241' title='bbox 752 2079 935 2154; x_wconf 81' lang='lat' dir='ltr'><strong>peregrinus.</strong></span> <span class='ocrx_word' id='word_1_242' title='bbox 1026 2079 1109 2135; x_wconf 78' lang='lat' dir='ltr'><strong>Forte</strong></span> <span class='ocrx_word' id='word_1_243' title='bbox 1123 2078 1179 2135; x_wconf 85' lang='lat' dir='ltr'><strong>luit</strong></span> <span class='ocrx_word' id='word_1_244' title='bbox 1188 2078 1275 2149; x_wconf 83' lang='lat' dir='ltr'><strong>juxte</strong></span> <span class='ocrx_word' id='word_1_245' title='bbox 1286 2078 1419 2135; x_wconf 87' lang='lat' dir='ltr'><strong>mulieris</strong></span> <span class='ocrx_word' id='word_1_246' title='bbox 1435 2078 1532 2149; x_wconf 78' lang='lat' dir='ltr'><strong>imago</strong></span> <span class='ocrx_word' id='word_1_247' title='bbox 1550 2080 1673 2133; x_wconf 72' lang='lat' dir='ltr'><strong>tenuata</strong></span> 
     </span>
     <span class='ocr_line' id='line_1_22' title="bbox 144 2166 1657 2246; baseline -0.004 -18"><span class='ocrx_word' id='word_1_248' title='bbox 144 2173 204 2228; x_wconf 81' lang='lat' dir='ltr'><strong>Hos</strong></span> <span class='ocrx_word' id='word_1_249' title='bbox 217 2187 271 2246; x_wconf 78' lang='lat' dir='ltr'><strong>ago</strong></span> <span class='ocrx_word' id='word_1_250' title='bbox 285 2172 356 2229; x_wconf 92' lang='lat' dir='ltr'><strong>dum</strong></span> <span class='ocrx_word' id='word_1_251' title='bbox 373 2176 468 2244; x_wconf 83' lang='lat' dir='ltr'><strong>capto,</strong></span> <span class='ocrx_word' id='word_1_252' title='bbox 489 2172 559 2228; x_wconf 89' lang='lat' dir='ltr'><strong>dum</strong></span> <span class='ocrx_word' id='word_1_253' title='bbox 577 2186 624 2228; x_wconf 88' lang='lat' dir='ltr'><strong>me</strong></span> <span class='ocrx_word' id='word_1_254' title='bbox 639 2171 788 2228; x_wconf 86' lang='lat' dir='ltr'><strong>malesana</strong></span> <span class='ocrx_word' id='word_1_255' title='bbox 802 2173 906 2241; x_wconf 87' lang='lat' dir='ltr'><strong>coapto</strong></span> <span class='ocrx_word' id='word_1_256' title='bbox 1025 2167 1107 2226; x_wconf 91' lang='lat' dir='ltr'><strong>lllius</strong></span> <span class='ocrx_word' id='word_1_257' title='bbox 1122 2167 1235 2226; x_wconf 78' lang='lat' dir='ltr'><strong>eximia</strong></span> <span class='ocrx_word' id='word_1_258' title='bbox 1250 2168 1306 2226; x_wconf 89' lang='lat' dir='ltr'><strong>sub</strong></span> <span class='ocrx_word' id='word_1_259' title='bbox 1323 2167 1441 2225; x_wconf 92' lang='lat' dir='ltr'><strong>nomine</strong></span> <span class='ocrx_word' id='word_1_260' title='bbox 1457 2167 1534 2241; x_wconf 81' lang='lat' dir='ltr'><strong>piola</strong></span> <span class='ocrx_word' id='word_1_261' title='bbox 1547 2166 1657 2234; x_wconf 79' lang='lat' dir='ltr'><strong>Maria,</strong></span> 
     </span>
     <span class='ocr_line' id='line_1_23' title="bbox 144 2255 1734 2334; baseline -0.004 -17"><span class='ocrx_word' id='word_1_262' title='bbox 144 2259 288 2334; x_wconf 81' lang='lat' dir='ltr'><strong>Nequitia</strong></span> <span class='ocrx_word' id='word_1_263' title='bbox 304 2267 402 2330; x_wconf 82' lang='lat' dir='ltr'><strong>tanta,</strong></span> <span class='ocrx_word' id='word_1_264' title='bbox 418 2261 514 2318; x_wconf 89' lang='lat' dir='ltr'><strong>crucis</strong></span> <span class='ocrx_word' id='word_1_265' title='bbox 530 2259 672 2317; x_wconf 72' lang='lat' dir='ltr'><strong>Exultatio</strong></span> <span class='ocrx_word' id='word_1_266' title='bbox 684 2263 803 2327; x_wconf 83' lang='lat' dir='ltr'><strong>sancta,</strong></span> <span class='ocrx_word' id='word_1_267' title='bbox 1024 2258 1092 2322; x_wconf 80' lang='lat' dir='ltr'><strong>Oua</strong></span> <span class='ocrx_word' id='word_1_268' title='bbox 1102 2256 1281 2315; x_wconf 85' lang='lat' dir='ltr'><strong>Salvatorem</strong></span> <span class='ocrx_word' id='word_1_269' title='bbox 1298 2259 1420 2331; x_wconf 84' lang='lat' dir='ltr'><strong>peperit.</strong></span> <span class='ocrx_word' id='word_1_270' title='bbox 1437 2273 1489 2313; x_wconf 90' lang='lat' dir='ltr'><strong>cau</strong></span> <span class='ocrx_word' id='word_1_271' title='bbox 1506 2255 1593 2313; x_wconf 88' lang='lat' dir='ltr'><strong>stella</strong></span> <span class='ocrx_word' id='word_1_272' title='bbox 1608 2256 1734 2312; x_wconf 86' lang='lat' dir='ltr'><strong>nitorem</strong></span> 
     </span>
     <span class='ocr_line' id='line_1_24' title="bbox 144 2344 1787 2422; baseline -0.002 -15"><span class='ocrx_word' id='word_1_273' title='bbox 144 2349 213 2416; x_wconf 83' lang='lat' dir='ltr'><strong>Qua</strong></span> <span class='ocrx_word' id='word_1_274' title='bbox 230 2355 300 2409; x_wconf 88' lang='lat' dir='ltr'><strong>tunc</strong></span> <span class='ocrx_word' id='word_1_275' title='bbox 317 2352 456 2419; x_wconf 84' lang='lat' dir='ltr'><strong>instabat,</strong></span> <span class='ocrx_word' id='word_1_276' title='bbox 471 2352 551 2408; x_wconf 86' lang='lat' dir='ltr'><strong>cives</strong></span> <span class='ocrx_word' id='word_1_277' title='bbox 566 2350 603 2407; x_wconf 90' lang='lat' dir='ltr'><strong>ed</strong></span> <span class='ocrx_word' id='word_1_278' title='bbox 619 2348 729 2422; x_wconf 89' lang='lat' dir='ltr'><strong>templs</strong></span> <span class='ocrx_word' id='word_1_279' title='bbox 742 2349 876 2406; x_wconf 86' lang='lat' dir='ltr'><strong>vocabat.</strong></span> <span class='ocrx_word' id='word_1_280' title='bbox 1024 2351 1106 2404; x_wconf 80' lang='lat' dir='ltr'><strong>lianc</strong></span> <span class='ocrx_word' id='word_1_281' title='bbox 1121 2347 1193 2404; x_wconf 93' lang='lat' dir='ltr'><strong>dum</strong></span> <span class='ocrx_word' id='word_1_282' title='bbox 1209 2347 1368 2422; x_wconf 87' lang='lat' dir='ltr'><strong>conspicio,</strong></span> <span class='ocrx_word' id='word_1_283' title='bbox 1386 2362 1476 2405; x_wconf 86' lang='lat' dir='ltr'><strong>novor</strong></span> <span class='ocrx_word' id='word_1_284' title='bbox 1491 2347 1570 2403; x_wconf 88' lang='lat' dir='ltr'><strong>intus</strong></span> <span class='ocrx_word' id='word_1_285' title='bbox 1586 2349 1616 2401; x_wconf 89' lang='lat' dir='ltr'><strong>et</strong></span> <span class='ocrx_word' id='word_1_286' title='bbox 1627 2344 1720 2401; x_wconf 89' lang='lat' dir='ltr'><strong>altera</strong></span> <span class='ocrx_word' id='word_1_287' title='bbox 1735 2344 1787 2403; x_wconf 90' lang='lat' dir='ltr'><strong>lio.</strong></span> 
     </span>
     <span class='ocr_line' id='line_1_25' title="bbox 147 2433 1816 2514; baseline -0.004 -17"><span class='ocrx_word' id='word_1_288' title='bbox 147 2440 247 2497; x_wconf 78' lang='lat' dir='ltr'><strong>Turba</strong></span> <span class='ocrx_word' id='word_1_289' title='bbox 262 2441 346 2513; x_wconf 84' lang='lat' dir='ltr'><strong>prait</strong></span> <span class='ocrx_word' id='word_1_290' title='bbox 359 2445 490 2514; x_wconf 87' lang='lat' dir='ltr'><strong>patrum,</strong></span> <span class='ocrx_word' id='word_1_291' title='bbox 505 2441 639 2512; x_wconf 87' lang='lat' dir='ltr'><strong>sequitur</strong></span> <span class='ocrx_word' id='word_1_292' title='bbox 652 2439 766 2495; x_wconf 87' lang='lat' dir='ltr'><strong>devotio</strong></span> <span class='ocrx_word' id='word_1_293' title='bbox 787 2442 926 2494; x_wconf 87' lang='lat' dir='ltr'><strong>matrum.</strong></span> <span class='ocrx_word' id='word_1_294' title='bbox 1024 2437 1136 2494; x_wconf 78' lang='lat' dir='ltr'><strong>Accede</strong></span> <span class='ocrx_word' id='word_1_295' title='bbox 1151 2437 1370 2510; x_wconf 83' lang='lat' dir='ltr'><strong>propinatione,</strong></span> <span class='ocrx_word' id='word_1_296' title='bbox 1386 2435 1409 2472; x_wconf 80' lang='lat'><strong>⁸³</strong></span> <span class='ocrx_word' id='word_1_297' title='bbox 1425 2436 1560 2510; x_wconf 88' lang='lat' dir='ltr'><strong>supplico</strong></span> <span class='ocrx_word' id='word_1_298' title='bbox 1573 2434 1704 2492; x_wconf 89' lang='lat' dir='ltr'><strong>vultibus</strong></span> <span class='ocrx_word' id='word_1_299' title='bbox 1717 2433 1816 2505; x_wconf 76' lang='lat' dir='ltr'><strong>bojas.</strong></span> 
     </span>
     <span class='ocr_line' id='line_1_26' title="bbox 146 2525 1816 2599; baseline -0.004 -14"><span class='ocrx_word' id='word_1_300' title='bbox 146 2526 222 2585; x_wconf 90' lang='lat' dir='ltr'><strong>Urbs</strong></span> <span class='ocrx_word' id='word_1_301' title='bbox 235 2529 378 2586; x_wconf 85' lang='lat' dir='ltr'><strong>eabsueta</strong></span> <span class='ocrx_word' id='word_1_302' title='bbox 393 2529 453 2586; x_wconf 86' lang='lat' dir='ltr'><strong>lere</strong></span> <span class='ocrx_word' id='word_1_303' title='bbox 468 2546 515 2585; x_wconf 90' lang='lat' dir='ltr'><strong>me</strong></span> <span class='ocrx_word' id='word_1_304' title='bbox 528 2526 662 2599; x_wconf 91' lang='lat' dir='ltr'><strong>conpulit</strong></span> <span class='ocrx_word' id='word_1_305' title='bbox 675 2527 718 2583; x_wconf 89' lang='lat' dir='ltr'><strong>irs</strong></span> <span class='ocrx_word' id='word_1_306' title='bbox 732 2527 841 2594; x_wconf 82' lang='lat' dir='ltr'><strong>videre,</strong></span> <span class='ocrx_word' id='word_1_307' title='bbox 1023 2527 1117 2598; x_wconf 82' lang='lat' dir='ltr'><strong>Atque</strong></span> <span class='ocrx_word' id='word_1_308' title='bbox 1132 2541 1207 2599; x_wconf 79' lang='lat' dir='ltr'><strong>genu</strong></span> <span class='ocrx_word' id='word_1_309' title='bbox 1224 2527 1298 2584; x_wconf 85' lang='lat' dir='ltr'><strong>llexo</strong></span> <span class='ocrx_word' id='word_1_310' title='bbox 1314 2530 1438 2583; x_wconf 86' lang='lat' dir='ltr'><strong>matram</strong></span> <span class='ocrx_word' id='word_1_311' title='bbox 1455 2525 1550 2582; x_wconf 86' lang='lat' dir='ltr'><strong>Patria</strong></span> <span class='ocrx_word' id='word_1_312' title='bbox 1562 2525 1615 2581; x_wconf 89' lang='lat' dir='ltr'><strong>bec</strong></span> <span class='ocrx_word' id='word_1_313' title='bbox 1629 2540 1715 2597; x_wconf 88' lang='lat' dir='ltr'><strong>preca</strong></span> <span class='ocrx_word' id='word_1_314' title='bbox 1725 2539 1795 2581; x_wconf 79' lang='lat' dir='ltr'><strong>vexo</strong></span> <span class='ocrx_word' id='word_1_315' title='bbox 1807 2538 1816 2578; x_wconf 74' lang='grc' dir='ltr'><strong><em>ε</em></strong></span> 
     </span>
     <span class='ocr_line' id='line_1_27' title="bbox 145 2613 1729 2690; baseline -0.001 -16"><span class='ocrx_word' id='word_1_316' title='bbox 145 2615 278 2681; x_wconf 74' lang='lat' dir='ltr'><strong>Quaerere</strong></span> <span class='ocrx_word' id='word_1_317' title='bbox 293 2617 365 2689; x_wconf 91' lang='lat' dir='ltr'><strong>quid</strong></span> <span class='ocrx_word' id='word_1_318' title='bbox 381 2617 510 2674; x_wconf 86' lang='lat' dir='ltr'><strong>traheret</strong></span> <span class='ocrx_word' id='word_1_319' title='bbox 525 2613 678 2689; x_wconf 82' lang='lat' dir='ltr'><strong>populum,</strong></span> <span class='ocrx_word' id='word_1_320' title='bbox 693 2614 764 2687; x_wconf 93' lang='lat' dir='ltr'><strong>quid</strong></span> <span class='ocrx_word' id='word_1_321' title='bbox 780 2615 810 2671; x_wconf 93' lang='lat' dir='ltr'><strong>in</strong></span> <span class='ocrx_word' id='word_1_322' title='bbox 832 2614 893 2670; x_wconf 80' lang='lat' dir='ltr'><strong>esde</strong></span> <span class='ocrx_word' id='word_1_323' title='bbox 907 2614 969 2687; x_wconf 87' lang='lat' dir='ltr'><strong>pla·</strong></span> <span class='ocrx_word' id='word_1_324' title='bbox 1023 2616 1065 2672; x_wconf 76' lang='lat' dir='ltr'><strong>Ad</strong></span> <span class='ocrx_word' id='word_1_325' title='bbox 1081 2622 1120 2687; x_wconf 90' lang='lat' dir='ltr'><strong>te,</strong></span> <span class='ocrx_word' id='word_1_326' title='bbox 1136 2616 1221 2689; x_wconf 81' lang='lat' dir='ltr'><strong>Virgo</strong></span> <span class='ocrx_word' id='word_1_327' title='bbox 1236 2616 1295 2690; x_wconf 85' lang='lat' dir='ltr'><strong>pie,</strong></span> <span class='ocrx_word' id='word_1_328' title='bbox 1311 2616 1400 2690; x_wconf 77' lang='lat' dir='ltr'><strong>Virgo</strong></span> <span class='ocrx_word' id='word_1_329' title='bbox 1416 2632 1509 2684; x_wconf 83' lang='lat' dir='ltr'><strong>secra,</strong></span> <span class='ocrx_word' id='word_1_330' title='bbox 1525 2615 1729 2687; x_wconf 68' lang='lat' dir='ltr'><strong>virositatis,</strong></span> 
     </span>
    </p>

    <p class='ocr_par' dir='ltr' id='par_1_8' title="bbox 142 2703 1851 5287">
     <span class='ocr_line' id='line_1_28' title="bbox 834 2703 1747 2776; baseline 0.002 -17"><span class='ocrx_word' id='word_1_331' title='bbox 834 2703 934 2776; x_wconf 85' lang='lat' dir='ltr'><strong>[carot.</strong></span> <span class='ocrx_word' id='word_1_332' title='bbox 1028 2704 1114 2771; x_wconf 71' lang='lat' dir='ltr'><strong>Virro</strong></span> <span class='ocrx_word' id='word_1_333' title='bbox 1130 2722 1208 2763; x_wconf 77' lang='lat' dir='ltr'><strong>nova</strong></span> <span class='ocrx_word' id='word_1_334' title='bbox 1221 2706 1309 2763; x_wconf 88' lang='lat' dir='ltr'><strong>sortis</strong></span> <span class='ocrx_word' id='word_1_335' title='bbox 1324 2707 1419 2772; x_wconf 85' lang='lat' dir='ltr'><strong>venio,</strong></span> <span class='ocrx_word' id='word_1_336' title='bbox 1436 2707 1485 2764; x_wconf 89' lang='lat' dir='ltr'><strong>sed</strong></span> <span class='ocrx_word' id='word_1_337' title='bbox 1504 2706 1612 2762; x_wconf 88' lang='lat' dir='ltr'><strong>lamina</strong></span> <span class='ocrx_word' id='word_1_338' title='bbox 1629 2705 1747 2772; x_wconf 85' lang='lat' dir='ltr'><strong>mortis,</strong></span> 
     </span>
     <span class='ocr_line' id='line_1_29' title="bbox 147 2792 1794 2870; baseline -0.002 -18"><span class='ocrx_word' id='word_1_339' title='bbox 147 2794 189 2852; x_wconf 83' lang='lat' dir='ltr'><strong>lsi</strong></span> <span class='ocrx_word' id='word_1_340' title='bbox 205 2792 344 2850; x_wconf 86' lang='lat' dir='ltr'><strong>lethalem</strong></span> <span class='ocrx_word' id='word_1_341' title='bbox 360 2793 432 2851; x_wconf 73' lang='lat' dir='ltr'><strong>anibi</strong></span> <span class='ocrx_word' id='word_1_342' title='bbox 446 2793 607 2864; x_wconf 74' lang='lat' dir='ltr'><strong>quaesitura</strong></span> <span class='ocrx_word' id='word_1_343' title='bbox 621 2794 770 2852; x_wconf 86' lang='lat' dir='ltr'><strong>sodalem:</strong></span> <span class='ocrx_word' id='word_1_344' title='bbox 1022 2795 1077 2852; x_wconf 81' lang='lat' dir='ltr'><strong>Sed</strong></span> <span class='ocrx_word' id='word_1_345' title='bbox 1095 2795 1171 2852; x_wconf 90' lang='lat' dir='ltr'><strong>male</strong></span> <span class='ocrx_word' id='word_1_346' title='bbox 1184 2796 1326 2870; x_wconf 83' lang='lat' dir='ltr'><strong>vulgaris,</strong></span> <span class='ocrx_word' id='word_1_347' title='bbox 1343 2797 1393 2852; x_wconf 87' lang='lat' dir='ltr'><strong>sed</strong></span> <span class='ocrx_word' id='word_1_348' title='bbox 1410 2795 1540 2865; x_wconf 86' lang='lat' dir='ltr'><strong>sordida,</strong></span> <span class='ocrx_word' id='word_1_349' title='bbox 1557 2794 1607 2851; x_wconf 90' lang='lat' dir='ltr'><strong>sed</strong></span> <span class='ocrx_word' id='word_1_350' title='bbox 1624 2793 1794 2863; x_wconf 85' lang='lat' dir='ltr'><strong>stabularia,</strong></span> 
     </span>
     <span class='ocr_line' id='line_1_30' title="bbox 146 2882 1748 2958; baseline -0.001 -17"><span class='ocrx_word' id='word_1_351' title='bbox 146 2883 181 2941; x_wconf 80' lang='lat' dir='ltr'><strong>bt</strong></span> <span class='ocrx_word' id='word_1_352' title='bbox 196 2884 286 2958; x_wconf 93' lang='lat' dir='ltr'><strong>pudet</strong></span> <span class='ocrx_word' id='word_1_353' title='bbox 299 2890 328 2941; x_wconf 87' lang='lat' dir='ltr'><strong>et</strong></span> <span class='ocrx_word' id='word_1_354' title='bbox 342 2885 450 2952; x_wconf 85' lang='lat' dir='ltr'><strong>dicam,</strong></span> <span class='ocrx_word' id='word_1_355' title='bbox 462 2901 512 2956; x_wconf 82' lang='lat' dir='ltr'><strong>qut</strong></span> <span class='ocrx_word' id='word_1_356' title='bbox 528 2885 552 2922; x_wconf 74' lang='lat'><strong>⁴⁸</strong></span> <span class='ocrx_word' id='word_1_357' title='bbox 565 2882 898 2956; x_wconf 83' lang='lat' dir='ltr'><strong>subjectaretiniquam.</strong></span> <span class='ocrx_word' id='word_1_358' title='bbox 1024 2884 1080 2941; x_wconf 83' lang='lat' dir='ltr'><strong>Sed</strong></span> <span class='ocrx_word' id='word_1_359' title='bbox 1095 2901 1159 2956; x_wconf 84' lang='lat' dir='ltr'><strong>qua</strong></span> <span class='ocrx_word' id='word_1_360' title='bbox 1175 2883 1285 2957; x_wconf 83' lang='lat' dir='ltr'><strong>ploravi</strong></span> <span class='ocrx_word' id='word_1_361' title='bbox 1300 2886 1355 2943; x_wconf 87' lang='lat' dir='ltr'><strong>uisi</strong></span> <span class='ocrx_word' id='word_1_362' title='bbox 1374 2901 1441 2942; x_wconf 92' lang='lat' dir='ltr'><strong>cum</strong></span> <span class='ocrx_word' id='word_1_363' title='bbox 1458 2883 1599 2957; x_wconf 84' lang='lat' dir='ltr'><strong>ploranda</strong></span> <span class='ocrx_word' id='word_1_364' title='bbox 1615 2883 1748 2957; x_wconf 81' lang='lat' dir='ltr'><strong>patraai;</strong></span> 
     </span>
     <span class='ocr_line' id='line_1_31' title="bbox 146 2971 1818 3049; baseline -0.003 -17"><span class='ocrx_word' id='word_1_365' title='bbox 146 2973 202 3032; x_wconf 82' lang='lat' dir='ltr'><strong>Sed</strong></span> <span class='ocrx_word' id='word_1_366' title='bbox 218 2991 301 3033; x_wconf 85' lang='lat' dir='ltr'><strong>secus</strong></span> <span class='ocrx_word' id='word_1_367' title='bbox 315 2975 370 3034; x_wconf 92' lang='lat' dir='ltr'><strong>boc</strong></span> <span class='ocrx_word' id='word_1_368' title='bbox 389 2977 488 3042; x_wconf 77' lang='lat' dir='ltr'><strong>cessit,</strong></span> <span class='ocrx_word' id='word_1_369' title='bbox 505 2976 656 3049; x_wconf 87' lang='lat' dir='ltr'><strong>pietasque</strong></span> <span class='ocrx_word' id='word_1_370' title='bbox 681 2990 809 3048; x_wconf 87' lang='lat' dir='ltr'><strong>superna</strong></span> <span class='ocrx_word' id='word_1_371' title='bbox 833 2972 972 3046; x_wconf 87' lang='lat' dir='ltr'><strong>repressit</strong></span> <span class='ocrx_word' id='word_1_372' title='bbox 1023 2973 1095 3031; x_wconf 85' lang='lat' dir='ltr'><strong>Cum</strong></span> <span class='ocrx_word' id='word_1_373' title='bbox 1112 2974 1219 3047; x_wconf 89' lang='lat' dir='ltr'><strong>probra</strong></span> <span class='ocrx_word' id='word_1_374' title='bbox 1233 2976 1379 3040; x_wconf 78' lang='lat' dir='ltr'><strong>commisi,</strong></span> <span class='ocrx_word' id='word_1_375' title='bbox 1396 2974 1479 3047; x_wconf 90' lang='lat' dir='ltr'><strong>quasi</strong></span> <span class='ocrx_word' id='word_1_376' title='bbox 1496 2973 1611 3047; x_wconf 85' lang='lat' dir='ltr'><strong>probris</strong></span> <span class='ocrx_word' id='word_1_377' title='bbox 1626 2971 1746 3047; x_wconf 75' lang='lat' dir='ltr'><strong>inclyte,</strong></span> <span class='ocrx_word' id='word_1_378' title='bbox 1757 2972 1818 3039; x_wconf 85' lang='lat' dir='ltr'><strong>risi,</strong></span> 
     </span>
     <span class='ocr_line' id='line_1_32' title="bbox 146 3057 1747 3141; baseline -0.001 -20"><span class='ocrx_word' id='word_1_379' title='bbox 146 3065 359 3123; x_wconf 81' lang='lat' dir='ltr'><strong>lnccutlvorum</strong></span> <span class='ocrx_word' id='word_1_380' title='bbox 375 3083 495 3125; x_wconf 79' lang='lat' dir='ltr'><strong>veneres</strong></span> <span class='ocrx_word' id='word_1_381' title='bbox 509 3076 658 3141; x_wconf 78' lang='lat' dir='ltr'><strong>aestusque</strong></span> <span class='ocrx_word' id='word_1_382' title='bbox 674 3082 818 3124; x_wconf 88' lang='lat' dir='ltr'><strong>meorum.</strong></span> <span class='ocrx_word' id='word_1_383' title='bbox 991 3057 1061 3127; x_wconf 78' lang='lat' dir='ltr'><strong>cat</strong></span> <span class='ocrx_word' id='word_1_384' title='bbox 1077 3069 1199 3121; x_wconf 80' lang='lat' dir='ltr'><strong>moestus</strong></span> <span class='ocrx_word' id='word_1_385' title='bbox 1214 3064 1313 3121; x_wconf 86' lang='lat' dir='ltr'><strong>vultus</strong></span> <span class='ocrx_word' id='word_1_386' title='bbox 1328 3063 1463 3120; x_wconf 81' lang='lat' dir='ltr'><strong>hilaravit</strong></span> <span class='ocrx_word' id='word_1_387' title='bbox 1476 3061 1608 3120; x_wconf 75' lang='lat' dir='ltr'><strong>concuba</strong></span> <span class='ocrx_word' id='word_1_388' title='bbox 1623 3061 1747 3119; x_wconf 85' lang='lat' dir='ltr'><strong>multus.</strong></span> 
     </span>
     <span class='ocr_line' id='line_1_33' title="bbox 144 3154 1851 3230; baseline 0.002 -20"><span class='ocrx_word' id='word_1_389' title='bbox 144 3154 256 3229; x_wconf 80' lang='lat' dir='ltr'><strong>Quippe</strong></span> <span class='ocrx_word' id='word_1_390' title='bbox 270 3156 371 3213; x_wconf 88' lang='lat' dir='ltr'><strong>volens</strong></span> <span class='ocrx_word' id='word_1_391' title='bbox 384 3155 494 3214; x_wconf 86' lang='lat' dir='ltr'><strong>intrare</strong></span> <span class='ocrx_word' id='word_1_392' title='bbox 511 3159 587 3215; x_wconf 85' lang='lat' dir='ltr'><strong>iores</strong></span> <span class='ocrx_word' id='word_1_393' title='bbox 598 3163 628 3214; x_wconf 87' lang='lat' dir='ltr'><strong>at</strong></span> <span class='ocrx_word' id='word_1_394' title='bbox 643 3157 846 3221; x_wconf 69' lang='lat' dir='ltr'><strong>seruauere,</strong></span> <span class='ocrx_word' id='word_1_395' title='bbox 1024 3161 1086 3218; x_wconf 85' lang='lat' dir='ltr'><strong>Nox</strong></span> <span class='ocrx_word' id='word_1_396' title='bbox 1102 3162 1155 3218; x_wconf 86' lang='lat' dir='ltr'><strong>luit</strong></span> <span class='ocrx_word' id='word_1_397' title='bbox 1169 3161 1198 3218; x_wconf 93' lang='lat' dir='ltr'><strong>iu</strong></span> <span class='ocrx_word' id='word_1_398' title='bbox 1215 3161 1338 3230; x_wconf 87' lang='lat' dir='ltr'><strong>somnis,</strong></span> <span class='ocrx_word' id='word_1_399' title='bbox 1355 3162 1426 3218; x_wconf 92' lang='lat' dir='ltr'><strong>dum</strong></span> <span class='ocrx_word' id='word_1_400' title='bbox 1441 3160 1482 3218; x_wconf 79' lang='lat' dir='ltr'><strong>tir</strong></span> <span class='ocrx_word' id='word_1_401' title='bbox 1492 3159 1735 3229; x_wconf 85' lang='lat' dir='ltr'><strong>subit,omnibua</strong></span> <span class='ocrx_word' id='word_1_402' title='bbox 1745 3156 1851 3225; x_wconf 64' lang='lat' dir='ltr'><strong>omnia</strong></span> 
     </span>
     <span class='ocr_line' id='line_1_34' title="bbox 142 3242 1690 3323; baseline 0.005 -24"><span class='ocrx_word' id='word_1_403' title='bbox 142 3242 207 3300; x_wconf 87' lang='lat' dir='ltr'><strong>Non</strong></span> <span class='ocrx_word' id='word_1_404' title='bbox 223 3245 289 3302; x_wconf 87' lang='lat' dir='ltr'><strong>illae</strong></span> <span class='ocrx_word' id='word_1_405' title='bbox 304 3246 414 3303; x_wconf 87' lang='lat' dir='ltr'><strong>intrare</strong></span> <span class='ocrx_word' id='word_1_406' title='bbox 430 3248 522 3311; x_wconf 78' lang='lat' dir='ltr'><strong>atuor.</strong></span> <span class='ocrx_word' id='word_1_407' title='bbox 539 3263 596 3304; x_wconf 92' lang='lat' dir='ltr'><strong>nou</strong></span> <span class='ocrx_word' id='word_1_408' title='bbox 614 3248 671 3305; x_wconf 84' lang='lat' dir='ltr'><strong>ista</strong></span> <span class='ocrx_word' id='word_1_409' title='bbox 686 3247 793 3304; x_wconf 83' lang='lat' dir='ltr'><strong>videre.</strong></span> <span class='ocrx_word' id='word_1_410' title='bbox 1024 3252 1264 3309; x_wconf 70' lang='lat' dir='ltr'><strong>interimerunt</strong></span> <span class='ocrx_word' id='word_1_411' title='bbox 1283 3251 1340 3307; x_wconf 93' lang='lat' dir='ltr'><strong>nisi</strong></span> <span class='ocrx_word' id='word_1_412' title='bbox 1358 3250 1451 3307; x_wconf 91' lang='lat' dir='ltr'><strong>multo</strong></span> <span class='ocrx_word' id='word_1_413' title='bbox 1467 3250 1589 3307; x_wconf 87' lang='lat' dir='ltr'><strong>crimine</strong></span> <span class='ocrx_word' id='word_1_414' title='bbox 1600 3250 1690 3323; x_wconf 85' lang='lat' dir='ltr'><strong>nupsi</strong></span> 
     </span>
     <span class='ocr_line' id='line_1_35' title="bbox 144 3331 1765 3415; baseline 0.001 -26"><span class='ocrx_word' id='word_1_415' title='bbox 144 3331 229 3390; x_wconf 89' lang='lat' dir='ltr'><strong>Porta</strong></span> <span class='ocrx_word' id='word_1_416' title='bbox 243 3342 345 3407; x_wconf 87' lang='lat' dir='ltr'><strong>pateus</strong></span> <span class='ocrx_word' id='word_1_417' title='bbox 362 3335 501 3408; x_wconf 86' lang='lat' dir='ltr'><strong>populoru</strong></span> <span class='ocrx_word' id='word_1_418' title='bbox 518 3336 682 3393; x_wconf 85' lang='lat' dir='ltr'><strong>venientem</strong></span> <span class='ocrx_word' id='word_1_419' title='bbox 701 3334 892 3407; x_wconf 89' lang='lat' dir='ltr'><strong>suscipiebat,</strong></span> <span class='ocrx_word' id='word_1_420' title='bbox 1024 3339 1186 3398; x_wconf 76' lang='lat' dir='ltr'><strong>Gououbitu</strong></span> <span class='ocrx_word' id='word_1_421' title='bbox 1202 3342 1288 3398; x_wconf 73' lang='lat' dir='ltr'><strong>volito</strong></span> <span class='ocrx_word' id='word_1_422' title='bbox 1302 3341 1445 3415; x_wconf 75' lang='lat' dir='ltr'><strong>gauduus,</strong></span> <span class='ocrx_word' id='word_1_423' title='bbox 1461 3339 1628 3414; x_wconf 83' lang='lat' dir='ltr'><strong>populoque</strong></span> <span class='ocrx_word' id='word_1_424' title='bbox 1649 3339 1765 3396; x_wconf 85' lang='lat' dir='ltr'><strong>marito.</strong></span> 
     </span>
     <span class='ocr_line' id='line_1_36' title="bbox 146 3420 1669 3505; baseline 0.001 -24"><span class='ocrx_word' id='word_1_425' title='bbox 146 3420 190 3479; x_wconf 72' lang='lat' dir='ltr'><strong>lla</strong></span> <span class='ocrx_word' id='word_1_426' title='bbox 205 3426 393 3495; x_wconf 74' lang='lat' dir='ltr'><strong>peccatricem</strong></span> <span class='ocrx_word' id='word_1_427' title='bbox 408 3426 451 3481; x_wconf 82' lang='lat' dir='ltr'><strong>ata</strong></span> <span class='ocrx_word' id='word_1_428' title='bbox 464 3427 566 3481; x_wconf 85' lang='lat' dir='ltr'><strong>cmlica</strong></span> <span class='ocrx_word' id='word_1_429' title='bbox 585 3424 749 3496; x_wconf 84' lang='lat' dir='ltr'><strong>rejiciebat.</strong></span> <span class='ocrx_word' id='word_1_430' title='bbox 1024 3430 1132 3488; x_wconf 79' lang='lat' dir='ltr'><strong>&#39;taliter</strong></span> <span class='ocrx_word' id='word_1_431' title='bbox 1146 3429 1258 3505; x_wconf 82' lang='lat' dir='ltr'><strong>explevi</strong></span> <span class='ocrx_word' id='word_1_432' title='bbox 1272 3447 1391 3488; x_wconf 84' lang='lat' dir='ltr'><strong>cursum</strong></span> <span class='ocrx_word' id='word_1_433' title='bbox 1411 3427 1590 3487; x_wconf 86' lang='lat' dir='ltr'><strong>miserabilia</strong></span> <span class='ocrx_word' id='word_1_434' title='bbox 1604 3429 1669 3496; x_wconf 81' lang='lat' dir='ltr'><strong>avi,</strong></span> 
     </span>
     <span class='ocr_line' id='line_1_37' title="bbox 144 3512 1785 3592; baseline -0.003 -14"><span class='ocrx_word' id='word_1_435' title='bbox 144 3513 212 3578; x_wconf 67' lang='lat' dir='ltr'><strong>Quot</strong></span> <span class='ocrx_word' id='word_1_436' title='bbox 227 3512 296 3569; x_wconf 78' lang='lat' dir='ltr'><strong>dum</strong></span> <span class='ocrx_word' id='word_1_437' title='bbox 314 3514 441 3569; x_wconf 70' lang='lat' dir='ltr'><strong>seminet</strong></span> <span class='ocrx_word' id='word_1_438' title='bbox 454 3515 623 3586; x_wconf 66' lang='lat' dir='ltr'><strong>contingere</strong></span> <span class='ocrx_word' id='word_1_439' title='bbox 639 3512 789 3569; x_wconf 53' lang='lat' dir='ltr'><strong>debilium</strong></span> <span class='ocrx_word' id='word_1_440' title='bbox 1025 3520 1137 3577; x_wconf 78' lang='lat' dir='ltr'><strong>Taliter</strong></span> <span class='ocrx_word' id='word_1_441' title='bbox 1149 3519 1270 3589; x_wconf 80' lang='lat' dir='ltr'><strong>excessi,</strong></span> <span class='ocrx_word' id='word_1_442' title='bbox 1288 3519 1374 3577; x_wconf 90' lang='lat' dir='ltr'><strong>modo</strong></span> <span class='ocrx_word' id='word_1_443' title='bbox 1388 3519 1496 3576; x_wconf 91' lang='lat' dir='ltr'><strong>damno</strong></span> <span class='ocrx_word' id='word_1_444' title='bbox 1511 3518 1589 3592; x_wconf 90' lang='lat' dir='ltr'><strong>quod</strong></span> <span class='ocrx_word' id='word_1_445' title='bbox 1606 3516 1682 3575; x_wconf 86' lang='lat' dir='ltr'><strong>mele</strong></span> <span class='ocrx_word' id='word_1_446' title='bbox 1695 3518 1785 3590; x_wconf 75' lang='lat' dir='ltr'><strong>gessi,</strong></span> 
     </span>
     <span class='ocr_line' id='line_1_38' title="bbox 145 3600 1668 3681; baseline 0 -25"><span class='ocrx_word' id='word_1_447' title='bbox 145 3602 294 3674; x_wconf 77' lang='lat' dir='ltr'><strong>Suspicor,</strong></span> <span class='ocrx_word' id='word_1_448' title='bbox 307 3602 420 3658; x_wconf 76' lang='lat' dir='ltr'><strong>eluctor</strong></span> <span class='ocrx_word' id='word_1_449' title='bbox 433 3609 544 3674; x_wconf 80' lang='lat' dir='ltr'><strong>quantu</strong></span> <span class='ocrx_word' id='word_1_450' title='bbox 558 3602 625 3658; x_wconf 76' lang='lat' dir='ltr'><strong>licet</strong></span> <span class='ocrx_word' id='word_1_451' title='bbox 642 3600 847 3672; x_wconf 72' lang='lat' dir='ltr'><strong>improbllule;</strong></span> <span class='ocrx_word' id='word_1_452' title='bbox 1026 3609 1149 3666; x_wconf 75' lang='lat' dir='ltr'><strong>Poenitet</strong></span> <span class='ocrx_word' id='word_1_453' title='bbox 1163 3609 1281 3681; x_wconf 67' lang='lat' dir='ltr'><strong>erroris,</strong></span> <span class='ocrx_word' id='word_1_454' title='bbox 1297 3609 1396 3666; x_wconf 75' lang='lat' dir='ltr'><strong>sordet</strong></span> <span class='ocrx_word' id='word_1_455' title='bbox 1411 3609 1526 3666; x_wconf 73' lang='lat' dir='ltr'><strong>sentina</strong></span> <span class='ocrx_word' id='word_1_456' title='bbox 1541 3606 1668 3674; x_wconf 55' lang='lat' dir='ltr'><strong>lumin</strong></span> 
     </span>
     <span class='ocr_line' id='line_1_39' title="bbox 146 3689 1794 3771; baseline -0.002 -14"><span class='ocrx_word' id='word_1_457' title='bbox 146 3689 202 3746; x_wconf 85' lang='lat' dir='ltr'><strong>Sed</strong></span> <span class='ocrx_word' id='word_1_458' title='bbox 220 3695 357 3746; x_wconf 75' lang='lat'><strong>⁰⁰01¹¹¹¹⁰</strong></span> <span class='ocrx_word' id='word_1_459' title='bbox 373 3692 454 3762; x_wconf 67' lang='lat' dir='ltr'><strong>{witti</strong></span> <span class='ocrx_word' id='word_1_460' title='bbox 473 3697 572 3762; x_wconf 72' lang='lat' dir='ltr'><strong>P⁰ri⁸³</strong></span> <span class='ocrx_word' id='word_1_461' title='bbox 588 3692 696 3748; x_wconf 65' lang='lat' dir='ltr'><strong>intrare</strong></span> <span class='ocrx_word' id='word_1_462' title='bbox 714 3696 859 3764; x_wconf 63' lang='lat' dir='ltr'><strong>utillum»</strong></span> <span class='ocrx_word' id='word_1_463' title='bbox 1026 3697 1084 3755; x_wconf 87' lang='lat' dir='ltr'><strong>Nec</strong></span> <span class='ocrx_word' id='word_1_464' title='bbox 1100 3698 1174 3756; x_wconf 86' lang='lat' dir='ltr'><strong>bane</strong></span> <span class='ocrx_word' id='word_1_465' title='bbox 1188 3698 1361 3756; x_wconf 86' lang='lat' dir='ltr'><strong>damnatum</strong></span> <span class='ocrx_word' id='word_1_466' title='bbox 1375 3698 1470 3771; x_wconf 86' lang='lat' dir='ltr'><strong>patiar</strong></span> <span class='ocrx_word' id='word_1_467' title='bbox 1484 3700 1528 3754; x_wconf 84' lang='lat' dir='ltr'><strong>vel</strong></span> <span class='ocrx_word' id='word_1_468' title='bbox 1544 3698 1650 3754; x_wconf 88' lang='lat' dir='ltr'><strong>amabo</strong></span> <span class='ocrx_word' id='word_1_469' title='bbox 1665 3700 1794 3763; x_wconf 73' lang='lat' dir='ltr'><strong>matum,</strong></span> 
     </span>
     <span class='ocr_line' id='line_1_40' title="bbox 145 3776 1663 3861; baseline 0.001 -29"><span class='ocrx_word' id='word_1_470' title='bbox 145 3776 285 3842; x_wconf 69' lang='lat' dir='ltr'><strong>Quamvis</strong></span> <span class='ocrx_word' id='word_1_471' title='bbox 299 3777 444 3834; x_wconf 68' lang='lat' dir='ltr'><strong>intrarent</strong></span> <span class='ocrx_word' id='word_1_472' title='bbox 459 3785 622 3850; x_wconf 66' lang='lat' dir='ltr'><strong>praeeuntes</strong></span> <span class='ocrx_word' id='word_1_473' title='bbox 634 3785 722 3852; x_wconf 74' lang='lat' dir='ltr'><strong>itique</strong></span> <span class='ocrx_word' id='word_1_474' title='bbox 733 3782 901 3851; x_wconf 64' lang='lat' dir='ltr'><strong>soquentes.</strong></span> <span class='ocrx_word' id='word_1_475' title='bbox 1025 3788 1055 3844; x_wconf 86' lang='lat' dir='ltr'><strong>Si</strong></span> <span class='ocrx_word' id='word_1_476' title='bbox 1070 3805 1136 3845; x_wconf 68' lang='lat' dir='ltr'><strong>seru</strong></span> <span class='ocrx_word' id='word_1_477' title='bbox 1149 3787 1263 3845; x_wconf 71' lang='lat' dir='ltr'><strong>laxetur</strong></span> <span class='ocrx_word' id='word_1_478' title='bbox 1274 3804 1331 3861; x_wconf 67' lang='lat' dir='ltr'><strong>qua</strong></span> <span class='ocrx_word' id='word_1_479' title='bbox 1346 3789 1492 3861; x_wconf 67' lang='lat' dir='ltr'><strong>peuuutrix</strong></span> <span class='ocrx_word' id='word_1_480' title='bbox 1509 3786 1663 3855; x_wconf 68' lang='lat' dir='ltr'><strong>retinetur,</strong></span> 
     </span>
     <span class='ocr_line' id='line_1_41' title="bbox 145 3866 1628 3950; baseline 0.001 -30"><span class='ocrx_word' id='word_1_481' title='bbox 145 3866 234 3920; x_wconf 87' lang='lat' dir='ltr'><strong>lliror</strong></span> <span class='ocrx_word' id='word_1_482' title='bbox 246 3870 276 3921; x_wconf 92' lang='lat' dir='ltr'><strong>et</strong></span> <span class='ocrx_word' id='word_1_483' title='bbox 291 3866 429 3938; x_wconf 74' lang='lat' dir='ltr'><strong>indignor</strong></span> <span class='ocrx_word' id='word_1_484' title='bbox 443 3872 519 3938; x_wconf 79' lang='lat' dir='ltr'><strong>qood</strong></span> <span class='ocrx_word' id='word_1_485' title='bbox 536 3869 573 3923; x_wconf 86' lang='lat' dir='ltr'><strong>ub</strong></span> <span class='ocrx_word' id='word_1_486' title='bbox 587 3868 650 3924; x_wconf 77' lang='lat' dir='ltr'><strong>ade</strong></span> <span class='ocrx_word' id='word_1_487' title='bbox 664 3884 748 3925; x_wconf 87' lang='lat' dir='ltr'><strong>sacre</strong></span> <span class='ocrx_word' id='word_1_488' title='bbox 766 3882 935 3925; x_wconf 85' lang='lat' dir='ltr'><strong>revocarer:</strong></span> <span class='ocrx_word' id='word_1_489' title='bbox 1024 3877 1052 3933; x_wconf 74' lang='lat' dir='ltr'><strong>st</strong></span> <span class='ocrx_word' id='word_1_490' title='bbox 1064 3876 1150 3934; x_wconf 67' lang='lat' dir='ltr'><strong>lime</strong></span> <span class='ocrx_word' id='word_1_491' title='bbox 1164 3877 1277 3934; x_wconf 64' lang='lat' dir='ltr'><strong>mim</strong></span> <span class='ocrx_word' id='word_1_492' title='bbox 1293 3876 1405 3950; x_wconf 66' lang='lat' dir='ltr'><strong>lignum</strong></span> <span class='ocrx_word' id='word_1_493' title='bbox 1420 3876 1506 3934; x_wconf 59' lang='lat' dir='ltr'><strong>vitulo</strong></span> <span class='ocrx_word' id='word_1_494' title='bbox 1519 3877 1628 3933; x_wconf 69' lang='lat' dir='ltr'><strong>utum,</strong></span> 
     </span>
     <span class='ocr_line' id='line_1_42' title="bbox 146 3953 1688 4041; baseline 0.008 -31"><span class='ocrx_word' id='word_1_495' title='bbox 146 3953 264 4010; x_wconf 89' lang='lat' dir='ltr'><strong>loseror</strong></span> <span class='ocrx_word' id='word_1_496' title='bbox 277 3959 306 4011; x_wconf 88' lang='lat' dir='ltr'><strong>et</strong></span> <span class='ocrx_word' id='word_1_497' title='bbox 320 3957 428 4016; x_wconf 79' lang='lat' dir='ltr'><strong>tureis.</strong></span> <span class='ocrx_word' id='word_1_498' title='bbox 445 3965 475 4011; x_wconf 89' lang='lat' dir='ltr'><strong>ut</strong></span> <span class='ocrx_word' id='word_1_499' title='bbox 489 3958 525 4011; x_wconf 85' lang='lat' dir='ltr'><strong>ab</strong></span> <span class='ocrx_word' id='word_1_500' title='bbox 543 3958 588 4012; x_wconf 87' lang='lat' dir='ltr'><strong>bis</strong></span> <span class='ocrx_word' id='word_1_501' title='bbox 604 3958 733 4029; x_wconf 88' lang='lat' dir='ltr'><strong>impulsa</strong></span> <span class='ocrx_word' id='word_1_502' title='bbox 746 3958 883 4028; x_wconf 80' lang='lat' dir='ltr'><strong>juveret3</strong></span> <span class='ocrx_word' id='word_1_503' title='bbox 1024 3966 1146 4040; x_wconf 80' lang='lat' dir='ltr'><strong>flooper</strong></span> <span class='ocrx_word' id='word_1_504' title='bbox 1159 3971 1295 4041; x_wconf 83' lang='lat' dir='ltr'><strong>lespera,</strong></span> <span class='ocrx_word' id='word_1_505' title='bbox 1310 3982 1361 4040; x_wconf 86' lang='lat' dir='ltr'><strong>per</strong></span> <span class='ocrx_word' id='word_1_506' title='bbox 1372 3972 1400 4024; x_wconf 87' lang='lat' dir='ltr'><strong>te</strong></span> <span class='ocrx_word' id='word_1_507' title='bbox 1413 3967 1568 4024; x_wconf 83' lang='lat' dir='ltr'><strong>succedere</strong></span> <span class='ocrx_word' id='word_1_508' title='bbox 1579 3981 1688 4039; x_wconf 78' lang='lat' dir='ltr'><strong>quasso.</strong></span> 
     </span>
     <span class='ocr_line' id='line_1_43' title="bbox 144 4045 1726 4129; baseline -0.001 -17"><span class='ocrx_word' id='word_1_509' title='bbox 144 4045 258 4112; x_wconf 62' lang='grc' dir='ltr'><strong>Εὓῑῑῡῑι</strong></span> <span class='ocrx_word' id='word_1_510' title='bbox 275 4046 437 4119; x_wconf 75' lang='lat' dir='ltr'><strong>P⁰P⁰¹⁰l⁰⁰</strong></span> <span class='ocrx_word' id='word_1_511' title='bbox 454 4064 559 4103; x_wconf 83' lang='lat' dir='ltr'><strong>manos</strong></span> <span class='ocrx_word' id='word_1_512' title='bbox 575 4063 691 4120; x_wconf 60' lang='grc' dir='ltr'><strong>Ε91)οὓῑῖ</strong></span> <span class='ocrx_word' id='word_1_513' title='bbox 708 4047 861 4121; x_wconf 62' lang='lat' dir='ltr'><strong>piminii·</strong></span> <span class='ocrx_word' id='word_1_514' title='bbox 1023 4056 1096 4113; x_wconf 91' lang='lat' dir='ltr'><strong>Nam</strong></span> <span class='ocrx_word' id='word_1_515' title='bbox 1112 4055 1180 4113; x_wconf 88' lang='lat' dir='ltr'><strong>licet</strong></span> <span class='ocrx_word' id='word_1_516' title='bbox 1194 4057 1287 4114; x_wconf 90' lang='lat' dir='ltr'><strong>iratus</strong></span> <span class='ocrx_word' id='word_1_517' title='bbox 1303 4057 1396 4125; x_wconf 87' lang='lat' dir='ltr'><strong>cedet,</strong></span> <span class='ocrx_word' id='word_1_518' title='bbox 1412 4060 1440 4113; x_wconf 92' lang='lat' dir='ltr'><strong>to</strong></span> <span class='ocrx_word' id='word_1_519' title='bbox 1454 4054 1598 4129; x_wconf 83' lang='lat' dir='ltr'><strong>supplice.</strong></span> <span class='ocrx_word' id='word_1_520' title='bbox 1611 4054 1726 4123; x_wconf 64' lang='lat' dir='ltr'><strong>Noton</strong></span> 
     </span>
     <span class='ocr_line' id='line_1_44' title="bbox 143 4135 1780 4220; baseline -0.004 -16"><span class='ocrx_word' id='word_1_521' title='bbox 143 4135 198 4193; x_wconf 64' lang='lat'><strong>⁸00</strong></span> <span class='ocrx_word' id='word_1_522' title='bbox 215 4136 287 4192; x_wconf 60' lang='lat' dir='ltr'><strong>nihil</strong></span> <span class='ocrx_word' id='word_1_523' title='bbox 304 4138 427 4193; x_wconf 69' lang='lat' dir='ltr'><strong>l⁸i0l¹²m</strong></span> <span class='ocrx_word' id='word_1_524' title='bbox 445 4142 564 4209; x_wconf 81' lang='lat' dir='ltr'><strong>prodeat</strong></span> <span class='ocrx_word' id='word_1_525' title='bbox 580 4137 689 4194; x_wconf 60' lang='lat' dir='ltr'><strong>inlidit</strong></span> <span class='ocrx_word' id='word_1_526' title='bbox 704 4136 824 4205; x_wconf 67' lang='grc' dir='ltr'><strong>Εῡῐθΰῑίι</strong></span> <span class='ocrx_word' id='word_1_527' title='bbox 1024 4145 1215 4217; x_wconf 83' lang='lat' dir='ltr'><strong>Cedetenim,</strong></span> <span class='ocrx_word' id='word_1_528' title='bbox 1232 4146 1380 4220; x_wconf 87' lang='lat' dir='ltr'><strong>siquidem</strong></span> <span class='ocrx_word' id='word_1_529' title='bbox 1392 4146 1478 4202; x_wconf 86' lang='lat' dir='ltr'><strong>Pater</strong></span> <span class='ocrx_word' id='word_1_530' title='bbox 1489 4152 1533 4201; x_wconf 90' lang='lat' dir='ltr'><strong>est</strong></span> <span class='ocrx_word' id='word_1_531' title='bbox 1549 4150 1578 4201; x_wconf 91' lang='lat' dir='ltr'><strong>et</strong></span> <span class='ocrx_word' id='word_1_532' title='bbox 1590 4144 1780 4201; x_wconf 78' lang='lat' dir='ltr'><strong>Filiuaidem.</strong></span> 
     </span>
     <span class='ocr_line' id='line_1_45' title="bbox 144 4223 1675 4307; baseline -0.001 -25"><span class='ocrx_word' id='word_1_533' title='bbox 144 4223 202 4282; x_wconf 85' lang='lat' dir='ltr'><strong>lios</strong></span> <span class='ocrx_word' id='word_1_534' title='bbox 217 4241 351 4299; x_wconf 86' lang='lat' dir='ltr'><strong>quosque</strong></span> <span class='ocrx_word' id='word_1_535' title='bbox 366 4235 489 4282; x_wconf 88' lang='lat' dir='ltr'><strong>conatos</strong></span> <span class='ocrx_word' id='word_1_536' title='bbox 500 4225 523 4261; x_wconf 72' lang='lat'><strong>⁶⁰</strong></span> <span class='ocrx_word' id='word_1_537' title='bbox 538 4227 602 4282; x_wconf 85' lang='lat' dir='ltr'><strong>terit</strong></span> <span class='ocrx_word' id='word_1_538' title='bbox 616 4232 790 4298; x_wconf 81' lang='lat' dir='ltr'><strong>enervatque</strong></span> <span class='ocrx_word' id='word_1_539' title='bbox 805 4231 912 4296; x_wconf 80' lang='lat' dir='ltr'><strong>reatos,</strong></span> <span class='ocrx_word' id='word_1_540' title='bbox 1024 4232 1136 4307; x_wconf 67' lang='lat' dir='ltr'><strong>Duplex</strong></span> <span class='ocrx_word' id='word_1_541' title='bbox 1151 4234 1270 4292; x_wconf 59' lang='lat' dir='ltr'><strong>affectus</strong></span> <span class='ocrx_word' id='word_1_542' title='bbox 1283 4235 1381 4291; x_wconf 68' lang='lat' dir='ltr'><strong>tuuhut</strong></span> <span class='ocrx_word' id='word_1_543' title='bbox 1396 4233 1542 4292; x_wconf 63' lang='lat' dir='ltr'><strong>exorabile</strong></span> <span class='ocrx_word' id='word_1_544' title='bbox 1558 4237 1675 4306; x_wconf 73' lang='lat' dir='ltr'><strong>puutuo,</strong></span> 
     </span>
     <span class='ocr_line' id='line_1_46' title="bbox 142 4314 1782 4398; baseline 0.001 -27"><span class='ocrx_word' id='word_1_545' title='bbox 142 4314 201 4372; x_wconf 71' lang='lat' dir='ltr'><strong>Neo</strong></span> <span class='ocrx_word' id='word_1_546' title='bbox 214 4315 324 4388; x_wconf 81' lang='lat' dir='ltr'><strong>patitur</strong></span> <span class='ocrx_word' id='word_1_547' title='bbox 337 4316 448 4373; x_wconf 80' lang='lat' dir='ltr'><strong>crimen</strong></span> <span class='ocrx_word' id='word_1_548' title='bbox 473 4332 592 4374; x_wconf 69' lang='lat' dir='ltr'><strong>sarcarum</strong></span> <span class='ocrx_word' id='word_1_549' title='bbox 608 4315 782 4389; x_wconf 73' lang='lat' dir='ltr'><strong>contingere</strong></span> <span class='ocrx_word' id='word_1_550' title='bbox 798 4316 898 4373; x_wconf 72' lang='lat' dir='ltr'><strong>limen.</strong></span> <span class='ocrx_word' id='word_1_551' title='bbox 1023 4325 1067 4381; x_wconf 75' lang='lat' dir='ltr'><strong>Ad</strong></span> <span class='ocrx_word' id='word_1_552' title='bbox 1084 4323 1208 4398; x_wconf 79' lang='lat' dir='ltr'><strong>quodvis</strong></span> <span class='ocrx_word' id='word_1_553' title='bbox 1218 4340 1325 4380; x_wconf 74' lang='lat' dir='ltr'><strong>munus</strong></span> <span class='ocrx_word' id='word_1_554' title='bbox 1335 4323 1468 4381; x_wconf 73' lang='lat' dir='ltr'><strong>ssoolstur</strong></span> <span class='ocrx_word' id='word_1_555' title='bbox 1480 4329 1613 4395; x_wconf 76' lang='lat' dir='ltr'><strong>uterque,</strong></span> <span class='ocrx_word' id='word_1_556' title='bbox 1626 4322 1678 4379; x_wconf 83' lang='lat' dir='ltr'><strong>sed</strong></span> <span class='ocrx_word' id='word_1_557' title='bbox 1691 4336 1782 4379; x_wconf 75' lang='lat' dir='ltr'><strong>unua.</strong></span> 
     </span>
     <span class='ocr_line' id='line_1_47' title="bbox 146 4405 1850 4495; baseline 0.001 -31"><span class='ocrx_word' id='word_1_558' title='bbox 146 4405 181 4464; x_wconf 86' lang='lat' dir='ltr'><strong>Ut</strong></span> <span class='ocrx_word' id='word_1_559' title='bbox 195 4407 273 4462; x_wconf 89' lang='lat' dir='ltr'><strong>sensi</strong></span> <span class='ocrx_word' id='word_1_560' title='bbox 291 4422 418 4474; x_wconf 86' lang='lat' dir='ltr'><strong>mecum,</strong></span> <span class='ocrx_word' id='word_1_561' title='bbox 434 4406 476 4462; x_wconf 88' lang='lat' dir='ltr'><strong>sic</strong></span> <span class='ocrx_word' id='word_1_562' title='bbox 490 4407 557 4463; x_wconf 73' lang='lat' dir='ltr'><strong>oio:</strong></span> <span class='ocrx_word' id='word_1_563' title='bbox 574 4406 636 4464; x_wconf 85' lang='lat' dir='ltr'><strong>Non</strong></span> <span class='ocrx_word' id='word_1_564' title='bbox 650 4410 713 4464; x_wconf 89' lang='lat' dir='ltr'><strong>erat</strong></span> <span class='ocrx_word' id='word_1_565' title='bbox 726 4422 844 4482; x_wconf 77' lang='lat' dir='ltr'><strong>equum</strong></span> <span class='ocrx_word' id='word_1_566' title='bbox 987 4416 1101 4495; x_wconf 69' lang='lat' dir='ltr'><strong>pErgo</strong></span> <span class='ocrx_word' id='word_1_567' title='bbox 1116 4412 1170 4469; x_wconf 88' lang='lat' dir='ltr'><strong>sub</strong></span> <span class='ocrx_word' id='word_1_568' title='bbox 1187 4412 1239 4470; x_wconf 84' lang='lat' dir='ltr'><strong>lroo</strong></span> <span class='ocrx_word' id='word_1_569' title='bbox 1255 4418 1339 4486; x_wconf 91' lang='lat' dir='ltr'><strong>pacto</strong></span> <span class='ocrx_word' id='word_1_570' title='bbox 1357 4418 1462 4486; x_wconf 80' lang='lat' dir='ltr'><strong>praeta</strong></span> <span class='ocrx_word' id='word_1_571' title='bbox 1479 4412 1549 4468; x_wconf 88' lang='lat' dir='ltr'><strong>mihi</strong></span> <span class='ocrx_word' id='word_1_572' title='bbox 1566 4411 1644 4485; x_wconf 90' lang='lat' dir='ltr'><strong>quod</strong></span> <span class='ocrx_word' id='word_1_573' title='bbox 1661 4412 1736 4468; x_wconf 88' lang='lat' dir='ltr'><strong>bene</strong></span> <span class='ocrx_word' id='word_1_574' title='bbox 1758 4414 1850 4484; x_wconf 88' lang='lat' dir='ltr'><strong>capto,</strong></span> 
     </span>
     <span class='ocr_line' id='line_1_48' title="bbox 146 4492 1783 4575; baseline 0.005 -27"><span class='ocrx_word' id='word_1_575' title='bbox 146 4492 198 4548; x_wconf 86' lang='lat' dir='ltr'><strong>illu</strong></span> <span class='ocrx_word' id='word_1_576' title='bbox 213 4495 283 4550; x_wconf 90' lang='lat' dir='ltr'><strong>mibi</strong></span> <span class='ocrx_word' id='word_1_577' title='bbox 300 4495 414 4552; x_wconf 80' lang='lat' dir='ltr'><strong>misera</strong></span> <span class='ocrx_word' id='word_1_578' title='bbox 430 4497 544 4553; x_wconf 73' lang='lat' dir='ltr'><strong>mulieri</strong></span> <span class='ocrx_word' id='word_1_579' title='bbox 563 4495 674 4570; x_wconf 86' lang='lat' dir='ltr'><strong>temple</strong></span> <span class='ocrx_word' id='word_1_580' title='bbox 689 4502 799 4570; x_wconf 88' lang='lat' dir='ltr'><strong>patere,</strong></span> <span class='ocrx_word' id='word_1_581' title='bbox 1026 4502 1073 4560; x_wconf 86' lang='lat' dir='ltr'><strong>Sia</strong></span> <span class='ocrx_word' id='word_1_582' title='bbox 1087 4501 1173 4560; x_wconf 86' lang='lat' dir='ltr'><strong>testis</strong></span> <span class='ocrx_word' id='word_1_583' title='bbox 1189 4503 1276 4575; x_wconf 86' lang='lat' dir='ltr'><strong>pacti,</strong></span> <span class='ocrx_word' id='word_1_584' title='bbox 1293 4503 1335 4561; x_wconf 87' lang='lat' dir='ltr'><strong>sis</strong></span> <span class='ocrx_word' id='word_1_585' title='bbox 1350 4503 1455 4560; x_wconf 83' lang='lat' dir='ltr'><strong>vindex</strong></span> <span class='ocrx_word' id='word_1_586' title='bbox 1469 4508 1501 4559; x_wconf 89' lang='lat' dir='ltr'><strong>tu</strong></span> <span class='ocrx_word' id='word_1_587' title='bbox 1515 4517 1632 4574; x_wconf 90' lang='lat' dir='ltr'><strong>quoque</strong></span> <span class='ocrx_word' id='word_1_588' title='bbox 1643 4499 1669 4535; x_wconf 75' lang='lat'><strong>³⁴</strong></span> <span class='ocrx_word' id='word_1_589' title='bbox 1686 4501 1783 4557; x_wconf 86' lang='lat' dir='ltr'><strong>iractl.</strong></span> 
     </span>
     <span class='ocr_line' id='line_1_49' title="bbox 145 4581 1689 4665; baseline 0.005 -27"><span class='ocrx_word' id='word_1_590' title='bbox 145 4581 266 4655; x_wconf 81' lang='lat' dir='ltr'><strong>Templa</strong></span> <span class='ocrx_word' id='word_1_591' title='bbox 281 4582 433 4641; x_wconf 88' lang='lat' dir='ltr'><strong>beatorum</strong></span> <span class='ocrx_word' id='word_1_592' title='bbox 450 4584 544 4643; x_wconf 90' lang='lat' dir='ltr'><strong>titulis</strong></span> <span class='ocrx_word' id='word_1_593' title='bbox 559 4586 716 4644; x_wconf 88' lang='lat' dir='ltr'><strong>reverenda</strong></span> <span class='ocrx_word' id='word_1_594' title='bbox 737 4585 882 4647; x_wconf 90' lang='lat' dir='ltr'><strong>laborum.</strong></span> <span class='ocrx_word' id='word_1_595' title='bbox 1027 4589 1099 4650; x_wconf 86' lang='lat' dir='ltr'><strong>Nolo</strong></span> <span class='ocrx_word' id='word_1_596' title='bbox 1114 4594 1250 4665; x_wconf 86' lang='lat' dir='ltr'><strong>parcatur</strong></span> <span class='ocrx_word' id='word_1_597' title='bbox 1264 4590 1349 4663; x_wconf 90' lang='lat' dir='ltr'><strong>mibi,</strong></span> <span class='ocrx_word' id='word_1_598' title='bbox 1364 4591 1389 4648; x_wconf 94' lang='lat' dir='ltr'><strong>si</strong></span> <span class='ocrx_word' id='word_1_599' title='bbox 1406 4591 1519 4648; x_wconf 85' lang='lat' dir='ltr'><strong>lacinus</strong></span> <span class='ocrx_word' id='word_1_600' title='bbox 1532 4593 1689 4663; x_wconf 89' lang='lat' dir='ltr'><strong>repetatur.</strong></span> 
     </span>
     <span class='ocr_line' id='line_1_50' title="bbox 145 4671 1717 4754; baseline 0.005 -27"><span class='ocrx_word' id='word_1_601' title='bbox 145 4671 198 4727; x_wconf 82' lang='lat' dir='ltr'><strong>Hic</strong></span> <span class='ocrx_word' id='word_1_602' title='bbox 212 4676 258 4728; x_wconf 92' lang='lat' dir='ltr'><strong>est</strong></span> <span class='ocrx_word' id='word_1_603' title='bbox 271 4672 453 4730; x_wconf 85' lang='lat' dir='ltr'><strong>contractum</strong></span> <span class='ocrx_word' id='word_1_604' title='bbox 467 4675 570 4733; x_wconf 88' lang='lat' dir='ltr'><strong>mortis</strong></span> <span class='ocrx_word' id='word_1_605' title='bbox 585 4674 774 4750; x_wconf 79' lang='lat' dir='ltr'><strong>lacrymabile</strong></span> <span class='ocrx_word' id='word_1_606' title='bbox 788 4680 906 4750; x_wconf 88' lang='lat' dir='ltr'><strong>pactum</strong></span> <span class='ocrx_word' id='word_1_607' title='bbox 921 4696 929 4749; x_wconf 83' lang='lat'>3</span> <span class='ocrx_word' id='word_1_608' title='bbox 1026 4680 1129 4754; x_wconf 78' lang='lat' dir='ltr'><strong>lirigor</strong></span> <span class='ocrx_word' id='word_1_609' title='bbox 1140 4680 1186 4737; x_wconf 91' lang='lat' dir='ltr'><strong>bis</strong></span> <span class='ocrx_word' id='word_1_610' title='bbox 1201 4678 1300 4751; x_wconf 89' lang='lat' dir='ltr'><strong>dictis,</strong></span> <span class='ocrx_word' id='word_1_611' title='bbox 1316 4681 1396 4738; x_wconf 88' lang='lat' dir='ltr'><strong>vitiis</strong></span> <span class='ocrx_word' id='word_1_612' title='bbox 1406 4681 1468 4754; x_wconf 86' lang='lat' dir='ltr'><strong>jam</strong></span> <span class='ocrx_word' id='word_1_613' title='bbox 1485 4685 1582 4737; x_wconf 88' lang='lat' dir='ltr'><strong>mente</strong></span> <span class='ocrx_word' id='word_1_614' title='bbox 1598 4677 1717 4749; x_wconf 86' lang='lat' dir='ltr'><strong>relictis,</strong></span> 
     </span>
     <span class='ocr_line' id='line_1_51' title="bbox 144 4759 1849 4843; baseline 0.003 -25"><span class='ocrx_word' id='word_1_615' title='bbox 144 4759 198 4818; x_wconf 83' lang='lat' dir='ltr'><strong>Hie</strong></span> <span class='ocrx_word' id='word_1_616' title='bbox 213 4766 330 4817; x_wconf 89' lang='lat' dir='ltr'><strong>nostroe</strong></span> <span class='ocrx_word' id='word_1_617' title='bbox 344 4768 428 4821; x_wconf 89' lang='lat' dir='ltr'><strong>actus</strong></span> <span class='ocrx_word' id='word_1_618' title='bbox 443 4771 546 4823; x_wconf 88' lang='lat' dir='ltr'><strong>auctor</strong></span> <span class='ocrx_word' id='word_1_619' title='bbox 561 4765 625 4835; x_wconf 89' lang='lat' dir='ltr'><strong>luit,</strong></span> <span class='ocrx_word' id='word_1_620' title='bbox 642 4764 739 4824; x_wconf 86' lang='lat' dir='ltr'><strong>hostis</strong></span> <span class='ocrx_word' id='word_1_621' title='bbox 758 4766 863 4835; x_wconf 85' lang='lat' dir='ltr'><strong>lectus,</strong></span> <span class='ocrx_word' id='word_1_622' title='bbox 1026 4769 1095 4827; x_wconf 88' lang='lat' dir='ltr'><strong>inde</strong></span> <span class='ocrx_word' id='word_1_623' title='bbox 1106 4770 1221 4827; x_wconf 80' lang='lat' dir='ltr'><strong>reflecto</strong></span> <span class='ocrx_word' id='word_1_624' title='bbox 1238 4770 1353 4842; x_wconf 89' lang='lat' dir='ltr'><strong>pedem,</strong></span> <span class='ocrx_word' id='word_1_625' title='bbox 1370 4770 1445 4828; x_wconf 86' lang='lat' dir='ltr'><strong>bona</strong></span> <span class='ocrx_word' id='word_1_626' title='bbox 1455 4767 1735 4843; x_wconf 86' lang='lat' dir='ltr'><strong>apesoomitaturad</strong></span> <span class='ocrx_word' id='word_1_627' title='bbox 1747 4767 1849 4831; x_wconf 72' lang='lat' dir='ltr'><strong>edem,</strong></span> 
     </span>
     <span class='ocr_line' id='line_1_52' title="bbox 143 4849 1850 4932; baseline 0.005 -28"><span class='ocrx_word' id='word_1_628' title='bbox 143 4849 437 4922; x_wconf 63' lang='lat' dir='ltr'><strong>incondemnatus,</strong></span> <span class='ocrx_word' id='word_1_629' title='bbox 454 4852 500 4911; x_wconf 90' lang='lat' dir='ltr'><strong>hic</strong></span> <span class='ocrx_word' id='word_1_630' title='bbox 516 4860 661 4917; x_wconf 85' lang='lat' dir='ltr'><strong>mortuus,</strong></span> <span class='ocrx_word' id='word_1_631' title='bbox 678 4855 725 4912; x_wconf 92' lang='lat' dir='ltr'><strong>bic</strong></span> <span class='ocrx_word' id='word_1_632' title='bbox 740 4855 917 4927; x_wconf 82' lang='lat' dir='ltr'><strong>tumulatus,</strong></span> <span class='ocrx_word' id='word_1_633' title='bbox 1024 4859 1243 4932; x_wconf 88' lang='lat' dir='ltr'><strong>Impatiensque</strong></span> <span class='ocrx_word' id='word_1_634' title='bbox 1256 4876 1342 4917; x_wconf 81' lang='lat' dir='ltr'><strong>mora</strong></span> <span class='ocrx_word' id='word_1_635' title='bbox 1355 4860 1432 4917; x_wconf 82' lang='lat' dir='ltr'><strong>feror</strong></span> <span class='ocrx_word' id='word_1_636' title='bbox 1450 4859 1474 4896; x_wconf 76' lang='lat'><strong>⁸⁸</strong></span> <span class='ocrx_word' id='word_1_637' title='bbox 1487 4857 1581 4928; x_wconf 88' lang='lat' dir='ltr'><strong>lotus,</strong></span> <span class='ocrx_word' id='word_1_638' title='bbox 1599 4859 1650 4915; x_wconf 91' lang='lat' dir='ltr'><strong>aed</strong></span> <span class='ocrx_word' id='word_1_639' title='bbox 1676 4857 1789 4930; x_wconf 86' lang='lat' dir='ltr'><strong>absque</strong></span> <span class='ocrx_word' id='word_1_640' title='bbox 1811 4856 1850 4912; x_wconf 90' lang='lat' dir='ltr'><strong>la·</strong></span> 
     </span>
     <span class='ocr_line' id='line_1_53' title="bbox 143 4938 1817 5019; baseline 0.006 -25"><span class='ocrx_word' id='word_1_641' title='bbox 143 4938 219 4996; x_wconf 79' lang='lat' dir='ltr'><strong>Hinc</strong></span> <span class='ocrx_word' id='word_1_642' title='bbox 234 4940 392 4998; x_wconf 80' lang='lat' dir='ltr'><strong>recurrexit</strong></span> <span class='ocrx_word' id='word_1_643' title='bbox 406 4949 434 4999; x_wconf 90' lang='lat' dir='ltr'><strong>at</strong></span> <span class='ocrx_word' id='word_1_644' title='bbox 445 4944 534 5001; x_wconf 83' lang='lat' dir='ltr'><strong>vitam</strong></span> <span class='ocrx_word' id='word_1_645' title='bbox 547 4949 640 5001; x_wconf 88' lang='lat' dir='ltr'><strong>morte</strong></span> <span class='ocrx_word' id='word_1_646' title='bbox 656 4944 771 5001; x_wconf 80' lang='lat' dir='ltr'><strong>revexit.</strong></span> <span class='ocrx_word' id='word_1_647' title='bbox 1721 4947 1817 5019; x_wconf 82' lang='lat' dir='ltr'><strong>[bora.</strong></span> 
     </span>
     <span class='ocr_line' id='line_1_54' title="bbox 142 5029 1661 5112; baseline 0.004 -27"><span class='ocrx_word' id='word_1_648' title='bbox 142 5029 186 5085; x_wconf 77' lang='lat' dir='ltr'><strong>Ad</strong></span> <span class='ocrx_word' id='word_1_649' title='bbox 202 5029 267 5088; x_wconf 88' lang='lat' dir='ltr'><strong>loca</strong></span> <span class='ocrx_word' id='word_1_650' title='bbox 283 5041 341 5088; x_wconf 88' lang='lat' dir='ltr'><strong>tam</strong></span> <span class='ocrx_word' id='word_1_651' title='bbox 359 5034 437 5089; x_wconf 80' lang='lat' dir='ltr'><strong>miras</strong></span> <span class='ocrx_word' id='word_1_652' title='bbox 454 5033 619 5090; x_wconf 80' lang='lat' dir='ltr'><strong>dulcedinis</strong></span> <span class='ocrx_word' id='word_1_653' title='bbox 635 5051 706 5089; x_wconf 71' lang='lat' dir='ltr'><strong>arasa</strong></span> <span class='ocrx_word' id='word_1_654' title='bbox 723 5037 816 5092; x_wconf 69' lang='lat' dir='ltr'><strong>lenire</strong></span> <span class='ocrx_word' id='word_1_655' title='bbox 1023 5037 1160 5097; x_wconf 84' lang='lat' dir='ltr'><strong>Gratulor</strong></span> <span class='ocrx_word' id='word_1_656' title='bbox 1174 5039 1300 5107; x_wconf 82' lang='lat' dir='ltr'><strong>admitti,</strong></span> <span class='ocrx_word' id='word_1_657' title='bbox 1317 5056 1404 5112; x_wconf 90' lang='lat' dir='ltr'><strong>posco</strong></span> <span class='ocrx_word' id='word_1_658' title='bbox 1420 5039 1522 5096; x_wconf 88' lang='lat' dir='ltr'><strong>delicta</strong></span> <span class='ocrx_word' id='word_1_659' title='bbox 1539 5037 1661 5107; x_wconf 85' lang='lat' dir='ltr'><strong>remitti,</strong></span> 
     </span>
     <span class='ocr_line' id='line_1_55' title="bbox 142 5117 1648 5202; baseline 0.006 -26"><span class='ocrx_word' id='word_1_660' title='bbox 142 5117 206 5176; x_wconf 87' lang='lat' dir='ltr'><strong>Nou</strong></span> <span class='ocrx_word' id='word_1_661' title='bbox 221 5120 242 5155; x_wconf 86' lang='lat'><strong>⁸¹</strong></span> <span class='ocrx_word' id='word_1_662' title='bbox 257 5122 326 5177; x_wconf 78' lang='lat' dir='ltr'><strong>olea</strong></span> <span class='ocrx_word' id='word_1_663' title='bbox 345 5140 451 5190; x_wconf 88' lang='lat' dir='ltr'><strong>rorem,</strong></span> <span class='ocrx_word' id='word_1_664' title='bbox 467 5140 524 5178; x_wconf 90' lang='lat' dir='ltr'><strong>nou</strong></span> <span class='ocrx_word' id='word_1_665' title='bbox 542 5122 631 5178; x_wconf 83' lang='lat' dir='ltr'><strong>aliero</strong></span> <span class='ocrx_word' id='word_1_666' title='bbox 646 5123 740 5179; x_wconf 86' lang='lat' dir='ltr'><strong>thuris</strong></span> <span class='ocrx_word' id='word_1_667' title='bbox 755 5126 886 5194; x_wconf 87' lang='lat' dir='ltr'><strong>odorem,</strong></span> <span class='ocrx_word' id='word_1_668' title='bbox 1023 5127 1055 5185; x_wconf 93' lang='lat' dir='ltr'><strong>ln</strong></span> <span class='ocrx_word' id='word_1_669' title='bbox 1071 5127 1184 5185; x_wconf 86' lang='lat' dir='ltr'><strong>veniam</strong></span> <span class='ocrx_word' id='word_1_670' title='bbox 1200 5129 1293 5202; x_wconf 84' lang='lat' dir='ltr'><strong>ploro,</strong></span> <span class='ocrx_word' id='word_1_671' title='bbox 1308 5127 1411 5186; x_wconf 85' lang='lat' dir='ltr'><strong>vexilla</strong></span> <span class='ocrx_word' id='word_1_672' title='bbox 1429 5128 1534 5186; x_wconf 86' lang='lat' dir='ltr'><strong>salutis</strong></span> <span class='ocrx_word' id='word_1_673' title='bbox 1549 5127 1648 5185; x_wconf 85' lang='lat' dir='ltr'><strong>adoro.</strong></span> 
     </span>
     <span class='ocr_line' id='line_1_56' title="bbox 143 5212 1707 5287; baseline 0.004 -22"><span class='ocrx_word' id='word_1_674' title='bbox 143 5212 200 5266; x_wconf 84' lang='lat' dir='ltr'><strong>Nec</strong></span> <span class='ocrx_word' id='word_1_675' title='bbox 216 5223 345 5267; x_wconf 90' lang='lat' dir='ltr'><strong>mentem</strong></span> <span class='ocrx_word' id='word_1_676' title='bbox 361 5228 466 5284; x_wconf 88' lang='lat' dir='ltr'><strong>puram</strong></span> <span class='ocrx_word' id='word_1_677' title='bbox 490 5213 583 5283; x_wconf 77' lang='lat' dir='ltr'><strong>aragia</strong></span> <span class='ocrx_word' id='word_1_678' title='bbox 607 5213 746 5270; x_wconf 81' lang='lat' dir='ltr'><strong>curribus</strong></span> <span class='ocrx_word' id='word_1_679' title='bbox 772 5213 819 5270; x_wconf 88' lang='lat' dir='ltr'><strong>his</strong></span> <span class='ocrx_word' id='word_1_680' title='bbox 843 5212 969 5287; x_wconf 88' lang='lat' dir='ltr'><strong>placitu·</strong></span> <span class='ocrx_word' id='word_1_681' title='bbox 1020 5217 1252 5275; x_wconf 73' lang='lat' dir='ltr'><strong>Asacramautis</strong></span> <span class='ocrx_word' id='word_1_682' title='bbox 1267 5218 1572 5276; x_wconf 88' lang='lat' dir='ltr'><strong>absterrentcrimina</strong></span> <span class='ocrx_word' id='word_1_683' title='bbox 1587 5216 1707 5286; x_wconf 81' lang='lat' dir='ltr'><strong>mentis,</strong></span> 
     </span>
    </p>
   </div>
   <div class='ocr_carea' id='block_1_6' title="bbox 845 5303 1590 5407">
    <p class='ocr_par' dir='ltr' id='par_1_9' title="bbox 845 5303 1590 5407">
     <span class='ocr_line' id='line_1_57' title="bbox 845 5303 1590 5407; baseline 0.007 -47"><span class='ocrx_word' id='word_1_684' title='bbox 845 5303 932 5377; x_wconf 75' lang='lat' dir='ltr'><strong>tram.</strong></span> <span class='ocrx_word' id='word_1_685' title='bbox 991 5397 999 5407; x_wconf 93' lang='lat'><em>.</em></span> <span class='ocrx_word' id='word_1_686' title='bbox 1021 5305 1083 5365; x_wconf 86' lang='lat' dir='ltr'><strong>lilia</strong></span> <span class='ocrx_word' id='word_1_687' title='bbox 1098 5307 1206 5366; x_wconf 84' lang='lat' dir='ltr'><strong>oblatis</strong></span> <span class='ocrx_word' id='word_1_688' title='bbox 1220 5317 1343 5367; x_wconf 88' lang='lat' dir='ltr'><strong>matram</strong></span> <span class='ocrx_word' id='word_1_689' title='bbox 1360 5310 1461 5382; x_wconf 90' lang='lat' dir='ltr'><strong>repeto</strong></span> <span class='ocrx_word' id='word_1_690' title='bbox 1473 5308 1590 5382; x_wconf 81' lang='lat' dir='ltr'><strong>pietatis</strong></span> 
     </span>
    </p>
   </div>
   <div class='ocr_carea' id='block_1_7' title="bbox 147 5487 1851 5637">
    <p class='ocr_par' dir='ltr' id='par_1_10' title="bbox 147 5487 1851 5637">
     <span class='ocr_line' id='line_1_58' title="bbox 183 5487 1851 5573; baseline 0.004 -27"><span class='ocrx_word' id='word_1_691' title='bbox 183 5487 303 5556; x_wconf 68' lang='lat' dir='ltr'><strong>tlliba,</strong></span> <span class='ocrx_word' id='word_1_692' title='bbox 319 5503 407 5573; x_wconf 74' lang='lat' dir='ltr'><strong>sacra</strong></span> <span class='ocrx_word' id='word_1_693' title='bbox 423 5487 447 5523; x_wconf 75' lang='lat'><strong>‘⁹</strong></span> <span class='ocrx_word' id='word_1_694' title='bbox 472 5489 548 5562; x_wconf 87' lang='grc' dir='ltr'><strong>ΕΜ,</strong></span> <span class='ocrx_word' id='word_1_695' title='bbox 572 5492 653 5563; x_wconf 83' lang='lat' dir='ltr'><strong>qaid.</strong></span> <span class='ocrx_word' id='word_1_696' title='bbox 670 5491 694 5527; x_wconf 81' lang='lat'><strong>⁸⁰</strong></span> <span class='ocrx_word' id='word_1_697' title='bbox 717 5492 796 5559; x_wconf 89' lang='grc' dir='ltr'><strong>ΕΜ,</strong></span> <span class='ocrx_word' id='word_1_698' title='bbox 818 5495 905 5550; x_wconf 71' lang='lat' dir='ltr'><strong>unet.</strong></span> <span class='ocrx_word' id='word_1_699' title='bbox 929 5492 952 5529; x_wconf 78' lang='lat'><strong>⁶¹</strong></span> <span class='ocrx_word' id='word_1_700' title='bbox 977 5494 1054 5564; x_wconf 83' lang='grc' dir='ltr'><strong>ΕΜ,</strong></span> <span class='ocrx_word' id='word_1_701' title='bbox 1081 5498 1144 5570; x_wconf 80' lang='lat' dir='ltr'><strong>otei,</strong></span> <span class='ocrx_word' id='word_1_702' title='bbox 1168 5501 1197 5555; x_wconf 94' lang='lat' dir='ltr'><strong>et</strong></span> <span class='ocrx_word' id='word_1_703' title='bbox 1218 5499 1330 5572; x_wconf 81' lang='lat' dir='ltr'><strong>llndeg.</strong></span> <span class='ocrx_word' id='word_1_704' title='bbox 1355 5498 1378 5535; x_wconf 75' lang='lat'><strong>⁸²</strong></span> <span class='ocrx_word' id='word_1_705' title='bbox 1401 5498 1481 5570; x_wconf 91' lang='grc' dir='ltr'><strong>ΕΜ,</strong></span> <span class='ocrx_word' id='word_1_706' title='bbox 1505 5494 1659 5567; x_wconf 71' lang='lat' dir='ltr'><strong>modestia,</strong></span> <span class='ocrx_word' id='word_1_707' title='bbox 1683 5496 1714 5554; x_wconf 80' lang='lat' dir='ltr'><strong>et</strong></span> <span class='ocrx_word' id='word_1_708' title='bbox 1736 5492 1851 5566; x_wconf 64' lang='lat' dir='ltr'><strong>Andes·</strong></span> 
     </span>
     <span class='ocr_line' id='line_1_59' title="bbox 147 5557 1034 5637; baseline 0.01 -22"><span class='ocrx_word' id='word_1_709' title='bbox 147 5557 172 5595; x_wconf 79' lang='lat'><strong>⁸⁸</strong></span> <span class='ocrx_word' id='word_1_710' title='bbox 187 5560 267 5632; x_wconf 87' lang='grc' dir='ltr'><strong>ΕΜ,</strong></span> <span class='ocrx_word' id='word_1_711' title='bbox 280 5575 402 5633; x_wconf 78' lang='lat' dir='ltr'><strong>sceptro.</strong></span> <span class='ocrx_word' id='word_1_712' title='bbox 418 5559 443 5596; x_wconf 80' lang='lat'><strong>⁶⁴</strong></span> <span class='ocrx_word' id='word_1_713' title='bbox 457 5562 536 5630; x_wconf 86' lang='grc' dir='ltr'><strong>ΕΜ,</strong></span> <span class='ocrx_word' id='word_1_714' title='bbox 550 5565 630 5636; x_wconf 66' lang='grc' dir='ltr'><strong>μιαί,</strong></span> <span class='ocrx_word' id='word_1_715' title='bbox 645 5567 674 5619; x_wconf 89' lang='lat' dir='ltr'><strong>et</strong></span> <span class='ocrx_word' id='word_1_716' title='bbox 686 5564 798 5637; x_wconf 75' lang='lat' dir='ltr'><strong>andeg.</strong></span> <span class='ocrx_word' id='word_1_717' title='bbox 814 5562 839 5599; x_wconf 83' lang='lat'><strong>‘⁸</strong></span> <span class='ocrx_word' id='word_1_718' title='bbox 853 5565 931 5634; x_wconf 82' lang='lat' dir='ltr'><strong>libr..</strong></span> <span class='ocrx_word' id='word_1_719' title='bbox 946 5566 1034 5624; x_wconf 75' lang='lat' dir='ltr'><strong>tetro.</strong></span> 
     </span>
    </p>
   </div>
   <div class='ocr_carea' id='block_1_8' title="bbox 0 0 1906 6030">
    <p class='ocr_par' dir='ltr' id='par_1_11' title="bbox 0 0 1906 6030">
     <span class='ocr_line' id='line_1_60' title="bbox 0 0 1906 6030; baseline 0 3"><span class='ocrx_word' id='word_1_720' title='bbox 0 0 1906 6030; x_wconf 95' lang='lat' dir='ltr'><strong> </strong></span> 
     </span>
    </p>
   </div>
  </div>
 </body>
</html>
