3802 6030
102 235 180 299 aeos
623 223 800 287 marom
824 217 1067 282 asuoasasts
1091 216 1269 281 arisonrt
1426 190 1428 195 ’
1735 214 1811 277 sest

101 368 175 443 Ergo
191 368 290 425 mirari
309 384 364 422 non
382 364 499 430 sul'tieit,
514 366 543 417 et
558 361 701 428 venerari,
939 355 966 423 Α
981 349 1054 410 Nem
1070 354 1117 410 cul
1132 352 1287 420 servimus,
1304 351 1359 408 hae
1373 351 1399 408 si
1413 353 1570 425 spernente
1581 348 1747 423 perimus?

100 461 163 517 Non
179 457 320 523 enarrari,
337 472 393 511 non
408 453 547 510 laudibus
561 449 749 524 equiperari,
981 443 1060 502 Hunc
1076 463 1130 504 nos
1145 444 1321 519 expetimus,
1337 443 1423 516 eujus
1438 441 1585 516 preconis
1600 441 1733 511 seimus,

101 551 170 615 Qum
186 547 341 619 sapientia,
358 562 423 617 quse
440 542 580 616 patientia
594 537 838 612 cunctipotentis,
982 538 1021 592 lid
1037 554 1126 610 quam
1140 539 1341 611 confugimus,
1357 553 1416 612 quo
1431 552 1489 593 nou
1504 534 1618 608 fugisse
1635 531 1819 608 nequitum.

102 637 170 701 Qua
186 637 361 705 compassio,
378 651 440 706 que
456 634 571 689 dilectio
587 632 625 689 sit
642 630 809 686 miserentis
979 625 1184 699 Conspicitnus
1199 627 1343 700 siquidem
1360 641 1554 699 pereamque
1565 624 1658 681 isaim
1670 623 1723 681 his
1736 621 1817 681 idem

103 724 187 781 Circa
205 732 367 796 peccantes,
384 730 413 778 cl
428 723 603 779 criminibus
616 719 802 776 famulantes.
978 715 1065 771 Clade
1084 717 1122 771 sit
1136 722 1267 788 ereptus,
1282 714 1419 772 meritum
1436 730 1525 787 super
1540 714 1601 770 htso
1616 717 1645 769 ct
1673 711 1817 786 adeptus.

103 815 207 873 lm
222 815 274 870 b'ed
287 814 350 885 jem
367 813 519 884 signorum
536 809 658 884 vestigia
677 825 762 864 cerno
775 805 926 879 priorump
978 804 1018 861 Ex
1034 806 1088 863 hoo
1103 815 1234 879 gratatur
1247 807 1378 878 Pater,et
1397 807 1492 864 bonus
1506 805 1555 862 ille
1570 804 1727 878 puniatur:

101 902 179 959 Nam
193 908 304 976 Moyses
321 905 394 958 lator
409 902 481 974 legis
497 917 589 962 secer.
605 907 634 954 el
649 899 793 954 mediator
977 896 1043 953 lum
1059 898 1116 953 ritu
1132 898 1206 955 iesto
1219 899 1278 954 sint
1292 898 1421 955 annulus
1436 903 1465 954 et
1479 896 1555 954 stola
1569 903 1693 971 presto,

99 995 177 1049 luter
193 998 345 1065 parentum
364 989 516 1065 populum,
533 986 926 1060 Dominamquejubeutem,
977 985 1175 1065 velenturque
1191 992 1279 1063 pedes
1292 1009 1300 1062 ς
1315 991 1399 1047 rituli
1416 990 1537 1064 pinguis
1551 1007 1672 1065 quoque
1687 991 1788 1052 codes

99 1079 179 1139 lieris
195 1089 223 1138 et
236 1083 322 1138 rebus
337 1083 407 1136 dum
423 1078 621 1153 quadraginta
635 1077 741 1132 diebus
976 1078 1036 1137 Nos
1051 1082 1208 1148 convivari,
1224 1080 1350 1150 paudere
1363 1082 1424 1150 det,
1439 1097 1473 1138 ae
1487 1079 1613 1154 epulari.

98 1174 241 1239 Abstinet,
268 1181 355 1244 atque
380 1178 462 1228 vacat
487 1169 632 1244 precibus,
660 1166 819 1224 Dominum
852 1163 926 1220 bene
978 1170 1112 1244 Namque
1127 1171 1192 1238 tibi,
1208 1171 1334 1243 christo,
1351 1188 1473 1244 peccans
1490 1173 1578 1230 [mm
1593 1189 1663 1230 reug
1681 1173 1754 1244 im,

766 1253 872 1329 [placat
980 1259 1078 1318 Vivere
1093 1261 1208 1331 desivit,
1229 1263 1279 1318 sed
1292 1262 1356 1334 iem
1372 1267 1438 1334 post
1453 1262 1555 1320 iuners
1568 1261 1654 1320 vivit.

102 1356 209 1412 lrelum
227 1353 353 1426 populos
370 1351 464 1424 legem
480 1350 647 1423 meruitque
658 1347 799 1406 secundo.
980 1358 1017 1407 eo
1033 1356 1079 1407 est
1091 1349 1239 1415 inventus,
1253 1352 1308 1407 sub
1324 1351 1486 1423 perditione
1500 1355 1642 1409 retentus.

100 1443 237 1516 Exetttpto
252 1441 341 1499 simili
364 1442 429 1514 pius
446 1440 492 1496 bio
507 1439 550 1496 vir
565 1447 662 1495 menis
676 1435 766 1500 virili,
976 1438 1050 1497 ilino
1060 1440 1130 1512 quid
1146 1439 1288 1506 dicemus,
1305 1438 1352 1495 his
1367 1454 1436 1496 oum
1451 1455 1509 1497 neu
1524 1439 1745 1497 sufficiamus?

98 1535 131 1591 lu
147 1531 255 1606 templu
270 1531 340 1588 iesu
358 1532 473 1600 matris,
493 1530 557 1586 sine
573 1527 704 1600 corporis
717 1542 781 1593 esu,
975 1529 1031 1586 Sed
1047 1529 1250 1600 tormidemus,
1266 1529 1424 1585 vindictam
1441 1529 1467 1585 sl
1488 1533 1654 1588 teceemus.

99 1621 225 1692 Explevit
244 1637 397 1678 numerum
413 1621 533 1676 lotidem
551 1616 740 1688 lacrymando
764 1613 887 1683 dierunt,
976 1617 1052 1690 drgo
1068 1634 1146 1675 nona
1161 1616 1267 1676 mutes
1280 1616 1359 1674 dulci
1375 1634 1426 1691 pro
1440 1618 1572 1676 carmine
1588 1622 1721 1691 mentes,

98 1714 199 1784 Ipsum
217 1709 363 1783 placatum
379 1710 448 1765 dum
465 1709 599 1765 redderet
610 1711 678 1762 ante
694 1708 831 1777 negatum
936 1734 960 1801 B
976 1705 1035 1763 lloo
1050 1707 1245 1780 suspiremus,
1261 1708 1340 1781 qued
1355 1723 1415 1767 nes
1430 1708 1559 1783 prolerre
1569 1707 1722 1766 valemus.

98 1801 277 1872 Propitisute
293 1800 351 1872 pia,
367 1816 419 1856 nee
435 1815 492 1855 non
509 1799 654 1853 mediante
669 1794 767 1853 staria.
976 1796 1042 1854 iles
1056 1798 1188 1869 gaudeus
1202 1796 1308 1854 cecinit
1322 1798 1430 1871 presset
1446 1799 1603 1856 nosses
1620 1797 1672 1854 uhi
1690 1797 1770 1866 enit,

98 1890 180 1947 Tulin
195 1888 503 1962 prestantem,lapsos
514 1903 632 1961 quoque
642 1891 746 1959 sponte
758 1884 920 1949 vocantem,
974 1886 1070 1958 Surgit
1085 1884 1167 1941 hutni
1183 1889 1294 1944 etratus
1308 1885 1512 1956 vicedomnus,
1526 1892 1809 1964 comprecatus

97 1978 252 2036 Summum
269 1978 433 2043 laudemus,
450 1993 633 2042 veneremur,
649 1973 858 2047 glorificemus,
974 1976 1036 2045 list,
1052 1991 1088 2031 ne
1102 1983 1241 2042 servetur,
1257 1976 1308 2031 esd
1324 1974 1426 2032 charte
1441 1976 1571 2032 neleuda
1584 1981 1754 2036 cremetur.

96 2067 193 2143 Ipsius
208 2074 236 2127 ei
252 2077 385 2134 matrem,
403 2067 576 2124 restaurarit
590 2067 659 2139 quia
676 2066 795 2120 tratrem
811 2079 818 2119 ι
974 2059 1067 2135 thue
1079 2064 1273 2133 cremabatur,
1290 2063 1355 2121 laus
1371 2081 1388 2121 ι
1403 2063 1520 2138 populis
1535 2063 1672 2135 iteretur,

96 2164 165 2226 tius
181 2158 256 2215 lueis
269 2160 333 2215 lons
347 2164 402 2223 est,
418 2174 483 2230 que
499 2155 573 2212 lucis
588 2156 623 2209 ad
639 2153 711 2209 atria
728 2169 801 2226 poue
816 2153 876 2219 est,
974 2151 1009 2208 Et
1024 2151 1109 2226 Kyrbe
1123 2152 1244 2220 eleison,
1260 2158 1305 2210 est
1321 2152 1480 2211 missarum
1495 2169 1614 2227 quoque
1635 2157 1741 2211 Canon

97 2246 163 2313 oue
177 2249 252 2305 lovel
266 2248 403 2316 at'tlictos,
421 2245 530 2320 peccati
545 2244 662 2301 turbine
678 2243 779 2300 victos.
973 2243 1081 2299 Ordine
1093 2244 1258 2315 perlectus3
1275 2244 1527 2317 sacramentisque
1543 2245 1677 2302 reiectus

98 2337 165 2410 Ipsa
180 2337 256 2395 levat
272 2340 374 2405 lessus,
391 2337 527 2392 vitiorum
544 2335 672 2408 pondere
687 2347 814 2406 presses.
974 2333 1005 2389 In
1023 2330 1130 2388 virtute
1146 2331 1196 2389 Dei
1208 2333 1411 2400 vicedomnus,
1429 2332 1575 2406 perlaeiei

98 2428 164 2483 llec
176 2425 340 2500 desperetis
356 2442 434 2499 spes,
456 2430 574 2498 prestat
588 2438 673 2496 opem
689 2421 838 2478 bonitalis.
973 2419 1067 2477 Fuleit
1081 2421 1277 2494 splendorem,
1294 2422 1383 2479 rutilo
1398 2438 1456 2479 non
1472 2421 1534 2479 sols
1551 2420 1715 2479 minorem.

100 2517 188 2571 Porta
201 2515 264 2581 Dei,
282 2514 374 2586 perlis
390 2514 450 2570 hee
465 2519 510 2569 est
524 2513 670 2570 contraria
685 2511 798 2580 mortis,
974 2508 1076 2566 Cuncti
1092 2509 1239 2567 mirantur
1253 2510 1325 2581 hee,
1339 2515 1369 2567 et
1384 2510 1491 2584 trepidi
1506 2516 1697 2568 venerantur.

103 2604 209 2660 Mentis
225 2604 344 2659 sincere
360 2602 575 2675 precibusque
591 2605 673 2656 suste
690 2606 798 2672 petere,
817 2598 825 2608 '
974 2598 1129 2656 plausibus
1144 2597 1320 2673 hymnidicis
1336 2600 1378 2657 sie
1393 2600 1429 2656 ed
1450 2599 1592 2672 templum
1608 2598 1772 2658 Genitriels

101 2694 156 2750 Per
171 2710 202 2749 se
216 2694 381 2758 tendentes,
397 2709 427 2748 se
443 2692 671 2764 suppliciterque
687 2695 828 2762 potentes,
972 2687 1147 2745 salubrius
1162 2688 1281 2756 ductus,
1295 2692 1361 2762 post
1375 2689 1537 2762 praeteritos
1552 2688 1602 2746 uhi
1618 2688 1736 2762 luctus,

97 2783 224 2838 Cunctos
240 2783 379 2849 admittit,
398 2783 577 2853 Dominoque
593 2778 717 2852 poloque
736 2779 866 2837 remittit.
972 2776 1100 2850 Corpore
1111 2777 1174 2847 jem
1192 2784 1310 2835 mutans
1325 2794 1413 2851 tegre,
1428 2783 1527 2836 tamen
1543 2777 1594 2835 ills
1614 2778 1755 2837 salutans

96 2872 140 2928 sd
158 2888 246 2943 quam
264 2870 427 2943 pulsamus,
444 2870 542 2927 oculos
558 2875 587 2926 et
601 2871 689 2926 corda
704 2871 854 2939 levamus;
971 2866 1048 2937 iugi,
1065 2867 1168 2922 devota
1184 2882 1277 2937 prece,
1294 2883 1356 2940 epe,
1373 2867 1447 2935 loce,
1463 2867 1603 2939 signaque
1622 2874 1705 2938 note,

96 2960 244 3032 adquam
262 2962 414 3033 pulsamus
430 2959 568 3027 humiles,
582 2960 752 3030 aditumque
766 2975 919 3032 rogemus;
974 2957 1028 3014 Per
1041 2958 1172 3015 triduum
1189 2959 1285 3027 durat,
1302 2960 1428 3032 beclem
1445 2958 1582 3016 mortalis
1593 2965 1692 3018 curat.

94 3052 136 3106 Ad
153 3067 242 3124 quarn
258 3053 423 3108 clamamus
439 3052 556 3117 nuituis,
581 3051 715 3123 precibus
741 3047 918 3122 vigilamus3
974 3045 1105 3121 Cumque
1121 3052 1280 3106 salutasset
1296 3052 1413 3117 iratres,
1428 3050 1547 3122 siquod
1563 3054 1737 3121 superesset

94 3139 138 3194 rid
154 3156 242 3211 quem
259 3139 432 3205 clamamus,
447 3136 556 3194 exclusi
574 3154 609 3194 ue
626 3153 806 3195 matteamus.
933 3097 955 3167 c
973 3136 1015 3194 lix
1030 3139 1128 3202 rebus,
1144 3143 1236 3196 serris
1251 3140 1370 3209 Christi,
1382 3139 1695 3215 miserisquecetertie

92 3225 159 3283 llaec
176 3245 228 3285 noe
243 3230 398 3296 conturbet,
416 3235 447 3283 ut
462 3228 534 3297 vult,
549 3232 577 3284 et
592 3229 668 3285 sicul
682 3231 806 3300 eportet.
974 3225 1007 3283 Ut
1021 3228 1196 3299 dispertivit,
1212 3229 1276 3286 sine
1291 3232 1349 3286 llne
1365 3230 1467 3286 heatus
1482 3230 1584 3286 obivit.

89 3318 157 3372 iles
175 3333 227 3374 nos
244 3325 365 3385 tutetur,
383 3318 443 3374 haec
457 3323 485 3372 et
502 3316 593 3372 nostri
613 3323 800 3381 memoretur,
971 3315 1098 3391 Ouaque
1114 3321 1196 3393 prius
1209 3328 1332 3387 stratus,
1350 3321 1425 3378 fovet
1440 3321 1500 3378 hee
1515 3319 1579 3378 loca
1603 3336 1686 3378 uuus
1710 3325 1804 3379 turbu·

91 3404 209 3478 Nosque
224 3410 270 3464 sui
287 3423 431 3464 memores
448 3408 492 3462 det
511 3423 562 3478 per
591 3405 712 3478 placitos
728 3405 783 3463 sibi
809 3421 918 3479 mores,
1655 3409 1749 3476 latus.

91 3494 160 3568 iugi
177 3504 283 3554 conatu
300 3502 428 3570 gaudere
443 3514 496 3553 sun
513 3496 663 3553 intitulatis.
971 3497 1034 3564 Qua
1048 3497 1245 3568 collaudatur,
1260 3515 1320 3572 qus
1334 3500 1457 3557 uirtutes
1471 3502 1621 3572 operetur,

91 3583 173 3650 erod
190 3589 238 3642 det
254 3588 414 3659 possimus,
430 3587 478 3641 det
492 3603 550 3658 quc
565 3601 633 3640 curn
651 3600 735 3657 posse
744 3582 881 3642 velimus.
972 3590 1116 3646 Prestans
1132 3589 1262 3645 solamen
1272 3589 1365 3662 justis
1381 3589 1515 3663 precibus
1531 3587 1618 3646 Deus.
1634 3591 1740 3649 Arnen.

237 3843 517 3937 cantitata
550 3840 795 3937 SEPTEM
828 3842 1117 3942 FRATRUM
1152 3847 1650 3945 MACHABAEORUM

142 4065 213 4138 (ileu
239 4082 338 4135 poento
363 4063 507 4122 invertitur
530 4065 603 4121 inter
622 4081 707 4136 opera
722 4065 848 4124 llurdcdi
871 4070 990 4142 episcopi
1018 4071 1182 4128 lledcstcrtsis
1209 4072 1283 4144 typis
1319 4073 1392 4130 cdltu
1423 4072 1538 4130 lledoeis
1565 4072 1641 4144 uped
1669 4076 1804 4132 issam

92 4137 166 4266 fflice
179 4136 463 4278 biblinpgitsstotps'uffss
480 4136 576 4194 isonis
599 4137 768 4196 dertonensis
793 4139 913 4213 episcopi
927 4158 977 4198 nra.
993 4141 1075 4213 ibit,
1100 4145 1179 4216 cujus
1192 4144 1337 4217 exemplar
1350 4151 1440 4203 csstm
1457 4146 1487 4202 ist
1508 4143 1676 4203 bibliothece
1696 4143 1806 4219 colicps'i

129 4226 264 4268 amrteaer
301 4228 318 4266 o
347 4226 383 4266 ιιι
403 4256 405 4261 .

128 4558 230 4616 sets
250 4558 383 4630 totique
398 4555 471 4631 legis
483 4558 535 4631 jus
551 4556 668 4614 solvens
681 4558 777 4630 jussio
793 4558 882 4633 regis,
932 4559 957 4627 Ι)
972 4559 1681 4637 Summaquejureperimanuumquepedcche
1694 4562 1802 4638 putari,

90 4646 134 4703 dd
149 4664 195 4703 res
208 4646 326 4703 illicitas
341 4648 410 4702 dum
428 4652 543 4720 cogeret
556 4645 716 4715 Israelitis,
971 4648 1006 4707 ut
1021 4655 1088 4708 cute
1102 4653 1357 4726 detrectacapitis,
1373 4669 1426 4710 neo
1442 4657 1540 4709 mente
1553 4652 1682 4710 subacta

90 4734 206 4805 Septem
222 4751 353 4804 permeat
370 4742 527 4791 renuentes
537 4736 623 4807 jussa
640 4734 765 4807 prolabi,
970 4741 1003 4797 ln
1020 4741 1146 4797 terrente
1160 4741 1254 4798 virum
1273 4742 1338 4816 l'rigi
1354 4742 1503 4816 sartagine
1518 4741 1629 4798 vivom.

91 4821 162 4877 Cum
180 4822 317 4891 genitrice
333 4824 417 4890 bona,
434 4824 479 4879 cui
497 4823 624 4879 maxima
640 4826 737 4881 danda
752 4841 868 4897 corone,
971 4826 1022 4883 Ille
1039 4829 1163 4884 tenende
1179 4828 1264 4885 tidem
1282 4830 1419 4898 perdurat
1439 4833 1467 4886 iu
1484 4830 1625 4887 omnihus
1639 4829 1733 4902 idem,

89 4908 213 4966 Virtutis
229 4927 301 4967 vare
316 4912 439 4985 reliquis
451 4912 583 4986 exempla
597 4912 714 4982 dedere,
971 4915 1005 4972 lit
1020 4917 1149 4973 moriens
1162 4916 1251 4991 digne
1263 4918 1343 4976 velut
1358 4935 1462 4976 eurum
1480 4918 1572 4993 iulget
1586 4917 1618 4976 iu
1629 4922 1712 4994 igue.

91 4996 133 5055 Ob
149 5001 274 5071 patrium
303 5018 411 5058 morem
430 5003 580 5076 proprium
606 5002 754 5059 tundendo
769 5017 915 5077 cruorem,
972 5005 1080 5062 Laudat
1095 5007 1188 5063 vexati
1203 5008 1328 5073 arbitria
1342 5008 1504 5066 certamine
1518 5008 1580 5065 uati

91 5089 205 5145 Primus
222 5088 377 5146 tormentis
393 5091 540 5148 insultans
556 5093 659 5150 robore
675 5092 781 5150 mentis
969 5097 1011 5153 ed
1034 5112 1134 5169 purnes
1149 5095 1261 5154 similes
1276 5097 1391 5156 animos
1405 5104 1511 5155 nature
1525 5096 1637 5155 viriles.

90 5177 226 5234 Provocat
242 5180 417 5236 Antiochum
430 5180 568 5251 jaculans
584 5181 643 5238 hsce
658 5180 773 5254 spicula
791 5196 914 5241 vocum:
970 5185 1081 5255 Spectet
1094 5193 1272 5244 tormentum
1286 5188 1408 5245 iratrum
1421 5188 1470 5261 pia
1483 5188 1570 5245 turbe
1581 5191 1768 5260 sequentum

91 5267 782 5342 Inventorsceleris,quidves[1.nce]eubvertere
793 5270 917 5343 queris,
970 5274 1180 5347 Prrrdiacitque
1194 5276 1265 5333 mori
1283 5293 1340 5333 non
1357 5278 1546 5333 succubitura
1563 5275 1674 5346 dolori,

92 5357 174 5412 Vesci
195 5358 314 5430 porrina
329 5375 396 5414 curn
413 5359 452 5414 sit
467 5360 621 5413 manrl’esla
637 5357 747 5414 ruina?
970 5362 1078 5436 Sisque
1100 5364 1199 5421 volens
1216 5365 1319 5438 perimi
1333 5365 1393 5436 jare
1409 5365 1503 5422 vincit
1521 5371 1550 5422 et
1565 5363 1594 5421 in
1613 5382 1687 5423 nece
1704 5366 1804 5440 primi.

88 5444 217 5503 Verbera
231 5465 305 5504 strue
322 5449 380 5520 pati
395 5464 499 5503 sumus
518 5446 712 5519 exsiliumque
728 5447 831 5519 parati,
1007 5449 1122 5507 Primus
1133 5451 1190 5507 abit
1202 5453 1466 5519 mundus,venitstl
1479 5456 1628 5510 tormenta
1639 5455 1804 5523 secundus,

90 5531 257 5592 Membrave
269 5536 412 5602 truncari,
429 5551 517 5609 quam
535 5534 627 5608 legem
645 5535 839 5608 prevaricari.
970 5537 1024 5595 Cui
1039 5539 1127 5597 veluti
1141 5540 1247 5615 primo,
1264 5549 1418 5617 postquem
1435 5540 1492 5600 luit
1504 5541 1602 5602 omnis
1616 5543 1657 5602 eh
1670 5543 1738 5605 ime

90 5618 159 5682 iios
171 5625 252 5683 turer
266 5625 334 5683 irati
349 5623 480 5697 liugnam
492 5623 579 5696 jabet
593 5624 650 5682 ists
664 5625 782 5699 prolati,
970 5626 1083 5686 tertios
1092 5636 1174 5703 reple
1186 5629 1285 5700 cultis,
1300 5645 1369 5706 spes
1383 5633 1429 5689 est
1442 5630 1542 5693 ohlsts
1556 5629 1667 5692 salutis
