3802 6030
57 256 133 318 1701

608 251 726 317 LIBER
748 245 879 315 DECEM
902 249 1202 316 cnetsubouutt.

1680 254 1761 315 ltus
1863 270 1865 275 ’

56 389 119 454 Qua
133 388 196 446 siue
212 405 296 446 nemo
312 392 407 460 potest
422 394 508 445 natus
524 388 683 462 producere
698 388 809 446 vitam?
894 393 922 460 Α
937 390 1023 444 Casta
1036 402 1124 444 suum
1143 387 1218 444 terro
1229 385 1398 444 confoderat
1413 385 1488 442 etrla
1502 392 1601 458 pectas

55 480 125 546 Quis
143 479 407 550 tanamltnonqna
423 479 536 534 trabet‘l
548 481 618 544 Quis
631 479 744 535 volvere
757 476 881 534 lusum?

934 479 1071 535 llamnsti
1088 481 1215 549 cupiens
1230 492 1408 550 praecurrere
1429 478 1486 533 tata
1503 477 1610 544 mariti,

56 568 188 625 Reddere
203 574 270 642 quis
288 586 427 642 pensum,
443 569 487 625 uel
503 574 601 624 texere
617 569 685 641 quis
696 567 850 639 patietur?
919 607 920 610 ,
934 567 1017 635 Quod
1033 569 1088 623 sibi
1104 567 1211 625 dilecto
1229 585 1296 624 curn
1310 569 1457 624 traderet:
1473 567 1590 639 Accipe,
1607 565 1690 634 dixit,

58 657 136 715 Usus
151 660 180 715 iu
195 668 314 715 nostros
334 660 406 715 liunt
419 661 489 726 baea,
500 667 560 714 tam
578 659 731 714 commoda
745 662 831 725 llunt,

58 747 96 805 Ut
110 749 135 804 si
151 750 301 819 deliniant,
317 750 379 805 ritae
395 750 545 805 minuatur
558 748 707 804 honestas.

60 838 189 895 Plurima
206 845 422 912 praetereaque
437 855 506 894 aura
522 837 684 895 domestica
702 835 796 909 pascit

58 927 223 997 Pronaptius
238 935 409 998 exsequntur
422 924 540 998 speciali
560 925 669 981 lemine
684 924 764 980 cultu

57 1018 208 1090 Multaque
224 1021 396 1091 perpetitur,
413 1035 478 1091 quae
494 1026 595 1075 nostra
610 1018 749 1089 superbia
765 1014 884 1074 transit.

57 1107 174 1164 Mallius
188 1115 329 1181 aegrotum
345 1116 461 1176 tractat,
479 1110 544 1180 plus
560 1108 665 1164 sedula
676 1107 750 1162 lecto

58 1197 189 1264 Assistit,
206 1198 339 1255 studiosa
354 1201 434 1255 cibas
451 1207 611 1271 potumque
631 1197 785 1261 ministrat,

60 1286 129 1342 Plus
144 1294 235 1355 amat,
251 1295 280 1344 et
295 1289 383 1344 citius
398 1289 476 1344 valet
491 1285 529 1343 nd
546 1294 689 1358 praecepta
704 1282 823 1350 moveri,

61 1376 155 1448 Inque
170 1376 237 1432 boui
254 1378 377 1433 turmam
395 1393 447 1432 ceu
464 1376 562 1432 mallis
579 1392 646 1432 cera
661 1372 779 1440 reflecti,

61 1464 96 1520 m
109 1465 271 1537 disciptinas
287 1466 446 1537 subJeetior
461 1481 526 1522 esse
541 1468 692 1538 probatur.

59 1558 94 1610 Αι
109 1570 192 1611 mens
207 1555 282 1610 dura
296 1557 350 1612 viri
366 1555 461 1629 rigida
474 1555 586 1611 cerviae
598 1556 755 1626 repugnat,

61 1643 172 1715 Vixque
184 1645 290 1716 jugum
308 1646 419 1716 patitur
434 1646 505 1700 dum
522 1661 554 1700 se
570 1644 849 1717 negatint'eriarem.

935 655 1015 721 Quod
1033 659 1086 714 leci
1100 658 1208 714 vulnus
1223 658 1296 713 mibi
1313 674 1369 713 non
1386 656 1474 724 dalet,
1489 662 1517 712 et
1532 666 1593 724 tua,
1608 655 1707 724 Pethe,

935 754 1065 812 Vulnera
1080 773 1144 830 qum
1165 757 1266 823 iacies,
1284 756 1355 813 milii
1372 754 1414 811 vel
1432 761 1497 828 pest
1513 755 1571 810 iata
1586 753 1727 811 dolebunt

937 844 984 899 llis
1001 854 1081 917 paret
1095 849 1251 917 exemplis,
1269 851 1348 918 patet
1363 854 1392 902 et
1407 845 1572 901 rationibus
1588 842 1647 900 illis

936 933 1085 989 Carminis
1101 936 1129 991 in
1150 934 1246 1005 primo
1263 951 1337 1009 quas
1351 933 1453 990 liuline
1470 934 1589 990 fiximus
1609 933 1713 1004 buJus,

937 1024 1017 1088 Quod
1038 1038 1132 1094 neque
1148 1023 1262 1095 culpari
1279 1023 1397 1089 mulier,
1413 1024 1482 1095 quia
1499 1023 1608 1079 lamina
1633 1025 1763 1090 tantum,
1811 1096 1814 1101 Ι
1884 1052 1887 1057 -

935 1107 992 1165 Nec
1008 1109 1078 1178 quia
1096 1109 1141 1165 vir
1154 1117 1268 1168 tantum
1285 1112 1372 1166 debet
1386 1114 1452 1182 quia
1469 1110 1556 1167 laude
1571 1110 1662 1182 beari,

936 1198 993 1255 Sed
1011 1200 1106 1272 magis
1124 1200 1153 1256 in
1170 1216 1240 1257 sexu
1260 1201 1363 1255 vitium
1380 1206 1509 1257 rrautatur
1525 1206 1661 1272 utroque.

938 1287 972 1344 llt
988 1291 1097 1360 pariter
1112 1288 1229 1347 laudem
1246 1291 1341 1346 virtus
1356 1291 1386 1346 in
1402 1299 1525 1362 utraque
1541 1295 1682 1347 merctur.

1225 1414 1432 1473 CAPITULUH
1449 1416 1479 1471 V.

1241 1540 1276 1580 na
1296 1539 1460 1581 senserunt.

937 1649 1061 1706 AEtatem
1081 1651 1184 1704 vexant
1200 1647 1387 1704 incommoda
1403 1646 1496 1702 multa
1511 1645 1602 1702 senile

59 1733 140 1788 Adde
155 1735 233 1806 quod
250 1734 278 1790 in
297 1733 392 1800 l'ragiti
409 1735 500 1806 inagis
514 1739 560 1790 est
577 1732 723 1788 laudabile
741 1746 812 1789 sexu
901 1738 1007 1831 BQuoe
1022 1739 1058 1794 de
1073 1737 1188 1794 mortali
1204 1737 1367 1810 procedunt
1383 1735 1550 1793 conditione

61 1821 184 1878 Virtutis
199 1824 343 1891 studium,
359 1823 554 1896 transgressio
568 1823 635 1894 plus
652 1821 795 1892 venialisr

63 1909 121 1969 Nea
136 1919 233 1970 tanuen
249 1915 277 1970 in
295 1931 365 1971 sexu
379 1915 473 1970 virtus
489 1915 585 1969 minor
603 1913 735 1969 interiori

63 2006 144 2074 Saepe
160 2010 272 2075 reperta
290 2004 353 2067 luit.
370 2006 420 2060 sed
436 2021 488 2060 nec
506 2003 704 2076 transgressio
722 2001 824 2074 major,

940 1828 1075 1901 Corporis
1091 1828 1211 1883 bomani
1225 1843 1396 1900 compagem
1414 1826 1589 1882 debilitante

940 1917 1015 1976 Dum
1032 1916 1236 1974 dissolvendos
1251 1916 1280 1971 in
1299 1922 1423 1973 mortem
1436 1919 1579 1988 praeparat
1591 1917 1693 1982 artus:

940 2012 1022 2065 biens
1038 2009 1145 2064 etenim
1161 2006 1245 2062 vivax
1261 2021 1312 2061 nee
1328 2021 1449 2077 corpore
1465 2003 1563 2060 clausa
1573 2001 1701 2059 senescit

64 2091 195 2166 Namque
209 2092 304 2151 scelus
319 2093 333 2150 J
340 2095 403 2150 udas
417 2110 481 2168 quaa
498 2095 625 2166 passima
651 2093 759 2149 lamina
775 2089 888 2148 riuaitl
939 2096 996 2154 Nae
1012 2098 1098 2153 linem
1114 2097 1176 2151 vite
1188 2096 1252 2168 jam
1269 2112 1389 2167 carpere
1407 2095 1500 2151 libera
1516 2093 1609 2150 novit.

63 2184 119 2237 Aut
134 2183 200 2253 quis
215 2184 259 2239 vir
272 2184 408 2240 meritum
425 2185 501 2240 valet
518 2183 697 2256 equiparare
713 2179 833 2238 Marias?

63 2270 122 2328 Hoa
139 2283 234 2328 tamen
251 2281 370 2345 excepto
385 2273 526 2346 qnoniam
543 2289 588 2329 res
604 2272 692 2328 unica
707 2275 833 2341 constat,

65 2360 127 2417 Non
145 2379 253 2433 paucas
268 2364 395 2435 legimus
410 2368 524 2420 mentes
534 2365 661 2434 gessisse
675 2360 819 2429 virorum,

64 2449 123 2505 Aut
136 2451 224 2506 etiam
240 2467 380 2524 superare
394 2451 483 2519 viros,
498 2457 527 2506 et
543 2457 659 2524 pectore
674 2449 742 2507 lorti

63 2538 188 2612 Dignam
206 2542 368 2597 mercedem
386 2545 572 2597 meritarum
589 2540 676 2597 laude
691 2540 803 2596 tulisse.

939 2184 1004 2242 Hae
1019 2192 1089 2242 sunt
1102 2201 1170 2259 erga
1184 2187 1241 2241 lere
1256 2185 1378 2241 senibus
1395 2183 1542 2256 plerisque
1555 2181 1690 2251 moleste,

938 2273 1061 2347 Singula
1076 2290 1152 2346 saepe
1167 2291 1240 2330 novo
1257 2279 1406 2330 tentantur
1422 2273 1554 2330 membra
1569 2270 1680 2339 dolore,

938 2362 1022 2420 Nune
1036 2369 1189 2438 reputant
1204 2370 1400 2439 pectus,nuna
1413 2361 1560 2433 cardulet,
1576 2369 1626 2418 aut
1640 2360 1767 2429 latus,el

1595 2448 1722 2523 [nundus

937 2543 1095 2617 Extorquet
1108 2543 1237 2617 gemitus
1252 2559 1357 2600 vexans
1371 2540 1480 2614 injuria
1491 2540 1623 2608 lumbos,

60 2629 143 2696 Sara,
161 2631 300 2696 ltabeeaa,
316 2629 433 2696 Rachel,
453 2626 884 2701 taaner,ludnu.nnna,>toem,
935 2633 1126 2690 contrahitur
1141 2633 1231 2691 nimio
1249 2648 1326 2689 nunc
1342 2638 1435 2689 totum
1446 2631 1553 2704 trigone
1568 2646 1687 2703 carpus,

61 2718 163 2775 Sdera
176 2737 227 2776 ceu
244 2727 355 2792 septem
372 2736 446 2793 quas
458 2722 565 2776 secula
581 2721 677 2792 prison
693 2718 834 2787 tulerunt,

60 2809 265 2879 AEquiparasse
287 2810 375 2873 viras.
391 2815 442 2865 aut
456 2825 648 2882 exsuperasse
664 2809 812 2882 leguntur.

937 2721 1049 2795 Vixque
1063 2722 1139 2778 valet
1153 2720 1243 2778 multa
1258 2721 1439 2777 cumulatum
1452 2725 1530 2776 veste
1546 2719 1647 2787 loveri,

937 2813 1056 2870 Pondus
1072 2816 1102 2868 el
1115 2812 1288 2884 impositum
1313 2809 1406 2867 lessus
1432 2826 1500 2867 mox
1514 2809 1655 2882 apprimit
1670 2809 1764 2875 artus,

61 2900 134 2953 Nam
150 2897 251 2954 ludiib
266 2901 416 2972 egregium
429 2900 638 2972 lacinusrquod
657 2915 741 2955 nemo
752 2899 885 2954 virorum
935 2901 1163 2974 congeriemque
1174 2901 1261 2971 jubet
1275 2900 1362 2957 eitius
1377 2915 1526 2956 removere
1543 2898 1709 2964 molestam,

63 2991 244 3052 Aususerat,
259 2989 363 3060 gessit,
380 3005 453 3044 caeso
470 2991 586 3045 rediens
602 2988 767 3054 uersuros,

61 3075 262 3150 Betbulieqne
276 3078 357 3133 sulus
373 3078 438 3134 urbi
455 3081 523 3133 data
539 3094 589 3149 per
604 3077 768 3143 mulierem,

938 2992 994 3047 Aut
1009 3007 1085 3046 onus
1101 2993 1153 3044 aut
1169 2990 1261 3062 l'rigus
1277 2989 1385 3045 misero
1401 2993 1498 3043 lamen
1513 2985 1765 3053 esttolerandurn,

903 3110 925 3178 G
944 3078 1001 3136 Sed
1017 3086 1151 3134 neutrum
1168 3078 1294 3150 pcrlerre
1308 3083 1412 3149 potest,
1428 3081 1458 3131 at
1472 3082 1595 3148 utroque
1605 3084 1763 3147 gravatur:
1863 3083 1883 3119 ι·

64 3167 169 3222 1608
182 3165 330 3224 Urbibusa
346 3167 467 3240 reliquis
479 3167 595 3238 pulsurn
607 3167 748 3222 deterruit
761 3164 886 3223 hostem.
945 3167 994 3223 list
1008 3166 1164 3238 utrobique
1176 3166 1267 3234 labor,
1283 3166 1399 3237 requies
1415 3164 1571 3235 utrobique
1587 3171 1722 3238 negatur.

63 3259 169 3311 Esther
183 3256 315 3329 reginam
331 3257 519 3313 commendat
533 3258 610 3312 tama
624 3254 770 3328 perennis,

63 3345 130 3410 Quas
145 3344 225 3401 velut
240 3363 314 3416 agne
329 3343 398 3417 lupo
413 3344 524 3400 crudeli
540 3350 631 3416 nupta
651 3349 776 3417 tyranno

63 3431 127 3489 Non
143 3432 253 3503 timuit,
268 3435 373 3506 eapitis
390 3433 571 3502 discrimine,
587 3433 677 3490 limen
694 3432 779 3498 inire,

63 3520 144 3586 Quod
154 3523 264 3596 [toan]
279 3524 647 3597 nonexibatqutsquienon
660 3519 885 3594 jussusinisset,

64 3609 266 3684 opposuitque
279 3630 364 3670 suam
380 3615 497 3686 propria
513 3630 563 3686 pro
578 3618 665 3686 geute
678 3610 814 3682 salutem,

62 3700 262 3773 Edictumque
278 3703 357 3761 necis
374 3702 472 3775 populi
488 3703 632 3759 convertit
646 3701 675 3758 iu
692 3701 801 3758 hostes.

65 3791 143 3847 Ruth
158 3796 240 3848 taceo
255 3809 319 3864 que
335 3792 398 3848 sola
413 3808 530 3849 socrum
547 3795 687 3848 comitata
697 3791 846 3863 pudicam,

65 3881 107 3935 nd
124 3881 221 3952 regale
236 3898 328 3952 genus
344 3883 452 3937 meruit
467 3882 671 3938 translundere
689 3882 813 3953 prolem,

64 3969 140 4026 Dum
158 3969 222 4025 lldei
239 3986 328 4025 causa
344 3971 468 4042 patriam
486 3970 559 4042 l'ugit
574 3975 661 4042 atque
677 3974 822 4042 parentes.

63 4060 122 4114 Aut
136 4059 191 4114 sub
209 4064 271 4132 tege
288 4077 361 4116 nova
377 4066 530 4132 postquam
548 4059 613 4117 laus
633 4059 810 4132 integritatis

65 4147 203 4219 l'irgineo
221 4156 304 4220 parta
324 4150 434 4205 oranda
450 4150 595 4206 celebrata
611 4149 735 4218 relulsil,

63 4236 335 4296 Innumerabilibus
352 4245 421 4296 suut
437 4247 568 4310 tempora
584 4239 671 4310 plena
686 4236 802 4309 puellis,

62 4327 130 4392 Quo
147 4327 213 4384 vitae
230 4328 338 4384 damna
355 4345 579 4401 corripensavere
592 4328 743 4398 pudorem,

941 3255 1090 3313 lnterdum
1107 3256 1206 3312 subita
1218 3261 1370 3328 correptus
1385 3252 1608 3319 lebre‘calesait,

940 3346 1044 3419 Frigus
1059 3344 1141 3401 adest
1156 3343 1334 3405 etenus.sed
1349 3360 1416 3400 eum
1433 3341 1513 3398 calor
1533 3343 1615 3415 angit
1629 3339 1761 3414 iniquus.

941 3435 1012 3492 lluio
1027 3434 1187 3506 caligantes
1202 3433 1303 3490 oeulos
1317 3435 1384 3503 tegit
1398 3432 1533 3506 improbe
1550 3432 1655 3504 nubes,

939 3523 976 3581 Ut
989 3525 1036 3582 vix
1050 3540 1197 3582 servarum
1213 3523 1306 3580 ualeat
1320 3523 1492 3595 dignoscere
1507 3521 1618 3591 vultus,
1685 3571 1687 3576 .

939 3619 997 3674 Aut
1011 3634 1129 3689 prorsus
1144 3615 1258 3689 patulas
1274 3614 1323 3671 lux
1336 3615 1446 3671 insidia
1461 3615 1571 3670 deserit
1584 3613 1681 3671 orbes.

939 3705 1084 3763 Excussae
1100 3705 1176 3763 alias
1191 3705 1310 3778 gemite
1326 3704 1423 3760 radice
1440 3702 1564 3760 molares

940 3794 1076 3851 intusum
1092 3796 1170 3852 nudo
1183 3793 1252 3852 dum
1269 3810 1374 3866 panem
1393 3803 1486 3850 versat
1502 3792 1530 3849 in
1547 3808 1609 3862 ore,

938 3887 973 3941 Bt
987 3886 1105 3941 sorbere
1121 3885 1225 3957 magis,
1239 3901 1327 3957 quam
1342 3883 1479 3941 mandere
1494 3881 1609 3954 cogitur
1623 3897 1718 3949 escas,

938 3974 1148 4046 Sustentatque
1163 3973 1259 4040 cibas,
1275 3974 1323 4029 sed
1340 3989 1398 4028 nan
1415 3971 1539 4028 delectat
1553 3972 1700 4038 edentem,

940 4063 1024 4121 Fallit
1039 4067 1066 4119 et
1082 4062 1224 4136 insipiens
1239 4062 1294 4136 (25)
1310 4067 1398 4134 gustu
1415 4066 1545 4133 torpente
1556 4060 1700 4132 palatum,

939 4154 1043 4210 1604
1058 4156 1120 4210 Vox
1134 4159 1281 4209 exarrnato
1293 4166 1408 4224 quaque
1424 4149 1605 4206 deformatur
1619 4151 1649 4203 in
1664 4160 1725 4216 are,

938 4242 975 4298 Et
989 4241 1089 4298 eollisa
1105 4241 1160 4297 levi
1176 4241 1303 4296 balbutit
1319 4240 1418 4310 lingua
1432 4236 1547 4294 labello.

939 4336 1014 4387 Sunt
1027 4331 1134 4402 quibus
1152 4330 1295 4386 abstruse
1306 4327 1351 4382 via
1362 4329 1420 4399 jam
1432 4325 1622 4399 praecluditur
1634 4321 1726 4389 auris,

62 4416 96 4473 Et
111 4417 383 4489 documentorum,
399 4419 514 4476 bostem
532 4417 709 4491 superanda,
727 4417 835 4472 dedere
941 4425 974 4476 Et
989 4419 1032 4476 vel
1049 4420 1180 4476 clamosa
1195 4417 1242 4473 vix
1258 4421 1381 4490 possunt
1396 4432 1464 4472 voce
1479 4415 1597 4471 moveri.

62 4507 143 4571 Quod
161 4510 269 4566 mentis
284 4509 376 4566 virtus
392 4511 543 4567 sltcedere
560 4509 658 4566 nescia
675 4507 778 4580 paenis.

62 4595 102 4653 De
119 4613 240 4656 numero
258 4615 383 4670 quarum
399 4601 511 4656 meritis
528 4617 585 4657 nan
597 4599 750 4656 interiores

62 4691 155 4758 Agna,
172 4686 269 4756 Fides,
285 4691 424 4759 agathes,
442 4690 543 4758 Lucia,
559 4699 587 4746 st
601 4688 724 4754 Caecilia,
744 4684 851 4743 Thecla

64 4777 186 4847 Egregia
201 4778 308 4834 virtute
324 4785 422 4834 truces
433 4779 527 4835 vicere
539 4784 689 4850 tyrannos.

64 4865 182 4921 Possem
199 4865 323 4939 gentiles
334 4867 423 4922 etium
441 4884 604 4923 memorare
618 4865 730 4938 puellas

64 4954 165 5009 Martis
176 4961 345 5027 contemptu
363 4957 503 5020 celebres,
519 4962 659 5028 castaque
676 4956 792 5028 pudore.

64 5045 214 5098 AEternam
230 5051 338 5099 meruit
350 5045 479 5102 moriens
495 5044 627 5102 Lucretia
642 5047 751 5101 lamam

63 5132 177 5188 Damna
194 5134 339 5205 pudicitia
356 5135 441 5191 celeri
460 5151 529 5190 trees
545 5141 649 5206 sponte
660 5140 771 5205 secuta,

62 5222 192 5277 Alcestes
207 5222 321 5279 decoris
337 5224 448 5297 rel'ugit
463 5225 534 5279 dum
549 5240 668 5280 eernere
682 5221 788 5289 lacem,

61 5313 143 5367 Hane
159 5319 257 5368 tamen
273 5318 301 5368 et
317 5320 481 5370 memorant
496 5315 571 5370 dura
585 5315 640 5370 aab
655 5314 823 5370 conditione

61 5400 124 5466 Qua
138 5409 226 5473 caput
241 5403 413 5462 alterutrum
426 5406 557 5462 crudelia
573 5408 632 5463 lata
647 5404 793 5478 petebant.

63 5489 221 5551 Mortesua
236 5493 324 5552 vitam
335 5499 413 5570 regis
428 5512 563 5555 servasse
577 5495 688 5554 mariti.

100 5633 252 5707 (Quane
267 5636 407 5713 mutuas
421 5659 432 5710 ,·
446 5656 473 5702 a.
487 5639 576 5699 sidua

902 4483 926 4550 D
941 4510 1140 4578 Quorumdam
1157 4524 1244 4563 nares
1257 4523 1346 4563 seusu
1362 4506 1514 4577 privantur
1528 4502 1638 4569 odaria,

945 4600 979 4657 llt
994 4598 1067 4655 nihil
1083 4615 1100 4654 a
1114 4614 1196 4655 caeno
1212 4597 1300 4654 distet
1317 4595 1477 4668 fragrantia
1492 4592 1598 4660 thuris,

943 4677 1765 4761 llosnequecontristataerebrum,neqaemulceatillud.
1828 4750 1833 4755 Π

943 4777 1000 4835 Sed
1012 4792 1105 4851 neque
1121 4782 1180 4832 tam
1191 4774 1286 4832 dulcis
1297 4776 1420 4830 senibus
1436 4789 1523 4846 sopor
1536 4770 1664 4844 explicat
1674 4774 1769 4840 artus,

943 4866 1002 4924 Nee
1018 4882 1049 4921 se
1065 4875 1121 4920 tam
1140 4862 1216 4920 lenis
1232 4863 1339 4920 uelutis
1354 4879 1445 4920 sonus
1461 4862 1582 4918 auribus
1598 4860 1697 4930 inlert,

943 4957 1006 5013 Nan
1022 4955 1063 5011 sic
1078 4953 1178 5010 estiva
1194 4952 1262 5009 lessi
1278 4953 1492 5009 recreanturab
1507 4968 1592 5020 aura,

943 5045 1002 5102 Nec
1017 5043 1143 5101 similem
1158 5049 1296 5114 prestant
1308 5047 1428 5114 potusve
1443 5042 1563 5097 cibusve
1579 5054 1725 5112 saporem.

942 5136 1036 5190 Turdo
1052 5140 1156 5189 conatu
1174 5138 1311 5204 suscepta
1327 5133 1444 5204 negotis
1459 5136 1595 5197 tractant,

943 5225 976 5281 El
991 5225 1106 5298 quoties
1121 5240 1195 5296 opus
1211 5228 1265 5291 est,
1280 5221 1358 5278 leuto
1374 5238 1508 5279 sermone
1525 5222 1671 5294 perorant.

943 5317 974 5373 ln
992 5320 1135 5387 questum
1150 5313 1250 5384 cupidi
1263 5313 1386 5386 quaesita
1401 5313 1543 5369 tenaciter
1553 5311 1677 5375 abdunt,

943 5406 978 5463 m
991 5422 1026 5462 ne
1040 5404 1178 5461 deficiant
1194 5408 1330 5459 metuunt
1345 5403 1539 5476 presentibus
1555 5398 1610 5466 uti,

943 5494 1167 5569 Cumquequad
1176 5494 1223 5554 his
1235 5494 1300 5552 vite
1310 5499 1456 5567 superest,
1468 5489 1648 5566 paucissima
1655 5490 1768 5560 poseat,
1868 5492 1871 5499 ’
