3802 6030
90 253 172 318 18⁸5

89 387 144 446 ille
158 383 344 446 confirmabit
358 385 386 439 et
398 379 545 454 justitium
562 380 719 451 solidabit;

133 476 225 534 Noxia
239 471 379 540 mutabit,
394 475 423 527 et
437 471 514 528 bons
529 476 637 529 cuncta
651 470 743 528 dabit.

95 566 131 625 st
145 563 216 638 quia
229 558 377 632 regnabit,
393 558 472 616 mala
488 560 626 632 qualibet
640 559 707 616 iude
723 556 838 632 iugabit

129 652 315 724 Florebitqua
328 649 377 723 pia
387 665 459 721 pace
469 651 527 707 sub
542 650 597 707 boc
613 649 712 723 Lybia.

398 741 535 800 CANTtiS
554 741 617 798 Vll.

93 834 221 902 Dixerat,
237 837 267 890 st
281 832 393 892 multus
408 834 542 906 sequitur
566 849 619 890 sua
645 830 736 889 verba
761 831 922 890 tumultus:

131 923 468 999 applauduutjuvenes,
484 939 537 979 nee
551 926 666 979 neuere
682 936 777 978 senes.

96 1015 169 1074 llsse
185 1014 241 1072 sibi
258 1013 342 1072 iacile
355 1017 441 1088 putet
453 1013 509 1070 hau
525 1013 615 1069 robur
625 1011 766 1084 iuvenile,

131 1104 188 1163 Sed
204 1104 324 1178 loegum
339 1104 455 1162 aenium
469 1102 516 1159 cui
531 1102 613 1160 dedit
627 1101 788 1176 ingenium,

97 1195 220 1253 Dicebat
234 1208 332 1250 secum
346 1209 353 1248 ε
372 1192 487 1249 llstura
501 1191 623 1249 scientia
638 1207 765 1260 mecum,

131 1285 167 1341 lit
180 1283 275 1340 virtus
285 1283 429 1354 juvenum
444 1281 573 1337 vincitur
587 1283 648 1337 arte
663 1294 777 1337 sanum.

94 1376 151 1431 cur
165 1387 218 1445 ego
233 1370 378 1442 desperet
392 1369 452 1427 Cur
466 1386 524 1427 non
539 1385 663 1444 regnum
680 1369 751 1426 mihi
767 1369 888 1443 querci

130 1461 161 1518 si
176 1464 254 1518 vetat
264 1460 320 1517 hoa
334 1459 463 1528 senium,
478 1458 602 1516 suadeat
615 1458 779 1532 ingenium.

96 1558 152 1609 Ars
167 1549 371 1624 compensabit
384 1548 462 1623 quod
477 1548 523 1606 via
535 1547 609 1604 nrlhi
625 1564 714 1621 parva
730 1546 868 1621 negabit;

131 1641 207 1699 Dum
223 1639 367 1714 quidquid
377 1638 464 1705 lacis,
476 1642 556 1696 certa
569 1643 649 1709 reget
658 1636 742 1696 rotie.

98 1733 144 1791 sio
158 1747 261 1789 omnes
277 1745 411 1804 proceres
426 1745 548 1801 ragnum
564 1744 682 1802 sperare
701 1728 832 1786 rideres:

131 1819 168 1877 Vi
183 1820 300 1894 propria
310 1819 446 1890 juvenes,
461 1816 621 1874 calliditate
636 1832 732 1874 senes.

31 1910 35 1915 ’
96 1910 164 1970 lam
180 1908 260 1982 regio
272 1912 334 1965 tota
348 1905 596 1965 tantalormidina
613 1909 703 1975 mota,

137 2000 208 2057 Para
225 2002 361 2055 metuens
374 1997 487 2071 fugitet,
503 2011 608 2069 magna
623 2011 730 2068 pavens
745 1995 851 2053 latitat.

98 2088 154 2148 sed
169 2087 219 2162 qui
234 2087 384 2162 ingerunt,
401 2087 441 2143 ita
456 2090 630 2143 conventum
647 2085 813 2154 subierunt,

134 2178 171 2237 Ut
182 2178 240 2235 sibi
253 2176 411 2235 concilium
424 2175 556 2233 conterat
570 2173 723 2232 auxilium.

95 2268 227 2341 Esaeque
241 2266 389 2334 dicebant,
406 2280 457 2339 pro
472 2280 528 2336 quo
539 2264 645 2337 trepidi
662 2263 823 2338 fugiebant,

130 2360 293 2414 Monstrum
309 2355 451 2425 terribile,
466 2369 537 2426 pane
553 2354 619 2412 bovi
635 2353 743 2410 simile.

97 2446 152 2512 Oui
167 2446 261 2519 parcit
272 2444 357 2516 nulli,
373 2443 420 2500 vix
435 2443 528 2499 turbe
544 2443 659 2502 caderet
673 2442 738 2509 ulli,

132 2535 252 2607 Ouaque
268 2533 384 2607 fugiens
400 2538 508 2601 rueret,
524 2532 622 2588 omnia
637 2531 812 2588 destrueret.

97 2623 139 2681 ad
153 2624 230 2695 quod
244 2626 404 2680 conventus
421 2626 503 2691 pavet
517 2621 625 2688 omnis,
645 2626 674 2677 et
694 2620 760 2693 ipsa
783 2621 924 2691 juventus

132 2714 298 2769 Monstrum
314 2708 475 2782 pertimuit,
492 2713 582 2780 atque
598 2724 706 2781 parens
721 2709 855 2766 tremuit.

97 2801 180 2859 Tunc
191 2798 286 2872 magis
296 2798 429 2855 bortatur
444 2797 568 2870 quodad
583 2798 639 2856 hoo
648 2802 812 2855 monstrum
825 2798 925 2856 venia·

136 2981 230 3053 lltque
244 2994 350 3052 magua
364 2977 463 3038 voluit,
483 2976 567 3034 obvia
582 2978 667 3035 turbu
679 2978 744 3034 ruit.
801 2889 871 2961 [iub

586 249 676 312 vuit.
700 246 936 311 sinuessam
958 248 1169 311 CINOMAN.
1193 247 1316 312 EPlSG.

931 386 956 456 A
971 382 1066 456 Atque
1080 380 1160 441 velut
1174 386 1253 439 certo
1268 381 1406 441 eruderat
1420 379 1451 436 ln
1466 379 1551 436 haste
1565 377 1696 452 reperto,

1724 241 1800 305 1350

1012 471 1086 529 Huic
1099 472 1193 529 inhiat
1205 472 1261 528 soli
1275 473 1367 528 torma
1381 479 1501 528 eruenta
1515 467 1584 526 doli.

977 565 1039 631 Quo
1053 562 1117 620 viso
1130 564 1247 635 juvenis
1261 562 1340 619 velut
1354 579 1430 618 aurae
1447 560 1564 617 [lamina
1579 555 1655 615 lenia

1012 655 1173 710 Percussus
1190 654 1297 719 rubuit,
1314 669 1367 708 nee
1382 658 1478 708 tamen
1494 647 1640 717 extimuit,

977 742 1031 810 Qui
1048 743 1182 815 quamuis
1195 747 1293 798 nosset
1308 757 1386 815 quoe
1401 756 1459 795 non
1474 739 1595 796 evadere
1611 738 1724 809 posset,

1012 831 1048 889 Ni
1058 831 1146 889 citius
1160 833 1279 906 lugeret,
1292 837 1321 887 et
1336 830 1393 888 sabi
1405 828 1581 896 consuleret,

976 921 1144 995 Intrepidus
1160 926 1268 978 restat:
1284 926 1398 976 tanturn
1413 920 1508 975 virtus
1523 916 1580 975 sibi
1596 917 1725 988 praestat,

1013 1010 1049 1068 Ut
1064 1011 1148 1068 malit
1162 1012 1273 1080 cadere,
1290 1027 1378 1083 quam
1394 1009 1497 1064 timide
1512 1009 1623 1079 lugere.

976 1101 1075 1157 Armis
1087 1116 1155 1174 ergo
1170 1117 1284 1166 oureus,
1300 1099 1391 1155 animi
1407 1098 1457 1155 sed
1474 1097 1577 1154 robore
1591 1094 1720 1165 clarens,

1012 1189 1079 1255 Oua
1095 1196 1200 1247 natura
1215 1190 1305 1258 dedit,
1321 1189 1406 1245 latua
1420 1187 1457 1244 sd
1471 1202 1555 1243 arma
1570 1185 1656 1243 redit.

978 1279 1112 1354 Bellaque
1127 1279 1169 1337 sic
1183 1283 1292 1351 captat,
1308 1279 1344 1335 ad
1363 1293 1497 1351 quassus
1514 1275 1647 1333 membra
1660 1274 1775 1349 coaptat

1012 1369 1118 1426 Dextra
1132 1369 1329 1442 fuitggladius,
1345 1366 1416 1424 leva
1432 1382 1539 1424 manua
1554 1363 1687 1437 clypeus.

976 1458 1017 1516 En
1034 1459 1202 1528 ultarsava,
1219 1459 1299 1516 nuda
1312 1459 1377 1516 sina
1390 1456 1521 1531 tegmine
1538 1455 1611 1513 leva

1011 1549 1114 1615 Qualia
1140 1547 1295 1618 sustinuit,
1310 1547 1406 1620 qualia
1433 1563 1492 1605 non
1507 1544 1618 1603 timuit.

976 1637 1051 1695 Ense
1062 1655 1164 1695 carens
1179 1640 1285 1710 stabat,
1300 1653 1353 1694 neo
1368 1636 1489 1694 inermis
1503 1636 1598 1692 adbuo
1626 1631 1786 1692 dubitabat.

938 1760 962 1826 B
1012 1729 1034 1786 0
1050 1728 1123 1785 mira
1134 1728 1244 1785 mirum
1258 1729 1433 1784 strenuitate
1448 1724 1566 1783 viruml

980 1820 1072 1885 Quem
1087 1819 1133 1875 vix
1148 1817 1234 1875 laude
1249 1819 1311 1889 pari
1327 1833 1391 1874 rcur
1405 1834 1533 1890 unquam
1550 1832 1639 1890 posse
1653 1812 1758 1884 accan,

1016 1907 1069 1964 Cui
1085 1924 1163 1965 mors
1178 1913 1260 1982 gruta
1275 1909 1331 1964 luit
1345 1910 1438 1964 rivere
1454 1908 1523 1963 dum
1539 1906 1642 1979 potuit

980 1998 1082 2054 Muluit
1095 2014 1163 2071 ergo
1177 1998 1250 2055 muri
1266 2014 1355 2070 quarn
1368 1996 1561 2055 succubuisse
1576 1993 1689 2066 timori,

1017 2087 1072 2144 Sed
1087 2088 1196 2161 gaudet
1211 2087 1317 2160 populo
1331 2086 1373 2144 sie
1387 2086 1451 2143 deri
1465 2083 1584 2159 speculo
1611 2084 1669 2158 [seu
1687 2086 1794 2158 specta·

1679 2173 1765 2250 [culo.

980 2267 1062 2323 Tunc
1078 2267 1138 2323 lara
1152 2266 1269 2324 letbulis
1283 2271 1423 2340 tanquam
1439 2281 1559 2323 cursum
1579 2265 1667 2337 juvat
1681 2263 1735 2322 alis

1017 2355 1046 2412 ln
1059 2357 1197 2428 juvenem
1214 2358 1407 2430 rapiturque
1424 2357 1515 2412 miser
1529 2354 1720 2427 opprimitur,

981 2445 1016 2502 lit
1031 2445 1120 2502 citius
1135 2446 1214 2501 dictu
1230 2445 1332 2502 lethali
1348 2445 1476 2501 concidit
1489 2445 1560 2501 ictu.

1016 2533 1053 2591 Ut
1068 2539 1171 2590 taurus
1185 2534 1258 2591 vidit
1271 2535 1348 2606 qued
1361 2534 1480 2607 juvenis
1495 2532 1610 2600 cecidit,

980 2624 1062 2681 'l'ouc
1078 2625 1117 2679 ita
1131 2624 1211 2680 savit
1233 2622 1263 2680 in
1282 2624 1358 2680 bunc
1375 2624 1461 2697 quusi
1475 2623 1552 2680 victo
1568 2622 1697 2680 dicarat:
1726 2635 1795 2680 nnnc

1017 2719 1050 2770 Et
1065 2729 1112 2769 me
1127 2713 1172 2768 lac
1188 2714 1277 2770 scribi
1291 2713 1485 2770 succubuisse
1501 2711 1573 2780 tibi;

982 2802 1028 2858 Sic
1040 2802 1148 2874 potiere
1162 2817 1222 2858 meo
1239 2803 1406 2875 persecuta
1421 2801 1506 2871 longa
1520 2799 1663 2873 trophaeo.

1017 2891 1070 2946 Sed
1085 2890 1204 2962 juvenis
1218 2892 1279 2948 vita
1290 2891 1471 2965 despoliatus
1486 2889 1526 2945 ita

982 2979 1058 3037 Proh
1074 2979 1174 3036 dolor!
1193 2982 1316 3053 expirat,
1333 2997 1421 3053 quem
1436 2978 1532 3036 bellua
1551 2978 1683 3052 pessima
1708 2982 1797 3052 gyrat,

99 3072 167 3138 Qua
183 3069 285 3144 procul
301 3071 449 3144 ingentem
465 3084 589 3125 cernens
616 3073 734 3125 taurum
761 3068 926 3127 venientem
1017 3069 1065 3128 sic
1079 3069 1182 3125 ludens
1198 3070 1228 3125 in
1244 3086 1278 3125 eo
1294 3071 1371 3126 sicut
1383 3069 1412 3125 in
1432 3070 1511 3126 hosts
1527 3069 1559 3143 [t.
1572 3068 1635 3142 ove]
1651 3069 1705 3125 leo.

135 3159 266 3227 Horruit,
282 3157 379 3216 eximii
395 3174 446 3231 spe
462 3162 561 3215 tamen
576 3157 693 3230 imperii

51 3294 54 3301 .
104 3246 188 3309 lllum
205 3248 256 3323 qui
270 3251 411 3322 captatae
425 3251 520 3306 tolum
537 3245 661 3321 quilibet
671 3250 761 3320 optut.

137 3337 208 3394 Cum
222 3341 285 3409 jam
302 3335 478 3411 magnificus
493 3343 596 3393 taurus
606 3338 635 3392 et
649 3335 804 3392 horrificus

106 3431 169 3487 etat
183 3428 309 3495 medius,
325 3427 397 3484 miro
413 3426 614 3483 circumdatus
630 3425 761 3496 undique
776 3443 857 3500 gyro.

101 3518 204 3576 12βῖ
221 3518 276 3575 Ast
289 3516 339 3573 ubl
354 3516 440 3572 turba
454 3514 545 3586 stetit,
560 3513 619 3571 ista
635 3530 738 3584 magus
754 3516 876 3588 repetit:

104 3606 156 3664 liis
170 3623 220 3663 rex
235 3621 300 3663 esse
314 3604 365 3677 qul
377 3605 431 3677 vis,
447 3603 534 3659 modo
550 3610 662 3676 sceptra
677 3619 808 3675 capesse,

141 3695 301 3767 Imperium
316 3693 399 3749 dotes
414 3706 481 3748 ecce
492 3695 591 3748 tenere
606 3695 698 3764 petes.

103 3783 158 3848 Qui
170 3784 255 3855 Jugat
269 3782 348 3839 huuc
364 3785 495 3849 taurum,
511 3780 607 3851 cupiat
627 3797 672 3838 me
682 3781 783 3854 judice
800 3782 929 3851 lucrum,

137 3871 364 3945 Atquejubents
381 3871 448 3937 beo,
463 3873 542 3928 terra
555 3870 595 3927 sit
609 3870 670 3927 bec
689 3872 745 3928 sub
760 3888 804 3930 eu.

102 3961 231 4019 Vocibus
246 3960 292 4017 hia
307 3960 427 4034 plausus
442 3960 537 4029 datur,
552 3966 581 4016 et
596 3960 696 4017 nullus
715 3965 812 4019 tamen
838 3981 929 4022 ausus

139 4049 332 4123 ltppropriara
347 4049 413 4120 ruit,
428 4048 556 4122 quisque
570 4047 627 4106 sibi
642 4048 753 4108 timuit.

103 4142 158 4200 Sed
176 4149 278 4198 taurus
293 4139 400 4209 stabat,
416 4139 446 4195 in
463 4155 554 4213 seque
568 4141 697 4197 tremens
711 4140 864 4199 dubitabat

137 4234 212 4302 Quid
228 4234 327 4308 polius
343 4234 461 4304 iaceret,
476 4249 534 4308 quo
549 4232 632 4306 prius
648 4232 810 4306 impeteret.

100 4329 174 4383 Nam
191 4324 251 4382 lure
266 4323 404 4382 credebat
418 4322 518 4380 hostes
531 4339 723 4395 quoscunque
737 4322 854 4381 videbat
866 4342 873 4394 ;

136 4417 215 4483 Quos
229 4413 472 4486 circumspiciens
486 4413 565 4470 cedit
580 4413 608 4468 in
625 4412 671 4468 bis
686 4412 801 4484 sitiens,

101 4507 133 4564 ln
148 4520 181 4561 se
195 4503 364 4572 bacchatur,
380 4509 408 4559 et
423 4502 453 4558 in
470 4502 569 4559 orbem
585 4517 663 4574 sepe
676 4507 797 4559 rotatur.

136 4593 330 4652 subuenire
345 4591 464 4661 dubius,
481 4608 540 4664 quo
556 4595 623 4647 rust
635 4592 698 4663 ipse
714 4591 808 4664 prius.

396 4680 534 4738 CANTUS
554 4678 630 4737 Vlll.

100 4771 154 4831 Ilio
170 4773 247 4845 quod
262 4770 419 4830 dicendum
434 4786 501 4827 reor
516 4769 639 4826 minime
654 4769 847 4830 reticendum.

136 4864 282 4922 Strenuus
295 4860 413 4917 etlrenls
429 4857 556 4931 prosiliit
566 4859 694 4929 iuvenis.

100 4951 153 5009 llic
168 4952 209 5009 uit
222 4950 259 5007 ad
276 4955 395 5006 taurum
407 4961 415 5001 a
429 4945 490 5001 Nisi
519 4947 613 5002 victus
629 4947 681 5003 des
697 4946 769 5003 mibi
796 4946 927 5038 laurum,

136 5038 279 5099 Nobiliter
294 5036 413 5104 murier,
429 5034 575 5107 laudeque
590 5036 632 5092 sie
646 5036 752 5107 potiar.

99 5130 140 5188 'l'e
156 5128 277 5185 feriente
293 5123 368 5182 mori
383 5138 491 5195 magno
503 5123 575 5180 nribi
592 5125 641 5179 det
655 5124 772 5195 honori,

137 5216 195 5275 lieo
209 5214 263 5274 tibi
280 5213 345 5270 laus
361 5211 474 5279 ieritas,
490 5212 631 5276 sedmibi
645 5213 818 5275 strenuitas.

101 5306 172 5366 lade
186 5321 239 5379 per
252 5302 405 5377 obliquum
421 5302 530 5359 rudens
542 5309 574 5359 ut
588 5301 669 5361 leliat
685 5301 836 5377 iniquum,

135 5395 190 5455 Per
204 5410 295 5452 cornu
311 5408 433 5466 propera
447 5395 542 5449 tentat
556 5407 623 5448 eum
639 5405 751 5463 rapere.

100 5484 136 5544 lit
151 5491 219 5558 puto
234 5482 371 5556 cepisset,
387 5481 444 5540 nisi
459 5480 556 5540 bailus
567 5483 654 5535 caute
667 5478 786 5552 luisset,';

135 5575 203 5641 oua
216 5573 287 5632 dum
303 5576 389 5647 rapta
403 5572 470 5641 luit,
486 5567 571 5628 obvia
583 5567 669 5624 turba
680 5566 750 5627 rult.

983 3160 1025 3218 Ad
1042 3161 1126 3216 varie
1141 3166 1243 3232 gentas
1257 3158 1393 3216 dicebant
1407 3159 1465 3215 ista
1479 3157 1610 3216 ridentes
1627 3174 1635 3215 :

1019 3250 1104 3307 Venit
1120 3266 1219 3306 revera
1233 3250 1348 3306 coelitus
1362 3249 1419 3305 ista
1436 3252 1507 3315 iera,

982 3339 1111 3413 iuraque
1124 3338 1257 3411 regnabit
1272 3337 1350 3394 illam
1368 3338 1535 3412 quicunque
1560 3335 1686 3409 jugabit.

1018 3430 1071 3485 Sed
1084 3429 1218 3500 juvenem
1232 3429 1366 3484 miserem
1379 3429 1442 3501 jam
1459 3426 1573 3500 penitus
1587 3425 1718 3483 lacerum

981 3518 1096 3575 Taurus
1112 3522 1144 3573 ut
1155 3518 1268 3589 aspexit
1283 3534 1334 3589 par
1348 3518 1456 3574 circum
1468 3533 1579 3573 cornua
1594 3515 1686 3584 llexil,

1019 3611 1113 3679 Atque
1127 3623 1197 3663 auos
1210 3607 1343 3679 geminos
1355 3609 1426 3663 torte
1442 3607 1519 3662 videt
1535 3606 1689 3673 dominos,

983 3697 1102 3770 Ouaque
1117 3697 1173 3752 sibi
1190 3703 1274 3752 notos
1285 3698 1363 3753 ridel
1376 3695 1441 3752 illos
1454 3702 1532 3752 stare
1547 3706 1687 3761 remotos,

1018 3786 1075 3842 Hac
1091 3787 1162 3842 abiit
1178 3803 1310 3859 propere,
1326 3787 1377 3843 sed
1395 3785 1521 3858 populus
1535 3785 1634 3855 lugere

982 3877 1071 3949 Cepit
1083 3877 1121 3932 ab
1137 3877 1190 3932 hac
1207 3884 1296 3948 parte,
1314 3877 1426 3948 magica
1442 3874 1518 3931 male
1531 3873 1615 3929 lusus
1629 3873 1668 3928 ab
1682 3875 1754 3939 arte,

1018 3974 1089 4023 Cum
1106 3984 1173 4024 mcx
1187 3968 1378 4025 Mammutius
1393 3967 1443 4022 ille
1458 3965 1535 4039 ruagi
1551 3964 1650 4021 socius

983 4055 1027 4112 Nil
1045 4057 1180 4129 patiendo
1197 4062 1292 4112 metus
1310 4057 1440 4129 precedit
1454 4057 1490 4111 ab
1506 4055 1624 4127 agmine
1639 4053 1737 4121 letus,

1018 4147 1171 4218 Egreditur
1186 4146 1278 4214 solus,
1297 4147 1388 4212 lraus,
1405 4147 1513 4208 scelus,
1530 4146 1537 4197 i
1543 4159 1594 4217 pse
1610 4141 1710 4209 dulus,

982 4235 1172 4307 Perlidiaeque
1187 4236 1294 4292 seclus.
1310 4239 1417 4292 Aderat
1427 4237 1490 4306 jam
1507 4242 1611 4289 taurus
1625 4230 1762 4301 anbelus,

1018 4325 1051 4380 Et
1066 4325 1122 4380 sibi
1144 4326 1281 4395 prolatas,
1297 4341 1373 4395 sepe
1388 4325 1437 4380 sed
1452 4328 1519 4379 ants
1533 4323 1618 4378 datas

981 4413 1036 4470 Ore
1052 4428 1157 4468 manus
1168 4412 1496 4484 lambit,durninumque
1508 4408 1693 4484 frequentius
1705 4407 1804 4475 ambit,

943 4473 1086 4560 ”1288
1100 4501 1191 4566 Quem
1207 4502 1285 4557 sicut
1299 4502 1389 4558 voluit
1404 4501 1591 4559 blaburnetus
1606 4499 1712 4556 tenuit.

982 4593 1114 4650 Callidus
1126 4607 1194 4665 ergo
1206 4593 1310 4664 jugum
1326 4593 1410 4664 jubet
1422 4590 1518 4647 alierri
1534 4589 1589 4646 sibi
1604 4589 1726 4660 durum,

1017 4681 1213 4754 Oblatumque
1228 4682 1293 4746 luit,
1310 4683 1386 4754 quod
1403 4680 1485 4736 vebis
1500 4680 1645 4750 imposuit

983 4771 1081 4827 Victor
1093 4771 1195 4828 cervici
1209 4789 1216 4838 3
1233 4778 1337 4827 taurus
1354 4771 1496 4844 patienter
1511 4769 1598 4825 amici

1016 4860 1140 4917 ‘lactum
1154 4859 1306 4927 sustinuit,
1323 4876 1410 4933 quarn
1427 4858 1579 4915 dominum
1596 4857 1708 4913 timuit.

984 4951 1057 5007 lium
1074 4949 1115 5005 sic
1131 4949 1320 5005 llammutiua
1336 4950 1478 5006 feritatem
1496 4949 1614 5020 mitigat
1636 4947 1741 5019 hujus,

1018 5038 1170 5094 Accedunt
1184 5038 1289 5109 trepidi
1306 5055 1371 5095 mox
1382 5054 1516 5108 proceres
1531 5036 1641 5110 stupidi
1656 5053 1665 5105 ς

982 5129 1156 5201 Scriptaque
1171 5128 1436 5201 legerunt,prepter
1450 5145 1515 5200 qua
1532 5125 1599 5199 plus
1614 5128 1809 5199 stupuerunt,

1019 5217 1118 5291 Signis
1134 5234 1261 5291 namque
1277 5219 1359 5275 novis
1375 5221 1456 5275 trous
1471 5216 1588 5273 titulata
1601 5216 1687 5272 bovis

983 5313 1061 5366 Auro
1077 5307 1216 5380 fulgebat,
1233 5325 1410 5378 carmenque
1420 5325 1527 5365 novum
1544 5307 1714 5365 retinebatt

1019 5400 1113 5465 Quod,
1129 5399 1180 5468 qui
1195 5398 1339 5464 viderunt,
1357 5397 1414 5454 tsle
1430 5397 1521 5455 luisse
1536 5398 1656 5457 lerunt:

983 5489 1068 5546 Hune
1081 5487 1159 5544 Deus
1173 5487 1271 5560 elegit,
1286 5487 1333 5543 cui
1347 5502 1393 5543 me
1407 5486 1516 5543 servire
1531 5486 1637 5562 coegst.

1019 5577 1066 5634 Sia
1081 5592 1135 5649 ago
1152 5574 1263 5635 mimus
1278 5575 1305 5634 ai
1320 5591 1385 5635 sum
1398 5574 1506 5650 pietate
1518 5575 1572 5635 nsi
