3802 6030
150 161 207 223 10³

640 152 730 212 VEN.
754 142 995 210 utebamini!
1017 142 1219 212 OENthbN.
1245 151 1368 214 sulse.

1794 156 1852 218 ibt

139 290 263 357 sciplina,
289 302 323 341 ne
348 286 452 338 illorum
479 284 596 346 incuria,
627 284 669 334 rol
703 281 876 346 procacitate,
908 290 970 328 con·
986 285 1013 354 Α
1028 279 1142 333 siastics.
1166 280 1324 348 Exemplum
1349 280 1402 334 ridi
1434 278 1464 332 in
1488 281 1652 336 chartulario
1679 283 1857 341 Prnlllaecnsl

140 369 260 428 temptas
287 362 323 412 ihi
355 358 440 425 possit
466 359 603 422 pullulare,
633 361 680 405 aut
707 352 874 404 scandalum.
902 368 915 395 s
943 347 971 399 Si

141 448 205 485 sero
233 433 352 483 severior
383 431 509 481 coercitio
540 425 662 479 omnium
696 427 807 475 auribus
846 424 873 472 et
909 433 972 501 con·

143 503 262 557 scientiis
293 502 447 566 evulganda
473 505 551 557 esset,
585 495 741 548 cancellarii
783 499 810 546 et
850 492 971 556 magistri

144 576 297 626 aeliotarum
322 573 458 636 praeconio
483 568 695 629 innotescebat3
719 566 790 632 quod
816 564 881 614 satis
904 562 972 613 iadi-

146 651 210 697 napi
234 646 275 696 vet
301 646 358 694 [ηερ
384 642 492 691 stolonis
519 640 675 690 parisiensis
701 638 830 703 episcopi,
865 649 924 700 cap.
956 641 973 692 9

115 741 117 747 ·
144 718 371 771 Constitutionuni
387 713 451 763 nuni
476 713 554 764 ilos:
573 730 585 757 ι
604 713 680 773 Quod
704 712 725 761 si
741 710 811 760 lori.
832 722 886 758 non
911 720 973 756 rea·

142 792 206 849 liter
226 788 384 852 resipiscere
412 785 556 843 soluerint,
579 793 678 835 extunc
704 796 753 846 per
773 779 971 836 cancellarium,

145 863 192 926 qui
216 875 265 925 pro
293 865 412 922 tempora
438 857 526 916 inerit,
563 854 786 907 excommunicati
810 852 972 903 denuntian-

147 937 199 983 tur.
216 952 228 977 i
254 931 318 990 Qua
346 943 392 994 per
416 942 513 978 manus
536 927 634 979 tra-iiia
660 925 809 989 disciplina,
842 938 858 975 a
880 923 973 987 primis

147 1003 274 1053 Ecclesia
298 1002 464 1065 temporibus
483 1002 509 1049 in
526 1014 557 1048 ea
576 1012 660 1064 usqne
671 998 830 1061 perdurasse
846 996 971 1045 videtur:

146 1075 213 1126 nihil
245 1074 318 1124 enim
346 1072 418 1122 aliud
435 1069 590 1134 ἀποκήρυξις,
606 1073 638 1121 de
653 1083 708 1134 qua
731 1068 862 1120 Eusebius
884 1067 931 1117 lib.
955 1079 973 1114 v

147 1147 272 1198 Historia
298 1144 404 1201 eccles..
437 1157 497 1207 cap.
521 1144 562 1203 25,
587 1156 641 1207 quo
671 1142 722 1191 loci
747 1138 840 1191 Victor
864 1136 972 1202 publice

147 1219 284 1283 praeonio
308 1216 447 1266 abdicatos
482 1220 509 1266 et
530 1216 634 1265 alienos
669 1227 685 1262 a
710 1211 901 1263 communione
925 1222 974 1259 sua

147 1290 265 1343 Orientis
285 1289 426 1352 episcopos
455 1287 605 1337 declarasse
633 1284 753 1334 dicitur:
783 1282 973 1342 Ἀ-ιοινωνήτιυς

145 1361 224 1427 ἄρδην
246 1360 337 1415 πάντας
362 1360 418 1414 τοὺς
449 1357 527 1410 ἐκεῖσε
557 1356 734 1421 ἀνακηρύττων
777 1353 909 1418 diriperis.
942 1352 975 1402 Ul

146 1440 174 1485 at
202 1434 249 1483 tib.
277 1446 313 1486 vt,
330 1445 387 1493 cup.
406 1431 579 1480 deNovulu:
610 1431 656 1478 Καὶ
682 1430 716 1492 τῷ
748 1429 841 1492 χρῆναι
869 1423 974 1487 ευλόγως

144 1506 189 1564 τῆς
202 1502 333 1563 minitas<
347 1500 493 1562 Ἐκιιλησὶας
521 1500 670 1566 ὶκιήρυττον
692 1498 839 1560 ποιήσασθαι
865 1495 908 1545 τὸν
930 1497 973 1556 τῆς

151 1574 266 1641 αἱρέσεως
295 1572 417 1640 ἀρχηγόν.
442 1575 473 1623 Et
501 1575 597 1622 meiito
625 1573 744 1622 curionis
774 1585 838 1620 soce
870 1570 972 1619 austeri

145 1647 217 1697 illins
246 1647 380 1696 haereseos
403 1644 521 1694 Ecclesia
545 1642 897 1694 catholicointerdiceretur.
916 1639 1010 1712 QnoB

146 1717 258 1769 tortasse
280 1721 404 1780 spectant
426 1730 487 1781 quie
510 1716 644 1764 habentur
668 1716 694 1763 in
722 1714 857 1779 encyclica
884 1712 971 1775 l‘igilii

147 1801 245 1854 papa:
261 1787 400 1851 «Ecqua
422 1789 503 1838 serbo
525 1789 558 1837 de
587 1791 733 1836 memorata
758 1785 972 1835 excommunica-

147 1862 220 1912 tione
260 1862 364 1910 ennetis
395 1857 696 1922 Constantinopolitanae
742 1857 867 1906 Ecclesia
907 1869 972 1904 soce

150 1932 457 1997 publicadixsramns.s
473 1930 548 1989 Quod
573 1928 680 1979 ridetur
709 1931 853 1979 exsecutus
881 1926 972 1976 Eccle-

147 2003 195 2056 sia
227 2006 352 2054 ltomana
386 2002 571 2053 cancellarius.
604 2001 633 2050 ld
662 2014 769 2065 quoqne
795 2001 821 2050 in
865 1997 972 2048 Oriente

147 2075 297 2128 obtinuisse
313 2073 434 2140 conjecto
450 2089 480 2123 ex
496 2072 677 2135 hletaphrsste
692 2071 719 2121 in
732 2073 824 2123 Alexio
841 2086 848 2124 ε
864 2091 876 2116 ι
892 2071 971 2121 Char·

147 2155 204 2199 tani
224 2149 289 2211 ipsis
302 2147 422 2207 tradidit,
445 2158 524 2210 quam
549 2145 628 2195 Aetio
653 2151 829 2195 sacrosancta
846 2143 972 2194 Ecclesia

149 2219 311 2271 cancellario
342 2218 482 2281 legendam
512 2218 653 2267 dederuut.
684 2236 697 2262 a
732 2216 833 2267 Tettius
863 2215 972 2280 quidem

147 2291 256 2341 Gratius
271 2290 456 2347 desideraturi
476 2291 521 2339 sed
548 2290 691 2353 interpres,
709 2290 736 2338 ni
764 2289 850 2350 latter,
881 2302 971 2338 rocem

147 2361 339 2427 καγιιλλίριος,
368 2362 466 2411 Graecis
490 2358 611 2410 barbaris
634 2375 687 2410 non
703 2359 831 2420 ignotam,
850 2360 971 2410 retinnit.

148 2435 335 2498 Suspicionem
361 2438 442 2495 anget
467 2431 538 2495 qnod
564 2431 662 2495 passim
691 2433 802 2494 legimus
833 2432 860 2481 iu
898 2432 972 2481 Actis

148 2505 336 2561 conciliarum,
376 2502 559 2567 primicerium
594 2506 758 2554 notariorum
801 2501 971 2568 patriarchiis,

148 2577 177 2626 in
198 2576 276 2640 eujus
300 2573 402 2625 ditione
425 2588 501 2624 sacer
521 2579 670 2624 corruentes
693 2576 873 2625 celebraretur
897 2574 973 2639 (qni

147 2661 203 2699 nen
220 2646 369 2697 estsliuss
398 2644 570 2708 cancellario)
596 2644 723 2697 babuisse
749 2660 840 2697 secum
866 2647 973 2696 chartas

147 2734 241 2772 ouines
264 2724 291 2770 st
312 2722 488 2769 monumenta
507 2719 634 2779 coneilii;
657 2723 684 2769 et
708 2719 730 2768 sl
757 2733 818 2784 qna
841 2719 973 2770 monenda

146 2791 318 2857 alleganda,
343 2791 420 2855 quasi
455 2803 508 2840 una
545 2792 666 2841 omnium
702 2805 767 2842 roco
807 2794 970 2842 enuntiasse.

147 2864 215 2923 Ouid
238 2878 309 2913 enim
343 2861 455 2927 spissius
480 2863 596 2912 occurrit
617 2863 644 2911 in
665 2866 735 2913 lictis
756 2864 860 2914 coneilil
882 2863 972 2926 Ephe·

147 2933 211 2994 sitii,
241 2935 284 2984 cni
316 2933 422 2998 prefuit
449 2934 564 2998 Cyrillns
597 2935 970 2998 patriarcbablsxundrinns,

1025 368 1087 411 sirm
1117 352 1167 403 hae
1192 353 1327 405 tormutas
1358 373 1371 401 s
1399 353 1468 404 Data
1491 368 1542 420 per
1569 369 1679 408 manum
1700 358 1856 411 ¹ltainsundl

1024 424 1144 489 magistri
1172 425 1324 477 scholarum
1353 427 1571 478 Pleiasiensinni.
1599 444 1613 478 s
1642 430 1696 480 Nec
1726 430 1857 483 absimilis

1023 498 1185 561 subscriptio
1216 498 1315 563 legitur
1350 497 1379 548 iu
1409 499 1502 549 eodem
1541 499 1705 552 chartulario
1733 513 1740 551 ε
1766 518 1780 550 s
1803 501 1856 556 Per

1023 581 1133 620 manum
1159 566 1258 618 Harrei
1278 567 1429 619 cancellarii
1458 566 1583 620 Ecclesia
1621 570 1795 622 Turonensis.
1839 591 1853 619 s

1023 639 1139 703 Scripsit
1165 638 1245 690 eiam
1273 640 1349 705 lingo
1372 642 1551 690 tornacensis
1578 639 1703 694 Ecclesia
1742 645 1851 694 cancel·

1025 712 1108 763 larius
1131 709 1317 768 donationem,
1348 724 1409 775 qua
1438 711 1512 762 edita
1535 718 1576 763 est
1599 715 1646 763 lib.
1692 726 1701 762 ι
1730 714 1855 766 donatio·

1026 783 1212 846 nnmpiarum
1232 781 1457 841 sinbertihdiriai,
1487 796 1545 847 cap.
1574 783 1614 832 lh.
1644 783 1695 835 llic
1720 784 1855 837 Gislehar·

1023 859 1069 904 tus
1096 855 1217 919 qnidam,
1248 851 1282 904 sd
1307 852 1391 904 viceni
1419 853 1522 905 domini
1549 853 1685 906 'l'hcteridi
1725 855 1854 909 Metensls

1023 924 1152 977 Ecclesia
1172 924 1335 988 cancellarii,
1363 926 1522 989 subscripsit
1549 926 1650 977 charta
1674 926 1704 978 ai
1732 927 1853 992 ejusdem

1023 996 1098 1050 libri.
1111 998 1143 1048 Et
1157 997 1280 1047 similiter
1300 997 1477 1060 Raimnndus,
1501 997 1536 1048 ad
1560 998 1645 1048 sicem
1663 998 1761 1050 Aeonis
1784 1000 1856 1065 ejus·

1025 1070 1086 1120 dein
1129 1069 1251 1119 Ecclesia
1296 1069 1458 1127 cancellarii,
1506 1083 1563 1134 cap.
1604 1069 1643 1119 55.
1673 1070 1855 1123 cancellarius

1024 1139 1117 1205 igitur,
1134 1154 1181 1190 seu
1205 1138 1333 1204 magister
1356 1142 1519 1204 scholarum,
1543 1142 1594 1191 luit
1621 1141 1746 1194 Ecclesia
1775 1145 1853 1195 tabu·

1025 1213 1189 1271 termasius
1210 1211 1342 1262 notarius.
1371 1210 1515 1263 innumera
1544 1226 1612 1277 pene
1642 1216 1765 1280 exempla
1792 1219 1851 1266 stu·

1025 1283 1109 1334 diesis
1138 1288 1164 1334 et
1179 1281 1364 1347 diligentibus,
1393 1291 1535 1350 postquam
1564 1286 1591 1336 id
1620 1285 1653 1336 ils
1673 1286 1853 1351 certiusleei,

1026 1370 1085 1405 sese
1112 1354 1234 1406 oilersnt.
1264 1357 1341 1415 Quod
1369 1369 1433 1406 vero
1465 1357 1609 1420 primicerii
1629 1356 1796 1409 notariorum
1824 1357 1853 1410 id

1024 1426 1107 1476 luerit
1133 1429 1160 1475 in
1186 1425 1306 1477 Ecclesia
1333 1425 1456 1477 Romana
1482 1426 1608 1492 cilicium,
1638 1430 1718 1479 doeet
1741 1429 1854 1482 Anasta·

1023 1499 1079 1547 sius
1110 1499 1330 1548 Bibliothecae-ius
1358 1500 1386 1548 in
1412 1498 1505 1549 lulio:
1537 1518 1549 1544 ι
1572 1500 1621 1549 Hie
1649 1502 1799 1559 coustituit,
1824 1506 1855 1554 ul

1025 1568 1116 1618 nullus
1145 1570 1257 1619 clericus
1279 1584 1385 1620 causam
1414 1568 1563 1634 quartilibet
1578 1571 1605 1620 iii
1628 1571 1736 1635 publico
1751 1577 1852 1636 ageret,

1026 1642 1077 1691 nisi
1105 1637 1134 1688 iti
1163 1641 1294 1702 ceclesia3
1321 1645 1350 1691 et
1375 1640 1480 1701 notitia,
1509 1642 1713 1706 quaomnihus
1736 1645 1851 1708 proilda

1028 1712 1275 1772 ecclesiasticaest,
1293 1728 1339 1776 per
1365 1718 1485 1765 notarios
1508 1715 1679 1774 colligeretur
1708 1721 1735 1766 et
1762 1717 1854 1767 omnia

1027 1791 1201 1834 maurimonte
1226 1785 1253 1834 in
1274 1784 1418 1835 Ecclesiam
1447 1799 1495 1849 per
1523 1784 1704 1848 primicerium
1734 1789 1854 1838 notario·

1028 1869 1089 1905 rnin
1105 1855 1226 1905 conferta
1254 1857 1491 1906 celebrarentur.»
1520 1856 1552 1907 Et
1575 1858 1756 1907 vetustissima
1780 1871 1853 1925 qua·

1028 1941 1079 1991 que
1097 1929 1254 1992 pnetrltcum
1283 1929 1488 1979 decretamanu
1514 1928 1657 1993 primicerii
1685 1929 1852 1982 notariorum

1027 2003 1184 2059 subnotata,
1205 2001 1230 2049 id
1253 2000 1423 2050 confirmant.
1447 1998 1510 2050 Erat
1531 2002 1610 2050 etiam
1635 2001 1662 2050 iu
1678 1999 1786 2052 Oriente
1802 2016 1853 2053 no·

1026 2068 1155 2119 lariorum
1173 2068 1291 2119 osticium
1317 2068 1551 2131 ecclesiasticum
1580 2071 1598 2120 ii
1627 2084 1691 2121 sero
1719 2071 1855 2137 episcopis

1026 2139 1054 2190 in
1083 2141 1413 2206 gravioribusquibnaqne
1444 2145 1559 2206 negotiis
1586 2143 1707 2194 aderant.
1747 2143 1775 2194 ld
1808 2150 1852 2196 is·

1027 2214 1328 2265 stanturaalaconoibi
1360 2214 1497 2280 ephesini,
1512 2215 1540 2265 iu
1569 2216 1667 2280 quibus
1694 2216 1724 2267 tlt
1749 2215 1854 2269 mentio

1026 2285 1202 2350 Epaphroditi
1226 2285 1334 2336 lectoris
1363 2300 1389 2334 et
1417 2286 1515 2336 notorii
1542 2286 1760 2338 reverendissimi
1798 2288 1856 2353 epl-

1025 2360 1098 2420 scopi
1115 2359 1232 2409 llalanici
1252 2358 1427 2415 Rhodiorum,
1456 2356 1503 2422 qni
1533 2372 1586 2409 nou
1616 2361 1707 2410 multis
1735 2360 1855 2425 interpe-

1026 2432 1084 2482 sitis
1110 2438 1258 2498 apponatur
1286 2436 1371 2482 tector
1399 2442 1426 2481 ct
1458 2433 1578 2482 notarius
1602 2433 1717 2485 civitatis
1752 2434 1853 2499 Rhodi,

1027 2504 1092 2554 ltem
1123 2506 1216 2567 Anysii
1246 2503 1353 2553 lectoris
1381 2509 1407 2553 ct
1437 2503 1534 2553 notarii
1555 2505 1634 2555 liirmi
1662 2505 1790 2570 episcopi.
1820 2504 1855 2566 Et

1026 2575 1137 2626 concilio
1153 2576 1312 2640 subscripsit
1340 2575 1487 2626 l'enaatins
1516 2577 1658 2640 episeopus
1675 2576 1856 2642 Hierapoleos

1025 2662 1074 2712 per
1095 2650 1229 2699 notarium
1258 2648 1423 2698 l'herdoton.
1447 2647 1504 2708 Quo
1530 2663 1593 2699 sero
1620 2650 1767 2701 ministerio
1790 2650 1853 2701 otti·

1027 2722 1122 2783 eioque
1151 2720 1178 2769 in
1207 2721 1327 2769 conciliis
1347 2718 1434 2770 iuneti
1463 2725 1527 2784 sint,
1554 2734 1587 2771 ex
1608 2721 1702 2772 iisdem
1730 2725 1854 2774 satissa-

1025 2790 1235 2855 perqusliqnct.
1257 2792 1335 2840 Porro
1364 2790 1520 2842 cancellarii
1548 2791 1578 2842 in
1604 2795 1746 2843 consitium
1774 2794 1855 2845 adhi-

1026 2862 1170 2917 bebantur,
1188 2862 1211 2911 si
1242 2875 1285 2912 res
1312 2861 1402 2926 aliqua
1429 2866 1535 2914 reniret
1561 2865 1586 2913 in
1615 2866 1852 2927 controversiam

1026 2939 1054 2985 et
1074 2935 1096 2984 si
1125 2939 1250 2998 suspecta
1277 2932 1401 2984 lnlsitatis
1425 2936 1608 2985 iustrumenta
1636 2936 1709 2986 litem
1739 2936 1852 2988 dubiam

147 3021 226 3072 quam
243 3006 284 3056 ha
312 3005 435 3056 turmula
452 3018 459 3056 ι
476 3024 490 3050 s
513 3008 605 3057 Petrus
633 3008 771 3072 presbyter
793 3008 970 3075 Alexandria,
987 3015 1008 3083 [ζ
1026 3012 1155 3065 iacerent,
1185 3005 1263 3070 quasi
1291 3004 1460 3072 antiquitatis
1487 3013 1663 3068 veterumque
1703 3007 1854 3073 Scriptura·

148 3079 358 3142 etprimicerins
381 3077 547 3127 notariorum
566 3078 734 3132 disitsEt:
760 3079 971 3145 achariaspra
1027 3092 1087 3129 runi
1105 3079 1220 3128 litterate
1252 3079 1340 3142 periti,
1371 3080 1449 3128 tidem
1473 3079 1626 3131 adeiehant.
1655 3079 1852 3131 Entibisetus

149 3149 273 3199 manibus
290 3150 421 3199 habemns
435 3148 467 3197 ad
486 3151 511 3199 id
528 3151 599 3214 quod
620 3151 750 3216 placuerit
772 3156 866 3204 vestra
897 3167 970 3204 resc-
1027 3148 1162 3201 sententia
1189 3163 1221 3199 ex
1252 3148 1384 3199 tabulario
1404 3149 1496 3201 Sancti
1520 3151 1610 3201 Albini
1637 3151 1852 3216 Andegasensis,

149 3222 252 3270 sentire.
265 3219 463 3285 »aitqua-Si
478 3227 566 3271 restra
580 3222 691 3285 jusserit
705 3225 841 3279 sanctitas.
857 3224 968 3289 legam.»
1027 3227 1255 3286 quaremtetam
1283 3233 1402 3285 aperist;
1421 3236 1502 3286 quam
1533 3222 1854 3288 ideointegrsmappiu·

147 3292 279 3343 (laterum
300 3290 477 3342 enricellarins
511 3293 608 3342 trotarii
641 3309 740 3344 unnns
775 3294 858 3346 etium
891 3298 969 3347 susti·
1026 3309 1097 3358 gam.
1130 3293 1204 3358 quod
1230 3308 1284 3343 aon
1314 3295 1514 3346 contemnenda
1544 3296 1656 3359 vestigia
1686 3296 1850 3346 veneranda

1026 3364 1197 3430 antiquitatis
1226 3366 1342 3428 signet:
1371 3385 1383 3410 s
1407 3367 1538 3425 Quoniam
1576 3375 1652 3417 aetus
1684 3367 1769 3417 nostri
1797 3373 1852 3419 crte

1026 3438 1152 3488 oblivioni
1179 3440 1332 3498 traduntur,
1362 3437 1413 3488 nisi
1444 3438 1727 3503 scriptoquotibetad
1745 3453 1851 3491 memo·

147 3520 227 3572 quem
261 3507 369 3573 scripsit
397 3509 423 3558 in
452 3511 563 3570 gratiam
592 3510 697 3558 abbatis
729 3510 803 3562 liniae
841 3514 970 3563 adsersus
1025 3509 1092 3559 riam
1122 3512 1292 3566 revocentur,
1322 3508 1424 3574 placuit
1451 3510 1530 3561 nohis
1560 3515 1702 3571 qnamdam
1730 3525 1851 3576 cauam,

148 3365 217 3415 nuit.
241 3364 305 3428 Ejus
329 3363 433 3429 antiqui
455 3363 537 3414 moris
557 3367 713 3429 praclarum
738 3369 919 3419 testimoninm
942 3369 968 3418 in

147 3435 235 3487 libello
272 3436 387 3500 quodam
433 3433 536 3493 Ulaerii
583 3435 701 3500 episcopi
754 3439 968 3502 Andeirasensis,

147 3582 270 3631 abbatem
295 3580 547 3631 vindocinensem:
573 3599 585 3624 ι
614 3579 688 3640 Quod
722 3582 817 3633 dicunt
846 3585 969 3637 Andeca-

145 3664 257 3702 sensem
280 3653 436 3714 episcopam
456 3650 552 3701 iecisse
577 3652 697 3703 chartam
720 3655 778 3718 ejus
797 3656 823 3705 in
849 3661 968 3711 testimo·

146 3722 221 3773 nium
241 3723 337 3789 iudicii
358 3732 385 3772 et
408 3722 574 3774 investitura
604 3727 689 3787 magis
717 3729 823 3778 videtur
844 3730 883 3780 eis
909 3732 969 3782 oill-

145 3807 215 3851 esre,
238 3808 318 3857 qnam
347 3794 485 3857 prolicere.
513 3794 580 3854 Quia
601 3809 654 3845 nou
682 3796 733 3848 init
753 3803 900 3865 composita
924 3819 969 3867 per

145 3881 216 3923 aum,
247 3866 294 3931 qni
322 3873 386 3917 tune
421 3873 477 3918 erut
497 3871 623 3932 magister
655 3872 806 3923 scholarum
827 3888 834 3925 :
858 3891 917 3927 cuin
940 3880 968 3932 in

148 3939 333 3990 andecavensi
359 3937 477 3989 ltJcclesia
505 3943 577 3990 nnita
603 3942 695 3993 eltarta
712 3945 892 4002 dsjrebnsad
913 3949 969 3997 Aa·

145 4013 322 4063 deessensem
349 4013 494 4062 Ecclesiam
523 4014 718 4077 pcrtinentibus
750 4019 834 4068 soleat
875 4020 967 4085 recipi,

145 4083 198 4134 nisi
216 4096 232 4133 a
247 4080 374 4147 magistre
389 4083 539 4133 scholarum
565 4086 665 4135 dietata
687 4090 713 4136 et
731 4089 966 4142 trutinatione„

147 4155 198 4207 Sed
228 4169 262 4205 ne
286 4157 346 4220 quis
377 4169 478 4206 moreni
512 4157 663 4209 solitarium
690 4160 812 4213 nectara
850 4164 969 4216 Andeca-

144 4229 235 4280 sensis
265 4228 347 4279 irrisae
377 4227 512 4293 opinetur,
545 4231 627 4281 variis
672 4234 793 4286 esini-em
837 4239 968 4303 exemplis

146 4315 248 4351 morem
275 4301 552 4366 consuetudinemque
574 4304 673 4368 ubique
694 4317 836 4358 serratam.
862 4311 967 4364 Charite

1025 3594 1086 3646 qna
1118 3582 1190 3631 inter
1222 3582 1369 3632 monachos
1400 3581 1489 3635 Sancti
1523 3584 1611 3634 bibini
1643 3588 1671 3634 at
1702 3585 1852 3634 monachos

1025 3652 1117 3704 Sancti
1145 3650 1228 3718 Sergii
1253 3661 1318 3710 ciat.
1351 3656 1491 3719 scriptura
1519 3657 1717 3714 commendare,
1745 3661 1774 3707 ut
1802 3669 1850 3719 par

1025 3725 1124 3775 hocad
1154 3725 1276 3776 notitiam
1306 3731 1474 3791 posterorum
1503 3729 1593 3778 valeat
1615 3727 1766 3793 pertenire.
1795 3727 1851 3793 lgi-

1025 3802 1069 3847 tur
1096 3798 1179 3848 abhas
1204 3797 1293 3848 Sancti
1324 3797 1407 3862 Sergii
1449 3802 1605 3850 noniiaains
1645 3800 1793 3860 Delbertus,
1823 3804 1852 3852 et

1024 3872 1149 3919 monaehi
1178 3871 1237 3934 ejus
1261 3870 1493 3921 calumniabantur
1519 3871 1659 3923 monachis
1686 3874 1776 3922 Sancti
1804 3875 1851 3923 bl·

1024 3941 1081 3991 bini
1095 3947 1197 3991 curtem
1213 3946 1240 3991 et
1255 3939 1396 3991 ecclesiam
1425 3944 1597 4005 campiniaci,
1625 3948 1652 3994 et
1675 3943 1740 3994 alins
1765 3958 1848 4009 quas·

1025 4012 1084 4062 dam
1107 4014 1227 4064 reiculas.
1244 4013 1295 4063 Pro
1311 4015 1361 4063 huc
1388 4013 1522 4065 calumnia
1549 4014 1666 4066 finienda
1694 4014 1849 4067 Otbrennus

1025 4082 1108 4133 abhas
1134 4085 1223 4135 Sancti
1252 4085 1383 4136 tibimet
1409 4094 1466 4137 tnta
1493 4087 1666 4153 congregatio
1688 4088 1849 4154 remedius·

1024 4160 1089 4208 rant
1101 4169 1129 4205 sc
1140 4156 1256 4206 libenter
1269 4155 1353 4207 ituros
1364 4157 1389 4206 in
1414 4159 1545 4222 judicium
1570 4163 1631 4210 ants
1660 4160 1772 4212 abbates
1794 4158 1851 4210 Tu·

1024 4227 1381 4278 ronicasthndecsrsnsis
1409 4232 1564 4293 provincia.
1593 4232 1657 4281 Cum
1688 4233 1771 4282 verba
1798 4232 1851 4284 ists

1024 4301 1139 4352 multum
1168 4300 1333 4366 placuissent
1360 4302 1500 4352 monacbis
1522 4304 1611 4354 Sancti
1656 4302 1751 4363 Seruii,
1793 4304 1852 4368 pasl

145 4374 266 4437 lingonis
292 4373 479 4435 Lugdunensis
504 4373 696 4440 archiepiscopi
722 4382 785 4429 unni
813 4379 881 4444 teet,
911 4399 972 4449 qpoe
987 4393 1009 4458 D
1026 4371 1203 4424 voluntatset
1231 4386 1363 4424 censensu
1391 4381 1577 4426 coissenernut
1605 4375 1632 4425 in
1658 4389 1740 4426 unum
1769 4390 1852 4441 supra

145 4450 232 4495 exstat
259 4445 286 4494 in
316 4444 480 4496 Bibliotheca
515 4444 695 4509 Cluuiacsnsi,
733 4450 791 4501 bac
824 4453 972 4518 imponitur
1026 4444 1395 4497 diillflbl¹³i⁰⁸⁸i¹1¹⁰⁰⁸sshl
1426 4450 1497 4510 “lind
1526 4447 1678 4497 Salinarum
1698 4444 1727 4496 5⁰
1755 4461 1851 4499 ΝΟΜ·

145 4514 281 4565 clausula:
311 4534 324 4560 «ι
352 4515 407 4581 Ego
436 4516 515 4583 lingo
542 4516 712 4569 Divionensis
749 4522 870 4575 Ecclesia
913 4542 971 4578 mo·
1025 4517 1105 4565 sterio
1128 4517 1218 4567 Sancti
1245 4516 1386 4567 Florentii.
1415 4519 1531 4569 hbbates
1562 4532 1635 4580 sero,
1663 4519 1709 4583 qui
1738 4533 1846 4570 causant

144 4585 249 4637 nachns
272 4587 330 4637 vica
361 4587 513 4638 entierllarii
543 4590 645 4652 scripsi,
671 4597 697 4641 et
722 4592 877 4659 subscripsi.
906 4617 919 4644 s
939 4600 972 4652 us
1022 4587 1181 4638 coabbatum
1197 4603 1308 4639 suerunt
1334 4594 1411 4640 erant
1439 4587 1568 4649 audituri,
1584 4589 1693 4640 luerunt
1716 4590 1848 4656 quinque,

144 4660 172 4707 ei
199 4657 298 4707 nonin
328 4659 488 4721 quisbusdam
526 4659 656 4711 Mariana
688 4667 714 4712 et
746 4662 872 4717 Ruinatdi
903 4670 970 4721 uus·
1021 4672 1135 4722 qaorum
1158 4660 1268 4712 nomina
1297 4668 1360 4712 aaut
1386 4663 1460 4714 usa:
1489 4662 1851 4722 nuntiasseniintiasse»

143 4731 276 4780 mensium
306 4730 577 4795 archiepiscoporum,
605 4746 665 4798 qua
693 4736 837 4802 descriptas
864 4742 970 4795 suntin
1021 4730 1069 4779 biis
1097 4731 1182 4798 ipsius
1204 4730 1379 4793 monasteril;
1406 4732 1849 4795 domnnsBartbolomens,abbas

144 4800 238 4850 eadem
279 4799 472 4852 Bibliotheca:
499 4821 513 4847 ιι
537 4804 703 4856 Eulehradus
726 4810 900 4863 cancellarius
930 4828 970 4865 re.
1019 4801 1315 4867 M⁸l⁰ii³i¹⁰¹²¹¹³¹0liii
1344 4807 1461 4856 d⁰m¹¹¹¹⁸
1490 4806 1605 4871 Huymo,
1623 4805 1847 4874 SlflssilNlfflffii

144 4872 281 4934 cognovit,
311 4873 418 4936 scripsit
447 4877 474 4923 at
503 4876 669 4938 subscripsit.
704 4898 716 4925 s
752 4879 867 4934 Protulit
900 4898 970 4937 nop-
1021 4880 1137 4931 domnus
1160 4877 1276 4935 Eventus,
1304 4878 1393 4928 Sancti
1423 4876 1529 4928 Melanii
1555 4877 1746 4939 Redonensis3
1769 4878 1848 4930 dom·

143 4944 234 4994 nullas
256 4950 350 4995 auctor
374 4944 497 4997 Historias
523 4946 756 5014 Sandioapiaon,
778 4967 838 5020 quse
865 4958 970 5020 scriptia
1020 4968 1073 5004 nus
1099 4951 1271 5007 Gnmbertus,
1300 4947 1415 5001 coenobii
1449 4951 1625 5001 liithscensis.
1642 4950 1672 5001 lli
1694 4951 1847 5003 oninesad·

144 5027 161 5064 a
203 5013 368 5066 cancellariis
403 5016 528 5068 Ecclesia
566 5022 733 5072 senonensis
763 5036 770 5074 ι
802 5045 814 5071 ι
842 5026 970 5080 Girardas
1019 5026 1138 5083 inerunt,
1168 5037 1275 5072 causam
1301 5021 1466 5073 contratrum
1496 5036 1606 5073 suorum
1639 5024 1767 5073 attentius
1797 5037 1849 5075 aa·

142 5087 317 5138 cancellarius
341 5092 368 5138 el
395 5088 600 5141 archidiaconns
630 5094 749 5159 scripsit.
793 5098 861 5150 llaio
904 5116 968 5152 can·
1019 5099 1109 5156 diturl,
1132 5100 1159 5147 ct
1185 5096 1332 5147 secundnm
1359 5095 1567 5147 ecclesiasticam
1605 5111 1746 5148 censuram
1783 5096 1849 5148 dall·

142 5156 266 5209 Cinithi·
293 5158 437 5223 tciifflil·’
462 5160 520 5221 Ouo
541 5163 592 5214 toci
621 5166 700 5216 etiam
717 5170 970 5232 reperiascbartam
1020 5168 1112 5228 nituri,
1129 5168 1356 5218 adductissccnm
1380 5168 1486 5219 idoneis
1514 5167 1634 5233 personis
1659 5168 1693 5219 ds
1722 5171 1850 5235 gregibus

142 5228 251 5281 Gillicrti
282 5232 437 5282 Parisiensis
465 5232 583 5298 episcopi
617 5239 681 5288 anni
712 5239 783 5300 titi,
826 5258 886 5295 cnm
920 5244 970 5296 bac
1019 5245 1085 5299 sais.
1113 5257 1182 5308 quos
1209 5243 1388 5306 sapientiores
1414 5247 1441 5294 st
1468 5243 1592 5294 utiliores
1620 5243 1653 5293 ad
1679 5242 1737 5294 hae
1758 5245 1850 5293 discn-

143 5302 358 5367 subseriptiene:
391 5304 592 5382 s'lheobaldus
622 5311 799 5363 cancellarius
821 5313 968 5381 scripsit.»
1019 5315 1114 5368 tienda
1129 5328 1211 5379 penes
1227 5327 1255 5363 ss
1269 5320 1441 5377 repererunt.
1457 5314 1549 5379 ltaque
1570 5314 1726 5365 radentibus
1753 5314 1794 5365 eis
1821 5314 1850 5366 iti

142 5372 330 5455 laudunensis
360 5374 480 5439 episcopi
514 5377 613 5429 multas
646 5380 729 5432 edidit
761 5382 832 5435 idem
865 5392 968 5446 auctor,
1019 5402 1113 5447 nnnni,
1142 5384 1347 5450 interrogarunt
1378 5386 1472 5437 ambas
1500 5385 1611 5436 abbates
1648 5389 1675 5436 et
1703 5385 1851 5437 moues-hos

142 5456 203 5509 qna
227 5445 348 5496 similiter
382 5448 541 5499 desinunt:
573 5469 585 5495 ι
612 5451 748 5504 liebertus
792 5456 969 5509 cancellarius
1019 5470 1251 5522 eornm‚qnorum
1282 5471 1364 5508 causa
1388 5462 1455 5513 erist.
1480 5460 1570 5507 utruin
1598 5457 1700 5509 vellent
1721 5458 1849 5522 utrinqne

141 5514 246 5578 relegit.
276 5517 401 5569 saisitus
424 5523 601 5572 cancellarius
628 5526 654 5574 S.
683 5527 773 5578 ituria
795 5528 887 5588 relegi.
917 5528 968 5580 lla·
1019 5531 1112 5584 cedere
1135 5528 1320 5594 indicamento
1348 5530 1421 5595 qnod
1454 5528 1491 5579 lbi
1506 5528 1707 5581 concordanter
1720 5531 1795 5579 totns
1809 5528 1853 5580 ills

110 5596 116 5664 ’-
142 5584 233 5637 dulles
259 5585 286 5639 S.
310 5588 401 5641 hieriae
421 5593 598 5645 cancellarius
628 5597 707 5662 relegi
738 5600 966 5664 etsubscripsl.s
1019 5605 1170 5655 censentur
1196 5599 1342 5665 judicaret.
1389 5599 1429 5651 sd
1473 5612 1566 5650 eorum
1608 5598 1848 5663 interrogationem

140 5658 240 5713 Eodeni
263 5664 344 5714 inodo
373 5663 499 5729 nragistcr
529 5668 681 5721 scholarum
719 5670 843 5723 Ecclesia
879 5672 968 5726 Picta·
991 5663 998 5671 ’
1018 5677 1150 5742 sienlper
1177 5673 1300 5726 ordinem
1326 5669 1450 5738 inquisiti
1478 5672 1598 5732 lucinula
1632 5672 1684 5723 lile
1715 5672 1838 5724 (iidem

143 5732 242 5784 sionsls
271 5733 380 5801 scripsit
406 5741 433 5787 et
461 5736 630 5793 confirmarit
665 5743 843 5795 instrumenta
885 5747 967 5800 ecclc·
1018 5760 1205 5817 responsum:
1231 5742 1326 5794 &rotis
1352 5757 1399 5795 sios
1413 5748 1525 5813 paratos
1553 5757 1607 5796 esse
1635 5748 1660 5796 rt
1683 5744 1797 5812 scqslst
1814 5750 1852 5795 ts·
