3802 6030
153 281 233 345 1383

151 415 225 476 Nam
247 417 304 475 duo
323 417 426 488 Junote
449 425 567 479 nucem,
591 409 648 468 duo
671 410 776 483 juncta
790 409 901 479 tarum,
918 407 1020 476 dqu

856 502 944 557 uncta

187 595 333 652 Electrum
350 593 498 658 statuunt,
514 595 542 646 te
556 590 626 658 duo,
642 589 759 646 Christe
770 500 852 648 duell

30 756 34 767 Ι
150 684 248 743 Solem
264 683 348 740 stella
365 683 451 755 parit,
467 695 575 737 aurora
589 679 679 749 diem,
695 683 778 751 petra
793 679 915 749 tonum,

190 775 303 831 Patrem
319 776 389 829 nuta
403 772 507 840 Deum,
524 769 631 825 lemine
647 768 727 842 virgo
742 769 850 826 virum.

38 904 46 915 -
154 863 279 923 AEtberis
294 879 327 920 an
343 868 426 920 terre
442 864 513 918 sunt
528 859 590 918 brec
605 859 689 933 quasi
705 857 808 928 libata,
826 862 926 917 sancto

190 953 318 1011 Foederls
333 951 470 1025 amplexu
484 950 604 1007 dissona
619 965 709 1019 regne
724 947 835 1022 ligans.

154 1043 276 1100 Oreste
292 1040 395 1098 Matris
408 1040 476 1096 telin
490 1037 622 1112 dignatio
637 1037 643 1094 t
660 1053 725 1094 sese

189 1132 285 1189 Terris
301 1131 423 1188 inclinet
437 1129 497 1185 hae
514 1128 661 1184 mediante
683 1125 779 1200 polus.

152 1223 219 1281 Hac
234 1226 280 1280 est
295 1220 344 1276 iila
356 1236 463 1292 parens
479 1235 572 1285 sacra,
588 1218 676 1289 nulus
693 1232 800 1273 nomen
816 1216 845 1272 in
864 1232 924 1286 ore,

187 1315 242 1368 Bet
254 1309 339 1366 levus
353 1308 383 1365 in
399 1307 497 1377 corde,
514 1304 608 1364 dulcis
621 1305 649 1361 in
667 1320 717 1362 ore
731 1304 837 1362 melos.

158 1402 223 1458 liec
238 1405 283 1457 est
298 1417 386 1474 quam
403 1397 466 1455 coeli
483 1397 577 1470 pictor
594 1397 668 1453 deus
684 1397 764 1455 intus
779 1400 808 1452 et
822 1397 902 1452 extre

190 1490 297 1559 Pinxit,
313 1492 342 1546 et
357 1486 488 1560 angelice
506 1486 573 1543 dots
590 1484 695 1558 polivit
706 1501 781 1542 eam.

154 1578 303 1645 Quantum
319 1578 363 1634 las
378 1576 458 1634 creli
478 1579 534 1644 est,
562 1574 661 1632 Deitas
683 1573 759 1630 hano
775 1577 837 1630 tota
852 1571 977 1640 refulsit,

188 1674 226 1728 st
240 1666 325 1744 quasi
344 1667 490 1725 succincta
507 1665 587 1723 venit
601 1665 638 1721 ad
653 1664 732 1721 istud
746 1678 834 1736 opus.

632 276 729 337 VEN.
752 272 994 338 flttuusnurt
1016 268 1222 336 CENOMAN.
1244 266 1366 330 lll'lSG.
1459 326 1462 331 ,

1244 403 1292 460 lli.
1311 406 1349 460 De
1363 399 1520 459 venditione
1532 401 1643 475 derepit.

1032 514 1105 573 cum
1122 512 1325 571 naturatacob
1341 510 1476 568 duodena
1493 511 1583 583 stirpe
1604 509 1737 577 beasset,

1069 606 1101 661 lu
1118 603 1217 675 pueris
1234 603 1305 660 torte
1319 599 1413 675 gratia
1430 599 1524 657 multe
1540 600 1604 657 luit.

1033 694 1137 751 tete
1153 692 1308 750 Otlusesns
1323 691 1396 747 alios
1411 690 1509 748 vultus
1520 690 1633 764 fulgore
1656 689 1767 763 sereni,

1067 782 1147 841 Alter
1161 782 1191 838 in
1207 782 1253 840 bis
1269 781 1377 838 meruit
1391 781 1508 837 Lucifer
1521 796 1584 837 esse
1608 780 1732 855 ioseph.

1031 871 1136 930 Omnia
1152 870 1387 928 salarisoil'uscnt
1398 870 1495 927 sidera
1506 869 1624 944 lutger3

1068 963 1115 1020 Sic
1130 979 1233 1019 omnes
1246 978 1329 1019 roseo
1345 961 1481 1034 prevenit
1497 977 1545 1018 ore
1557 977 1640 1035 puer.

1030 1055 1064 1112 ln
1079 1053 1179 1111 vultus
1195 1053 1268 1110 elios
1282 1053 1362 1125 vigili
1374 1052 1473 1108 minus
1488 1068 1543 1108 uss
1558 1051 1667 1121 labore,

1066 1140 1141 1199 Huic
1157 1147 1261 1199 nature
1274 1142 1353 1198 dedit
1369 1140 1511 1214 quidquid
1530 1140 1655 1197 babebat
1670 1157 1773 1215 opum.

1031 1230 1062 1288 lu
1078 1232 1159 1306 pueri
1174 1231 1287 1288 vultum
1304 1234 1418 1286 tantum
1429 1230 1483 1286 luit
1497 1229 1547 1286 ills
1562 1228 1676 1287 decoris

1067 1320 1191 1396 Prodiga
1199 1339 1212 1388 ,¹
1226 1325 1293 1393 post
1313 1337 1420 1376 munus
1435 1337 1507 1393 pene
1522 1321 1665 1377 remansit
1687 1319 1784 1390 ineps.

1031 1409 1079 1468 Sic
1093 1426 1209 1467 omnem
1226 1408 1398 1483 scrupulum
1414 1409 1568 1466 limaverat
1585 1426 1684 1483 ungue
1699 1408 1801 1483 polito,

1066 1499 1103 1557 Ut
1117 1499 1177 1556 vitii
1194 1500 1276 1556 labes
1286 1498 1367 1556 nulla
1380 1497 1518 1556 molestet
1533 1515 1619 1573 opus.

1030 1590 1242 1647 commendent
1256 1590 1339 1662 pueri
1355 1591 1455 1655 decus,
1473 1606 1505 1646 os
1516 1605 1645 1658 roseum,
1658 1603 1793 1734 genaqu
1803 1588 1849 1646 do·

1773 1676 1846 1728 rens,

153 1759 237 1817 berit
261 1757 339 1814 enirn
357 1761 496 1826 mentem,
520 1769 698 1828 carnemque
722 1752 835 1827 polivit,
852 1756 884 1809 ut
899 1757 1016 1850 essetB
1065 1750 1236 1808 scintillans
1251 1749 1365 1819 oculus,
1383 1750 1538 1824 menapia,
1565 1767 1636 1823 pura
1648 1766 1728 1807 caro.

86 1876 90 1883 ·
187 1851 272 1906 Intus
287 1847 402 1904 sincera
417 1861 511 1918 mens,
528 1858 653 1917 caroque
669 1845 782 1900 munda
796 1843 879 1900 ioris.

80 1950 85 1957 ’
157 1936 301 2011 Splendor
316 1936 436 1993 festivus
453 1939 540 1991 tcum
557 1932 613 1991 sibi
627 1932 758 1990 vindicet
772 1931 865 2004 illam,

190 2026 221 2083 tn
237 2041 297 2098 qne
311 2025 460 2098 praefulget
470 2039 559 2082 omne
573 2021 688 2080 decons
708 2023 794 2080 ebur.

40 2106 44 2113 ’
155 2113 386 2190 Angelioaelucis
400 2114 553 2187 speculum
570 2113 656 2171 decor
670 2111 733 2183 ejus
749 2112 923 2170 adumbret:

191 2202 253 2261 Huc
268 2202 386 2261 oculum
403 2202 492 2260 flectit
507 2201 589 2260 curia
602 2205 664 2259 tota
678 2218 779 2259 suurn.

128 2302 131 2307 ’
154 2294 185 2354 ln
204 2294 308 2353 titulos
323 2296 387 2367 ejus
401 2295 576 2352 citharizant
589 2295 689 2352 omnia
703 2294 767 2351 crati

193 2389 319 2459 Organa,
336 2384 464 2442 celestis
479 2384 594 2442 musica
608 2383 684 2441 ludit
697 2385 734 2443 ei.

156 2479 223 2533 Haec
237 2474 364 2532 esteelle
379 2493 479 2549 capax,
496 2473 546 2531 ubi
556 2474 613 2532 mel
628 2474 749 2533 Deitatis
764 2474 923 2545 inundans,

189 2565 278 2621 Pleas
292 2565 438 2638 compluit
453 2565 528 2621 banc
541 2564 674 2621 muneris
688 2564 782 2621 imbre
797 2563 855 2622 sui.

160 2653 251 2712 Stella
267 2654 368 2720 maris,
383 2654 518 2710 candoris
533 2652 616 2721 ebur,
630 2652 783 2726 speculum
801 2654 941 2726 paradisi,

192 2741 269 2798 Fons
283 2741 384 2810 venie,
399 2739 463 2800 vite
473 2743 575 2813 janua,
587 2741 686 2815 Virgo,
707 2742 781 2800 rate.

153 2831 224 2889 Caeli
236 2830 317 2888 scale
331 2830 411 2902 boul,
427 2828 527 2887 ecbola
542 2830 633 2902 pacis,
647 2830 737 2887 llbule
747 2831 855 2902 tburis,

189 2919 323 2993 virgula,
335 2919 476 2993 pigmenti
492 2917 621 2989 cellulis,
635 2919 736 2994 Virgo,
751 2919 826 2979 vele.

161 3009 199 3067 De
214 3013 242 3066 te
256 3013 298 3066 tot
312 3007 434 3065 laudum
450 3006 573 3064 rutilent
587 3008 725 3083 insignia,
742 3011 837 3067 nescit

186 3101 248 3168 Quo
264 3099 331 3173 plus
346 3098 487 3157 escendat
500 3101 602 3155 tantus
617 3097 737 3156 honoris
757 3117 840 3174 apex.

149 3188 250 3245 omnis
265 3188 408 3246 virtutum
424 3187 537 3261 species
551 3191 580 3244 et
595 3195 738 3259 aromata,
754 3193 845 3248 totum

76 3302 81 3309 ·
185 3278 226 3336 Te
239 3278 330 3336 simul
345 3282 505 3353 aspergunt
520 3277 618 3336 thuris
633 3280 723 3337 odore
738 3281 783 3337 sui
799 3297 806 3338 ε

150 3368 193 3427 'l'u
210 3369 273 3427 sine
286 3369 401 3427 delectu
417 3368 528 3439 rudius,
543 3375 575 3425 tu
591 3369 644 3426 flos
657 3371 720 3428 sine
736 3372 832 3444 spine,

183 3460 227 3518 Tu
242 3460 306 3518 sine
321 3461 398 3518 nube
414 3461 489 3532 dies,
501 3463 534 3516 tu
551 3458 614 3516 sine
630 3461 717 3517 sorde
728 3478 845 3534 parens.

147 3550 223 3617 nuto
250 3550 379 3624 loqnnr‘l
407 3550 475 3607 binc
493 3547 607 3606 nullum
632 3556 815 3608 crementum
839 3552 904 3612 laus
924 3561 974 3613 tue

816 3642 918 3716 [sumit
930 3661 938 3715 3

181 3729 303 3787 Frustra
317 3727 395 3787 lucet
410 3728 494 3797 lacis,
510 3730 590 3785 tento
603 3728 707 3800 juvare
722 3730 807 3791 diem.

143 3818 261 3886 Quanta
276 3816 335 3875 tuis
349 3819 445 3890 petent
462 3817 618 3874 virtutibus
630 3835 707 3886 eres,
725 3819 814 3877 nullis

183 3905 339 3964 Feeeicnlis
352 3906 473 3965 lauduni
490 3906 625 3965 claudere
640 3908 742 3983 lingua
757 3915 863 3985 potest.

398 3998 434 4054 tt.
447 3999 485 4053 ue
493 4001 576 4064 partu
588 4000 724 4072 Virginea.

145 4092 243 4144 Aaron
260 4085 350 4161 virge,
366 4086 417 4144 Dei
432 4087 522 4158 Virga
540 4088 688 4162 peperisse
704 4089 860 4162 seruatum

182 4175 300 4235 Arboris
315 4175 365 4234 ille
381 4193 482 4249 nuces,
500 4177 618 4236 etheris
633 4179 690 4235 ista
706 4179 810 4237 Deum.

142 4266 258 4325 semine
270 4268 352 4338 virge
366 4273 457 4334 caret,
475 4267 585 4340 protect
601 4267 666 4327 eine
692 4270 805 4327 semine
824 4271 974 4346 tructom;

180 4355 279 4414 Nescit
292 4356 382 4430 Virgo
399 4356 507 4424 rirnm,
523 4357 655 4430 concipit
671 4358 784 4433 absque
799 4361 872 4419 viro.

23 4504 27 4509 ,
143 4445 209 4504 Fert
223 4445 286 4502 sine
301 4446 409 4518 radice,
427 4447 530 4521 gennit
545 4448 610 4504 sine
635 4448 758 4505 seminis
776 4465 830 4507 usn

183 4535 273 4592 Arida
285 4535 367 4608 uirga
379 4552 481 4605 nuces,
495 4537 610 4611 integra
621 4536 710 4611 Virgo
726 4538 827 4597 Deum.

145 4624 255 4683 Floruit
270 4623 331 4693 illa,
347 4624 429 4683 dedit
443 4626 580 4698 fructum,
596 4643 657 4683 nux
670 4626 779 4700 prodiit
794 4628 880 4701 inde;

182 4712 323 4786 Concipit,
340 4712 397 4770 ista
414 4714 500 4786 parit,
516 4714 650 4772 nascitur
663 4714 732 4772 inde
748 4715 836 4777 Deus.

146 4802 187 4862 De
201 4801 282 4877 virga
297 4818 356 4859 nux
370 4805 510 4871 exoritur,
521 4804 558 4860 de
570 4803 687 4877 Virgine
702 4803 857 4878 Christue3

179 4892 268 4967 Virga
285 4892 378 4950 Maria
390 4893 457 4962 tuit,
475 4910 535 4951 nux
549 4893 791 4953 Homo-Christus
807 4902 880 4959 erat.

25 4944 40 5025 -Ι
139 4985 172 5042 ln
188 4988 267 5040 teste
284 4999 355 5039 sene
371 4981 624 5054 speclesbumana
641 4989 772 5052 notetur,

180 5074 212 5130 In
230 5070 336 5129 nucleo
353 5071 455 5137 deitas,
472 5071 502 5128 in
519 5088 593 5129 nuce
607 5072 862 5139 christustlomo.

143 5166 177 5224 In
188 5165 264 5220 testa
279 5160 373 5219 lutens
389 5161 494 5232 deitas,
511 5162 541 5220 in
557 5179 644 5221 carne
660 5171 792 5225 moratur

181 5251 254 5309 Com
269 5251 374 5309 nucleo
389 5256 475 5323 testa,
491 5269 558 5310 curn
575 5254 684 5311 deitate
699 5271 776 5315 cero.

144 5342 235 5401 Dulce
247 5346 326 5415 sepit
341 5341 474 5407 nucleus,
498 5343 608 5402 mulcet
629 5361 716 5418 sapor
730 5346 787 5405 iste
814 5351 967 5427 palatum

184 5431 274 5490 Dulce
286 5431 364 5504 sapit
378 5432 484 5504 deitas,
500 5449 550 5492 cor
564 5434 637 5509 regit
649 5433 705 5493 iste
718 5451 816 5511 seper.

182 5554 238 5628 (90)
251 5554 361 5614 (tellina
375 5558 482 5631 gerba:
499 5559 541 5619 ita
550 5557 741 5620 llardninsin
756 5560 848 5621 Lexic.
864 5569 892 5621 et
906 5564 968 5625 Du·

144 5641 234 5699 sang.
250 5627 282 5686 in
296 5626 392 5688 Gloss.
413 5656 417 5663 ·

1030 1840 1080 1911 Os,
1095 1839 1207 1908 lumen,
1223 1841 1327 1898 dentes
1341 1840 1484 1912 imitetur,
1500 1839 1607 1910 reddit,
1623 1840 1762 1914 adaquat

1065 1935 1139 1988 Para
1153 1929 1251 1987 nitens
1267 1929 1385 1986 niveum
1397 1928 1471 1999 lilia,
1492 1929 1585 1996 sidus,
1601 1929 1686 1998 ebur,

1027 2020 1061 2081 ln
1070 2019 1188 2078 laudem
1203 2019 1287 2093 pueri
1299 2016 1382 2092 plene
1398 2024 1504 2076 nature
1518 2017 1642 2077 laboret.

1065 2107 1246 2181 Miraturque
1261 2124 1344 2165 suam
1361 2107 1402 2164 sic
1416 2107 1567 2165 studuisse
1590 2124 1724 2174 menum,

1028 2198 1059 2257 et
1077 2197 1175 2255 minus
1191 2199 1299 2271 egisset
1315 2197 1424 2271 aliquid
1441 2200 1563 2255 tortasse
1578 2198 1666 2272 (quod
1687 2197 1796 2270 absitll

1064 2292 1124 2345 Hoc
1139 2288 1277 2344 damnum
1295 2288 1397 2345 redimi
1408 2288 1496 2344 vestis
1513 2288 1622 2346 bonore
1638 2293 1744 2362 potest.

1028 2380 1061 2436 ln
1078 2393 1166 2452 puero
1182 2377 1278 2435 cultus
1292 2384 1403 2435 naturis
1413 2395 1521 2435 munus
1535 2378 1671 2449 honorat,

1065 2467 1156 2540 Cujus
1171 2467 1237 2526 laus
1254 2470 1351 2525 torma
1367 2467 1594 2526 laudiboseddit
1608 2484 1706 2541 opem.

1031 2557 1179 2615 imbuerat
1194 2561 1304 2614 vestem
1321 2574 1404 2614 roseo
1420 2558 1549 2614 tinctura
1565 2557 1673 2625 colore,

1066 2645 1151 2703 tibris
1166 2646 1296 2703 muriceo
1313 2646 1454 2719 sanguine
1470 2647 1574 2704 vestris
1590 2651 1662 2703 eret.

1028 2735 1159 2794 Contulit
1174 2735 1248 2794 beno
1262 2753 1351 2807 puero
1367 2737 1468 2808 patrie
1480 2737 1593 2793 devotio
1609 2752 1698 2806 eure,

1065 2829 1206 2886 ttltudsns
1222 2829 1345 2902 pedibus
1362 2829 1489 2895 fimbria,
1506 2827 1609 2884 lambit
1624 2828 1762 2885 humum.

1028 2923 1100 2977 curn
1118 2923 1198 2991 peter
1213 2918 1241 2975 in
1259 2920 1363 2975 iratres
1379 2917 1452 2975 elios
1466 2935 1498 2975 se
1511 2918 1639 2991 stringat
1651 2919 1762 2976 amoris

1064 3007 1181 3067 diutine
1194 3008 1310 3066 firmius
1322 3008 1391 3065 buic
1407 3009 1499 3079 patris
1515 3007 1632 3064 inhesit
1652 3023 1741 3066 emor.

1028 3096 1060 3155 ln
1077 3097 1180 3155 iratres
1196 3097 1273 3171 parit
1288 3097 1428 3154 invidiam
1444 3112 1491 3153 res
1505 3095 1581 3154 ista:
1604 3096 1777 3154 ministrent

986 3162 1009 3229 c
1063 3186 1137 3244 Huic
1152 3187 1291 3243 alimenta
1306 3186 1384 3242 melo
1399 3187 1513 3243 somnia
1527 3186 1590 3242 visa
1603 3185 1726 3259 Josepb.

1026 3276 1107 3345 Quod
1124 3293 1212 3349 sopor
1226 3277 1364 3348 ostendit,
1380 3277 1416 3333 ad
1427 3276 1551 3332 fratrum
1566 3274 1673 3332 detulit
1685 3290 1782 3346 sums,

1062 3369 1155 3436 Quam
1171 3367 1300 3425 declaret
1315 3367 1359 3424 eis
1375 3367 1448 3423 visio
1461 3365 1529 3423 talis
1544 3371 1617 3423 erat.

1025 3465 1081 3520 Res
1096 3461 1193 3531 habet,
1203 3461 1482 3533 imusegro,manus
1492 3457 1846 3532 instatnostremaniplis,

1062 3550 1132 3608 Falx
1144 3550 1292 3624 praedetur
1306 3565 1423 3623 agrum,
1439 3565 1567 3623 spessua
1582 3565 1733 3623 quemque
1749 3547 1849 3607 trabit.

1025 3641 1120 3698 Prona
1136 3639 1568 3713 meegelimsiliotsubditpars
1582 3645 1848 3709 vestraeacumern,

1060 3729 1199 3806 Supplex,
1215 3734 1245 3786 et
1255 3730 1388 3803 quadarn
1405 3729 1491 3802 signa
1502 3731 1649 3801 precantis
1662 3729 1787 3788 habens.

1026 3819 1166 3877 Vulnerat
1181 3819 1316 3877 auditum
1335 3818 1433 3875 tenuis
1448 3817 1577 3876 scintilla
1592 3820 1728 3894 loquelas,

1060 3914 1228 3967 Fraternum
1248 3908 1401 3967 cumulent
1415 3909 1508 3966 altera
1518 3909 1581 3967 vise
1595 3910 1705 3968 scelus.

1023 4002 1142 4059 &mnis
1157 4001 1320 4072 declarans,
1333 4001 1362 4056 in
1378 4004 1535 4074 conspectu
1552 4002 1644 4075 patris
1659 4001 1749 4060 infert

1060 4096 1175 4151 Rursus
1190 4092 1325 4150 iraternls
1341 4091 1463 4149 auribus
1475 4091 1533 4149 ista
1548 4108 1633 4165 puer.

1025 4182 1132 4241 Omnia
1146 4201 1268 4240 romnus
1283 4183 1381 4251 babet,
1398 4182 1478 4240 color
1492 4200 1571 4240 unus
1586 4181 1689 4257 palliat
1704 4182 1817 4251 orbem,

1061 4273 1181 4330 Visibus
1197 4272 1336 4331 alludunt
1350 4273 1465 4331 somnia
1477 4272 1544 4330 lete
1559 4272 1654 4330 meis:

1023 4364 1073 4423 Sol
1088 4368 1175 4436 ceput
1185 4362 1318 4435 inclinat,
1333 4364 1406 4420 mihi
1422 4363 1500 4421 lunee
1515 4364 1662 4437 supplicat
1677 4362 1769 4432 orbis,

1060 4455 1171 4513 Sideris
1187 4452 1297 4509 undeni
1312 4452 1441 4510 circulus
1455 4458 1520 4511 orat
1533 4469 1631 4527 opem.

985 4529 1010 4595 ll
1026 4544 1091 4601 liae
1106 4543 1200 4600 vorin
1217 4543 1320 4598 tratres
1334 4541 1456 4600 livorem
1467 4541 1600 4610 suscitat,
1616 4542 1691 4600 irarn

1061 4635 1210 4700 Provocat,
1226 4632 1511 4706 excrueistpectore,
1527 4633 1639 4690 crimen
1662 4632 1724 4691 alit.

1025 4724 1152 4783 Mentem
1169 4738 1227 4780 non
1243 4721 1324 4779 ladit
1337 4722 1459 4780 verbum
1475 4721 1585 4795 puerile
1601 4726 1778 4796 paternam3

1061 4813 1177 4872 Retinet
1191 4813 1296 4870 ellectu
1312 4811 1401 4868 rerba
1418 4829 1515 4870 carere
1528 4829 1580 4870 suo
1601 4814 1668 4886 tot).

1025 4905 1057 4962 In
1073 4907 1197 4962 mortem
1214 4902 1381 4975 pueriliter
1394 4902 1541 4959 fraternos
1555 4902 1684 4971 substet,

1060 4992 1250 5067 Respondent
1263 4991 1366 5049 sceleri
1383 4996 1515 5066 tempora
1529 4997 1613 5063 grata
1627 5009 1692 5050 suo.

1023 5084 1174 5142 Fratribus
1191 5081 1418 5156 absquetosepb
1428 5081 1693 5156 missisinpsscua,
1706 5084 1852 5145 transfert

1058 5175 1093 5231 Se
1108 5190 1182 5249 puer
1196 5178 1264 5231 ente
1281 5178 1393 5247 patrem
1408 5173 1526 5247 ;prodit
1541 5174 1571 5230 in
1588 5175 1645 5232 iste
1657 5184 1759 5250 peter:

1023 5265 1051 5324 Si
1068 5279 1141 5339 pnre
1155 5262 1231 5320 ridet
1245 5262 1371 5320 teatrum
1386 5263 1503 5320 tertona
1516 5268 1648 5331 tuorum,

1058 5349 1205 5419 donant„
1221 5352 1314 5422 paret,
1332 5349 1404 5420 abit,
1420 5349 1549 5409 consulit
1564 5349 1613 5408 ille
1628 5349 1758 5411 stetten.

1022 5439 1118 5498 Surda
1133 5442 1232 5496 tenent
1246 5453 1337 5511 puero
1355 5435 1429 5507 loca,
1452 5442 1512 5498 stat
1535 5456 1620 5514 puer,
1642 5438 1732 5500 benit
1746 5440 1780 5501 iu
1796 5439 1848 5502 ute

1067 5563 1110 5636 (st
1140 5565 1241 5622 Forte:

1067 5637 1110 5694 t'et
1122 5645 1148 5695 et
1163 5637 1222 5693 toec
1234 5637 1329 5709 specu
1343 5635 1424 5695 certo
1440 5651 1534 5696 eorm
1546 5652 1606 5696 reo.
