3802 6030
557 250 651 316 VITA
674 253 708 314 S.
731 245 958 310 beuuubom
985 242 1262 308 CONFESffllllS.

62 432 1765 484 W

725 559 934 655 {NCIPIT
966 562 1102 655 mm

175 773 314 836 seuera
338 773 384 834 ar
405 771 589 835 onoaaosr
609 769 873 834 courassoms
899 768 1130 833 uaauueooa
1152 769 1453 834 aaoauavausas
1476 762 1662 833 arasuori.

90 1100 183 1175 Igitur
197 1099 397 1175 Magnobodus
413 1100 613 1176 audegavecsi
627 1100 771 1159 territorio
782 1099 885 1159 oriua-
900 1101 1076 1174 Ateguam,
1093 1092 1257 1157 mluorlbus
1272 1096 1418 1158 exhibere.
1436 1100 1490 1159 Sed
1507 1116 1600 1174 arque
1624 1100 1768 1158 suavitate

54 1193 111 1248 dus
123 1191 187 1262 tuit,
204 1196 346 1264 regnante
357 1194 434 1264 apud
447 1193 569 1249 Francos
580 1184 717 1248 bethario
729 1182 885 1264 Chilperlcl
940 1190 1054 1248 carebat
1070 1190 1253 1264 eloquentia),
1270 1204 1323 1247 neo
1338 1190 1421 1263 copia
1435 1191 1637 1260 dicendorum,
1658 1190 1767 1262 quibus

57 1280 127 1348 sslio,
145 1280 317 1352 pareatibus
333 1278 519 1351 Christiania,
542 1297 617 1353 quos
640 1278 715 1336 iuter
738 1279 883 1347 concives,
938 1280 1121 1337 audientium
1137 1278 1224 1337 corda
1235 1279 1270 1336 ab
1282 1295 1381 1337 amore
1393 1277 1483 1351 buius
1495 1279 1593 1337 seculi
1604 1276 1767 1336 addeside·

57 1367 216 1442 spectabile
231 1386 323 1440 genus
335 1371 364 1425 et
378 1362 523 1426 honorum
543 1368 671 1442 dignitas
696 1367 882 1426 sublimabat.
939 1365 1032 1425 rande
1047 1368 1141 1441 magle
1152 1367 1282 1425 coeleetla
1293 1371 1496 1425 commutarat.
1511 1366 1562 1424 liis
1572 1382 1641 1440 ergo
1651 1366 1686 1422 de
1697 1382 1769 1423 cau·

57 1461 149 1525 Quem
163 1476 180 1514 a
194 1458 289 1532 prima
304 1458 405 1515 statim
421 1458 543 1515 infantia
557 1457 658 1515 divina
669 1456 762 1531 gratia
772 1456 814 1514 sic
825 1473 883 1514 am·
939 1457 1280 1531 sis,saoctusepiscopus
1290 1454 1656 1514 Coloaeteasecoeaobium
1668 1469 1771 1527 regon-

56 1548 141 1621 plexa
151 1548 399 1620 contovit,utjam
411 1554 480 1605 tunc
490 1546 619 1605 dubitari
629 1564 687 1603 non
698 1545 885 1620 possetultra
938 1548 1008 1604 dum
1024 1545 1067 1603 illi
1081 1546 1238 1615 commisit,
1260 1550 1292 1602 ut
1307 1551 1336 1603 et
1348 1558 1417 1619 grex
1435 1546 1558 1603 fratrum
1578 1544 1699 1602 rectoris
1724 1541 1769 1599 sut

54 1654 242 1696 communem
253 1634 436 1695 nascentium
448 1643 570 1708 sortem,
582 1636 733 1711 egregium
744 1636 773 1692 ia
785 1652 819 1694 eo
829 1634 883 1692 ali·
937 1640 1111 1710 provocatus
1126 1635 1268 1706 exemplo,
1285 1634 1417 1693 doctrina
1430 1636 1605 1705 instructus,
1632 1632 1770 1690 exhorta·

55 1726 126 1800 quid
136 1726 714 1801 preclarumqueportendicumergoad
726 1726 882 1800 pueritiam
937 1726 1017 1782 tione
1033 1740 1185 1793 accensus,
1197 1725 1233 1781 ad
1248 1722 1370 1781 meliora
1381 1725 1544 1798 proliceret,
1556 1727 1585 1781 et
1596 1723 1660 1795 ipae
1671 1724 1700 1778 in
1715 1720 1768 1778 ml·
1882 1710 1890 1719 ”

54 1817 244 1891 pervenisset,
261 1834 319 1889 qua
335 1817 463 1890 primum
480 1822 575 1884 aetate,
592 1833 656 1872 mos
670 1820 715 1873 est
739 1815 881 1873 nobilium
936 1813 1337 1888 acribusquastpraludane,
1349 1811 1767 1886 admajorapostmodumdis·

53 1905 161 1962 liberos
177 1905 206 1960 ia
222 1904 408 1977 disciplinam
424 1906 497 1973 dari,
514 1905 639 1962 traditus
653 1910 699 1962 est
717 1904 881 1962 litterarum
937 1904 1071 1976 ponenda
1086 1903 1150 1976 ipsa
1165 1915 1220 1959 usu
1236 1902 1422 1959 exercitatior
1436 1902 1605 1960 redderetur
1616 1906 1644 1957 at
1659 1901 1766 1974 aptior.

55 1993 196 2067 magistro
208 2011 215 2051 ι
229 1991 336 2066 quippe
347 2008 433 2066 quem
446 1994 552 2051 divinis
561 1992 790 2067 mancipandum
800 1994 881 2051 obse·
937 1995 967 2050 la
982 2004 1040 2065 que
1049 1990 1268 2065 dispensatione
1279 1996 1339 2049 tam
1351 1989 1468 2048 lldetem
1480 2006 1513 2049 se
1523 1991 1647 2063 prebuit
1657 1995 1685 2045 st
1698 2007 1765 2061 pra-

52 2082 142 2156 qaiis,
156 2084 243 2140 certia
259 2083 438 2155 quibusdem
449 2084 575 2140 excitata
585 2082 688 2156 signis,
698 2078 770 2140 tides
780 2100 882 2155 paren·
936 2084 1064 2150 dentem,
1075 2088 1108 2138 ut
1122 2078 1239 2138 tamillre
1251 2080 1378 2149 Domini,
1389 2096 1573 2154 superquam
1584 2079 1763 2136 constitutus

55 2179 118 2230 tum
134 2171 308 2240 decreverat,
325 2178 355 2229 et
368 2166 502 2229 Ecclesia
527 2170 635 2230 Christi
663 2172 881 2246 prsetlcieudum
935 2176 1008 2234 erat.
1025 2168 1207 2228 sufficienter
1226 2170 1356 2244 corporis
1367 2170 1396 2227 et
1410 2168 1514 2228 aalma
1531 2167 1696 2226 necessaria
1707 2167 1762 2223 uai-

52 2261 179 2319 eoelestie
195 2261 266 2318 ordo
282 2261 469 2334 providentia
482 2260 667 2333 disponebat.
683 2260 785 2336 ltaque
810 2277 881 2331 puer
936 2259 1085 2328 nistraret,
1098 2262 1127 2315 et
1142 2256 1177 2316 de
1191 2259 1303 2316 sanctis
1318 2259 1496 2333 profectibus
1513 2274 1569 2314 aon
1594 2272 1678 2313 suam
1699 2253 1762 2310 lau·

54 2346 880 2424 aerisingoaiiacmemoriesingutaris‚divinocomita·
934 2350 1013 2415 dem,
1038 2346 1088 2406 sed
1113 2347 1207 2420 ipsius
1232 2346 1347 2404 bomini
1372 2346 1496 2420 gloriam
1523 2362 1581 2420 pre
1610 2360 1641 2401 se
1667 2344 1763 2400 terret.

53 2446 103 2497 tue
117 2439 225 2508 lavore,
241 2438 319 2495 brevi
335 2455 497 2496 coaevorum
512 2455 719 2512 supergressus
733 2443 778 2496 est
793 2456 877 2496 men·
935 2439 1039 2495 lm
1055 2436 1112 2496 Nec
1126 2436 1250 2493 dublum
1265 2436 1325 2509 lem
1339 2437 1416 2508 apud
1430 2436 1560 2510 aliquem
1573 2434 1717 2492 residebat
1728 2433 1764 2489 od

55 2548 167 2600 suram,
179 2529 302 2602 jamque
317 2528 544 2603 provectioribus
559 2535 685 2603 caeperat
701 2528 785 2587 iaaile
808 2546 882 2587 coe·
938 2543 1045 2602 magua
1059 2527 1197 2600 qualibet
1212 2526 1397 2600 exsequenda
1412 2526 1552 2583 idoneum
1568 2525 1638 2593 tore,
1658 2522 1707 2596 qui
1729 2522 1766 2579 ad

54 2620 154 2691 quari3
168 2636 219 2676 noc
234 2617 496 2690 multopostetiam
510 2619 717 2690 magistrorum
729 2618 883 2677 emulatus
938 2614 1054 2692 singula
1069 2630 1134 2690 qtrae
1143 2616 1271 2691 gerebat.
1285 2614 1359 2672 ielicl
1371 2614 1518 2672 industria
1529 2615 1695 2688 regebatur.
1712 2612 1767 2668 ita·

54 2708 263 2776 scientiam,a=l
281 2706 419 2763 doctrinae
429 2706 547 2763 culmen
559 2708 761 2766 incunctanter
770 2707 862 2765 evasit
875 2723 882 2763 :
939 2723 1005 2780 que,
1017 2707 1142 2779 jubente
1157 2705 1293 2778 pontifice
1306 2720 1371 2772 suo,
1387 2705 1421 2760 ed
1434 2704 1596 2762 Rcraaaum
1609 2717 1714 2776 papam
1728 2700 1770 2757 la.

55 2815 108 2856 nea
125 2802 231 2855 mirum
248 2796 274 2853 si
287 2813 355 2854 eum
372 2796 518 2854 festinatis
533 2797 677 2871 sapientia
693 2798 822 2871 prorexit
835 2815 886 2856 au·
939 2792 1087 2872 gellonem
1102 2797 1239 2869 suscepit,
1258 2808 1406 2868 precausa
1416 2795 1529 2853 scilicet
1541 2811 1630 2867 qaam
1643 2792 1769 2849 breviter

54 2887 192 2960 gmeatis,
208 2885 259 2959 qui
274 2887 310 2942 ab
326 2886 399 2960 ipsis
415 2885 534 2944 novelle
549 2888 643 2945 aetatis
654 2882 804 2961 auspiciis,
816 2905 885 2945 saa·
939 2902 1128 2961 exponemus.
1139 2886 1219 2943 idem
1230 2884 1468 2957 eamquebeatus
1480 2885 1585 2959 presul
1598 2883 1728 2941 Licinius
1738 2881 1767 2936 iu

55 2975 166 3033 utitatis
182 2992 280 3032 amore
298 2979 449 3048 concepto,
462 2974 559 3032 nullas
575 2976 732 3033 mundane
750 2976 886 3034 vanitatis
941 2976 1082 3033 suburbio
1098 2973 1225 3031 civitatis
1239 2991 1298 3030 sua
1314 2979 1548 3031 construxerata
1568 2970 1768 3029 fundamentis

56 3063 337 3122 admisitillecebras
351 3082 358 3135 ;
371 3064 441 3136 quin
455 3064 551 3132 potius
563 3064 643 3121 rudis
654 3064 751 3122 adbuc
761 3064 887 3138 pectoris
941 3065 1095 3122 ecelesiam
1111 3063 1279 3136 sumptuosi
1303 3062 1398 3134 operis
1425 3079 1458 3118 ac
1485 3063 1625 3135 preclari,
1646 3077 1710 3133 que
1734 3075 1768 3115 ex

56 3153 356 3229 puritatemduloibus
368 3152 889 3215 virtutumbenedictionibuestuduil
943 3155 1037 3227 ipsius
1053 3152 1170 3210 nomine
1186 3169 1264 3209 nunc
1276 3160 1404 3222 vocatur,
1420 3153 1449 3207 iu
1474 3168 1534 3225 qua
1559 3152 1615 3207 ileo
1639 3150 1768 3206 servitu-

55 3243 224 3319 praevonire.
235 3243 306 3300 Iuda
322 3243 432 3298 lactum
444 3248 489 3297 est
501 3249 532 3298 ut
544 3243 649 3300 merito
659 3243 836 3308 sanctitatis,
847 3241 889 3298 in·
943 3260 1007 3301 rum
1016 3242 1194 3300 constituere
1202 3242 1369 3297 decreverat
1380 3240 1535 3313 collegium
1548 3238 1767 3296 monachorum.

56 3332 191 3390 tellectus
207 3332 296 3388 etiam
324 3329 508 3402 privilegium
536 3330 691 3402 obtineret,
718 3331 795 3388 sieut
819 3331 890 3387 dicit
943 3337 1035 3399 Quam
1053 3332 1081 3387 ln
1097 3330 1237 3387 bonorem
1250 3328 1344 3388 sancti
1359 3331 1481 3388 loannis
1495 3329 1631 3402 baptista
1647 3327 1770 3399 cupiens

60 3421 216 3478 Psalmista
229 3436 236 3475 ε
250 3442 265 3471 a
282 3419 376 3493 Super
395 3434 479 3475 senes
495 3417 633 3488 intellexi,
659 3419 728 3494 quia
754 3420 890 3476 mandata
944 3422 1089 3493 dedicare,
1106 3416 1237 3492 ejusdem
1254 3420 1348 3475 sancti
1366 3420 1503 3492 reliquias
1519 3436 1536 3474 a
1552 3416 1675 3490 praesule
1690 3416 1769 3473 sedis

58 3516 110 3566 tue
124 3508 245 3581 quaesiui
257 3508 345 3582 (Paul.
360 3525 456 3576 cavan,
476 3508 547 3579 100).
565 3531 579 3559 a
592 3509 771 3567 Adolescens
783 3509 888 3584 iactus,
945 3509 1111 3585 apostolice
1127 3509 1288 3583 flagitabat.
1304 3506 1362 3565 Hac
1379 3508 1468 3583 igitur
1482 3509 1518 3565 de
1537 3522 1625 3564 causa
1648 3507 1768 3563 Romam

60 3597 498 3673 amplioribuscoepitvirlutum
509 3597 758 3664 stadiisexerceri,
767 3614 889 3672 aecpro·
946 3598 1075 3658 directus
1085 3598 1286 3671 Magaobodus
1297 3598 1373 3670 apud
1386 3612 1491 3672 papam
1503 3596 1586 3654 tacite
1597 3596 1675 3670 quad
1687 3594 1771 3669 petiit

59 3691 161 3745 clirem
171 3689 201 3743 in
217 3688 361 3744 deteriora
371 3691 485 3743 atatem
501 3687 625 3743 deformi
639 3688 720 3755 lusu,
736 3692 787 3745 aut
802 3686 888 3746 inerti
946 3690 1130 3762 impetrarit:
1147 3705 1232 3762 quem
1247 3687 1358 3746 scillcet
1371 3689 1457 3762 legati
1469 3686 1612 3746 sanctitas
1624 3692 1711 3760 atquc
1725 3685 1770 3741 ia·

60 3777 120 3834 ctio
134 3791 239 3849 passus
252 3775 412 3848 corrumpi,
429 3773 517 3830 arctis
539 3775 731 3849 semetipsum
758 3777 891 3834 subdidit
948 3779 1062 3839 dustria
1076 3779 1185 3852 quibus
1201 3778 1339 3851 pollebat,
1354 3780 1441 3835 satim
1466 3778 1556 3835 latere
1580 3792 1638 3833 aon
1666 3776 1768 3849 potuit.

61 3865 176 3939 tegibus
192 3860 388 3931 abatiaentire,
400 3865 433 3918 ut
442 3861 554 3919 scilicet
564 3860 606 3919 nil
619 3864 725 3931 ventri,
737 3863 778 3921 nil
790 3864 888 3922 indul·
943 3869 1017 3928 Nam
1033 3871 1061 3925 et
1076 3866 1140 3941 ejus
1151 3866 1463 3925 modestiadetectatue
1475 3885 1508 3924 ac
1520 3866 1659 3933 moribus,
1670 3880 1770 3922 secum

62 3958 143 4027 geret
155 3968 271 4017 somno,
282 3952 337 4007 uisi
349 3954 492 4024 quantum
502 3955 612 4008 naturae
624 3951 783 4009 necessitas
794 3959 894 4027 postu·
945 3957 1115 4032 aliquandiu
1131 3957 1306 4015 commorari
1331 3972 1398 4014 eum
1419 3958 1572 4031 precepit:
1593 3955 1772 4027 tandemque

60 4040 283 4099 taret.0rationi
289 4040 400 4112 jugiter
410 4038 584 4097 autlectioai
595 4040 767 4111 vacabat,ut
777 4040 892 4099 auitum
946 4046 1106 4122 apostoliea
1120 4045 1322 4104 benedictione
1337 4046 1520 4102 cumulatum
1545 4050 1574 4101 et
1598 4046 1683 4112 varia,
1703 4058 1771 4099 cum

63 4132 202 4204 temporis
216 4127 404 4186 intervallum
421 4128 531 4201 absque
546 4126 693 4202 spirituali
704 4129 835 4200 profectu
847 4131 889 4188 si·
946 4136 1074 4212 acceptis
1089 4135 1182 4193 sancti
1202 4132 1326 4193 Joanaie
1350 4134 1483 4207 baptiste
1509 4134 1677 4207 pignoribus
1700 4148 1771 4204 geu·

64 4227 145 4278 neret
159 4218 300 4292 deperire.
319 4219 382 4274 ltrec
398 4232 466 4273 cum
482 4216 518 4273 ad
534 4216 611 4273 beati
637 4216 740 4275 Licinii
765 4206 893 4293 episcopi
946 4228 1062 4286 dantem
1079 4224 1189 4283 remisit
1204 4226 1240 4282 ad
1257 4225 1384 4298 propria.
1401 4224 1457 4281 Sed
1473 4222 1542 4280 dum
1563 4222 1640 4294 apud
1666 4236 1772 4294 papam

66 4309 201 4366 notitiam
216 4308 431 4380 pervenissent,
444 4306 530 4378 culus
544 4306 688 4365 mirabilis
700 4309 842 4366 sanctitas
853 4310 895 4367 in·
948 4322 1090 4383 manerat,
1106 4314 1176 4387 quid
1193 4315 1218 4371 ei
1235 4314 1389 4386 contigerit
1399 4326 1456 4369 non
1469 4328 1588 4385 prorsus
1602 4309 1773 4384 praetermit-

66 4407 111 4456 ter
125 4398 289 4455 Gallicanos
304 4396 457 4469 episcopos
472 4400 542 4452 tunc
557 4396 700 4469 temporis
721 4398 893 4468 hebebatur,
949 4407 1069 4464 tendum
1085 4404 1227 4475 existimo,
1244 4405 1384 4478 quonlam
1410 4409 1439 4461 et
1463 4402 1654 4475 malignitatis
1677 4414 1774 4471 repre·

66 4489 286 4560 ⁰⁰¹¹ssi⁸l¹¹llll¹³
302 4487 468 4543 dll¹¹¹⁰ll¹⁰¹
485 4499 640 4542 mmmmm
654 4482 793 4560 largitati,
810 4507 895 4547 voca·
949 4496 1168 4564 beneiouem,et
1179 4491 1327 4550 imitandae
1338 4489 1777 4565 diligentiaeucatiaerovidetur

68 4585 131 4633 tam
151 4577 186 4632 ad
198 4577 373 4648 sejuvonem
386 4590 465 4632 more
476 4574 851 4649 ecclesiastiaotonsoravit,
864 4596 897 4637 ac
950 4585 1125 4660 exemplum.
1144 4585 1217 4640 Dum
1237 4580 1314 4638 inter
1328 4580 1423 4638 cilicia
1433 4585 1656 4647 nocturnorum,
1668 4576 1776 4651 quibus

70 4663 598 4737 clericalibusoittoiiadeputatum,in
609 4663 899 4740 castrisChristipro-
950 4691 1018 4731 aum
1035 4689 1110 4745 papa
1126 4666 1308 4728 familiariter
1324 4669 1508 4735 admittebat,
1525 4668 1618 4740 ipsius
1629 4668 1718 4739 jussu
1732 4663 1775 4721 le-

70 4758 142 4812 bate
154 4757 216 4828 jam
230 4754 346 4811 virtutis
361 4752 485 4808 tironem
502 4750 627 4808 mititare
638 4754 785 4828 precepit.
798 4754 899 4816 Proce·
952 4764 1089 4826 ctionem,
1102 4765 1134 4815 ut
1145 4774 1208 4815 moa
1218 4762 1273 4827 est,
1284 4758 1313 4814 tn
1328 4757 1441 4831 pulpito
1456 4758 1598 4825 recitaret,
1611 4755 1732 4829 quidam
1742 4768 1777 4812 ex

73 4845 158 4902 dente
174 4860 241 4901 mox
255 4851 395 4917 tempore,
418 4858 467 4914 per
485 4842 596 4913 gradus
623 4840 838 4902 ecclesiasticos
862 4840 898 4903 ad
951 4849 1064 4909 clericis
1081 4844 1217 4921 palatinis
1227 4847 1338 4904 invidia
1352 4845 1445 4917 ducti,
1463 4846 1539 4904 siout
1553 4860 1584 4902 ee
1605 4844 1690 4901 habet
1716 4843 1776 4900 bu-

75 4934 269 4991 sucerdotium
282 4948 375 5003 usque
386 4928 656 5003 provexitdignum
667 4932 896 5006 sanejudiauoe,
953 4956 1040 4996 mana
1056 4937 1241 5012 perversitas,
1257 4934 1334 5009 quud
1350 4935 1461 4994 seilicet
1480 4934 1643 5008 alienigena
1657 4933 1776 5008 quidam

72 5024 119 5079 cul
138 5020 347 5080 sollicitudinis
363 5030 422 5075 suae
434 5035 535 5073 curam
548 5018 665 5074 deberet
676 5020 786 5091 partiri.
799 5025 897 5094 cujus·
953 5026 1178 5085 domesticorum
1193 5029 1290 5098 partes
1304 5026 1382 5098 apud
1398 5023 1551 5082 dominum
1575 5022 1730 5088 obtineret,
1750 5024 1780 5077 et

74 5129 130 5185 que
146 5115 243 5185 poseat
257 5109 379 5167 oonsilio
389 5106 602 5179 emergentium
615 5107 825 5166 difficultatum
836 5130 900 5170 nm·
954 5134 1056 5175 eorum
1072 5114 1156 5189 quast
1172 5114 1335 5187 preriperet
1351 5114 1526 5172 tumulatum
1540 5108 1641 5169 lumen
1653 5111 1780 5169 candelas

76 5202 269 5276 biguitatibue
283 5197 437 5272 explicari,
454 5196 640 5269 nequeenim
665 5197 705 5254 illi
730 5200 829 5257 deerat
853 5201 896 5261 vel
913 5186 936 5256 [l
951 5224 1009 5279 quo
1025 5205 1162 5262 utebatur
1175 5203 1361 5277 exstinguere
1375 5211 1552 5262 curaverunt
1574 5207 1616 5270 ut,
1640 5201 1782 5258 frustrata

77 5290 237 5364 prudentia
251 5304 310 5361 que
325 5301 422 5343 rerum
432 5287 527 5342 exitus
541 5286 666 5353 metiret,
677 5284 720 5344 vel
732 5291 899 5348 constantia
953 5295 1125 5358 intentione,
1141 5293 1282 5349 contusus
1293 5296 1322 5349 ot
1333 5293 1588 5349 valutdemutatus
1599 5290 1779 5348 abscederet.

75 5395 134 5455 qua
148 5373 746 5450 beneprovisaintrepidusexsequeretur.
761 5377 900 5441 castitate
954 5385 988 5439 Αι
1003 5381 1052 5437 itte
1068 5381 1139 5436 nibil
1155 5386 1332 5449 commotus,
1359 5380 1461 5438 eodem
1484 5386 1583 5437 tenore
1606 5394 1664 5451 quc
1687 5392 1781 5450 cmpe-

75 5464 246 5542 praeclarus,
262 5460 426 5520 bumilitate
440 5459 580 5530 excelsus,
596 5460 739 5520 charitate
761 5465 897 5539 dillueus,
954 5475 1008 5542 rat,
1027 5470 1192 5527 memoriter
1211 5471 1346 5543 pagiuam
1360 5469 1585 5528 cousummavit.
1611 5469 1717 5539 sicque
1739 5466 1783 5521 ia·

77 5570 192 5615 morum
207 5552 369 5611 doctrinam
385 5550 472 5610 ettam
481 5549 582 5623 lingua
592 5552 694 5610 tecam
705 5557 827 5627 poterat,
840 5556 901 5615 alta
955 5564 1036 5616 ctum
1050 5563 1094 5616 est
1111 5562 1142 5615 ut
1156 5556 1232 5632 quod
1249 5556 1290 5613 itti
1307 5557 1343 5613 ad
1361 5558 1488 5615 dedecus
1511 5560 1573 5613 erat
1595 5552 1784 5626 dispositum,
