3802 6030
155 260 230 325 lil'l
646 254 734 316 vett.
760 250 1000 317 utuuuuttttut
1022 252 1224 317 uttttostett.
1249 255 1370 317 urlsc.
1784 262 1860 326 lili

188 395 315 452 'rentum
333 408 385 464 pre
400 389 508 463 populo
523 389 609 446 corde
625 403 730 462 rogans
745 385 889 454 tremol03
990 384 1124 455 Aouam
1137 402 1188 443 rex
1202 387 1340 462 signavit,
1356 388 1499 462 signoque
1513 390 1611 449 erucis
1624 393 1785 461 revenerit,

152 482 234 539 illius
251 482 327 538 unde
341 481 426 536 iidem
445 478 527 551 plebs
540 477 690 534 admirens
705 493 789 534 sacra
803 475 929 548 pridem,
1063 479 1156 547 Atque
1172 487 1254 545 resset
1269 477 1438 543 Dominum,
1453 479 1555 537 reddet
1571 485 1602 536 ut
1615 479 1662 536 bis
1678 481 1824 541 animum.

187 575 218 626 ln
231 567 420 640 ierosolymis
437 573 481 622 est
497 583 585 638 prope
600 571 686 638 cepte
701 564 788 621 dolis.
1029 565 1133 621 llulem
1147 567 1309 639 mundavit,
1326 567 1528 642 populumque
1543 569 1601 627 Deo
1618 573 1764 642 reperavit
1779 590 1788 643 ;

150 661 223 719 Nem
239 675 306 714 cum
322 659 475 712 transisset
491 656 574 711 Peter
588 656 667 711 illius
681 654 778 723 Urbis,
791 658 820 710 et
834 653 905 711 isset
1066 653 1098 709 llt
1114 654 1190 711 mele
1206 672 1368 729 presagum
1385 657 1495 715 telibus
1511 659 1579 715 inde
1597 675 1717 732 megum

188 749 221 804 ln
236 747 341 803 coelum
358 746 456 801 subito
471 762 592 817 corpore
607 744 761 818 disposite,
1028 740 1157 799 Vocibus
1171 742 1297 799 otietur:
1314 744 1389 811 Quid
1405 761 1483 802 nusrc
1494 753 1542 802 tua
1558 748 1638 803 [reus
1652 752 1805 820 operatur,

150 839 232 896 Tune
246 835 368 893 exulteri
384 850 489 907 mogus
504 834 551 890 bic
565 840 594 889 et
606 831 769 905 pontisscuri
1065 831 1210 889 insidiose
1222 831 1286 891 lues
1299 833 1313 890 i
1328 835 1393 891 Hec
1407 844 1456 892 tue
1470 837 1546 892 lecte
1561 837 1635 894 iuss.

184 927 330 985 Affectens
346 925 450 993 avide;
464 939 496 981 se
511 928 608 980 temen
626 921 806 996 hesperide
1029 919 1102 976 Nem
1118 922 1168 993 qui
1184 923 1359 980 damnosum
1376 925 1432 981 sibi
1447 930 1476 981 te
1492 925 1548 982 scit
1561 933 1591 982 et
1606 926 1797 996 insidiosum,

147 1006 227 1074 Dixit
243 1016 399 1079 lecturum,
415 1012 472 1069 uisi
489 1013 577 1069 sciret
590 1029 646 1068 neu
663 1012 830 1067 nociturum
1065 1017 1140 1067 Dum
1155 1017 1184 1068 te
1199 1012 1347 1080 discutiet,
1362 1019 1433 1070 tunc
1450 1015 1524 1071 mele
1540 1019 1692 1088 percutiet.

181 1106 211 1160 Si
227 1102 333 1178 presul
350 1104 410 1166 liet,
425 1118 491 1158 curu
507 1103 581 1157 veus
597 1103 651 1156 boc
667 1099 775 1171 cupiet·
1029 1104 1125 1171 thue
1139 1100 1218 1157 Deus
1233 1117 1318 1158 verus
1332 1102 1386 1159 tibi
1402 1103 1441 1160 sit
1457 1105 1551 1177 magis
1566 1105 1629 1177 ipss
1643 1121 1776 1174 severus,

145 1195 191 1253 Nil
203 1193 339 1268 eqrndem
355 1193 475 1265 gravius
488 1207 577 1264 quem
589 1191 705 1246 sorcius
720 1189 849 1246 nominis
861 1187 950 1259 hujus
965 1206 973 1256 ς
1064 1189 1147 1247 Νυιιο
1160 1207 1215 1264 ege
1230 1208 1317 1262 pereo
1334 1192 1386 1248 tibi
1401 1210 1408 1260 ;
1425 1197 1475 1249 sed
1494 1195 1614 1266 petieris
1630 1194 1671 1250 ibi

183 1284 225 1339 Ad
244 1283 321 1354 quod
342 1279 470 1354 pondus,
486 1286 538 1344 ert,
555 1295 601 1334 me
616 1283 693 1334 Deus
708 1277 771 1351 ipse
787 1276 888 1333 trehit.
1031 1279 1173 1351 Perpetuo
1188 1281 1276 1353 digne
1291 1280 1410 1354 quende
1426 1283 1603 1341 cruciaberis
1617 1285 1687 1358 igue

150 1372 206 1428 Sed
223 1377 296 1427 bens
312 1371 461 1442 inspuetur
475 1368 582 1437 cordis,
595 1370 697 1440 justus
712 1383 829 1440 quoque
844 1371 938 1423 reetor
1064 1372 1126 1434 Ouo
1141 1372 1255 1426 venium
1272 1370 1385 1442 cupies,
1401 1387 1452 1428 neu
1469 1377 1565 1429 temen
1583 1373 1725 1432 invenies.

187 1460 224 1518 Ut
240 1461 305 1535 pins
321 1468 409 1533 etque
429 1461 509 1516 seius
524 1458 653 1516 consulit
668 1459 697 1514 in
714 1457 825 1514 melius.
1029 1460 1040 1516 Ι
1056 1459 1168 1532 procul,
1180 1459 1317 1526 immitis,
1333 1460 1511 1533 dignissime
1525 1462 1642 1520 victime
1659 1464 1752 1535 ditis;

148 1550 221 1608 Nem
232 1552 310 1622 quod
323 1552 461 1623 prelatus
473 1549 611 1621 cupiebat
626 1548 712 1604 bomo
725 1546 884 1605 sceleratus
1066 1548 1188 1604 dminus
1204 1549 1273 1604 hinc
1289 1550 1396 1622 fugies.
1412 1551 1493 1615 Quod
1511 1552 1569 1608 nisi
1581 1554 1644 1623 jem
1662 1553 1766 1623 iacias,

184 1640 299 1698 Christe
315 1640 478 1712 displicuit,
494 1656 548 1696 nee
563 1639 626 1696 lteri
642 1639 746 1712 potuit.
1029 1638 1097 1702 Oue
1113 1637 1152 1693 eit
1167 1644 1334 1695 nostrorum
1349 1643 1496 1697 sententie
1509 1642 1690 1713 judiciorum

145 1729 229 1786 Tunc
244 1744 294 1784 rex
309 1728 436 1784 invictus
452 1729 508 1798 (86)
523 1728 707 1785 Theodosius
721 1732 751 1785 st
764 1727 944 1793 benedictus,
992 1746 1015 1812 p
1065 1728 1146 1784 Tunc
1159 1727 1224 1783 volo
1240 1728 1422 1802 comperias;
1438 1746 1505 1802 ergo
1521 1732 1579 1787 cito
1591 1731 1697 1806 fugies.

184 1820 280 1877 llostis
294 1820 434 1893 perfidius,
451 1819 530 1875 lilius
546 1818 692 1889 lleelesie,
1031 1817 1102 1874 lude
1115 1817 1285 1874 suisiatur:
1303 1816 1396 1874 Juheo
1413 1821 1513 1892 procul
1530 1820 1577 1877 bic
1592 1823 1736 1896 repletur.

148 1909 289 1967 Summus
304 1913 367 1966 eret
381 1925 495 1982 regum,
507 1909 562 1965 sub
578 1924 637 1982 quo
654 1924 739 1966 sacre
753 1905 973 1981 seuctiolagum
1065 1906 1131 1964 lllox
1146 1907 1237 1979 igitur
1253 1907 1374 1979 rapitur,
1392 1915 1480 1981 etque
1497 1911 1574 1967 iores
1588 1911 1738 1968 trebitur.

183 1997 362 2054 Prediceute
373 1998 419 2068 pio
436 1997 535 2055 lloruit
549 1997 718 2055 Ambrosio.
1029 1997 1076 2054 Sic
1093 1996 1179 2053 dolus
1193 1996 1346 2068 antiquus,
1362 1998 1405 2054 sic
1421 2000 1513 2070 pestis
1524 2004 1553 2056 et
1566 2000 1661 2057 hostis
1676 2000 1798 2074 iniquus

147 2087 200 2146 llio
215 2105 280 2145 cum
296 2090 458 2162 pressisset
473 2090 548 2161 quod
563 2087 668 2161 presul
684 2093 784 2145 tantus
798 2087 918 2154 obisset,
1067 2084 1176 2140 fellere
1188 2101 1245 2140 non
1262 2085 1366 2159 potuit,
1385 2085 1484 2144 tollere
1498 2105 1573 2159 quoe
1587 2087 1689 2146 voluit.

185 2178 337 2236 Festinsns
352 2179 426 2235 obiit
441 2195 499 2249 qus
515 2177 599 2234 Peter
609 2178 656 2233 hio
671 2177 754 2235 obiit.
1029 2175 1084 2240 Oui
1097 2181 1194 2231 tumen
1211 2175 1389 2242 abstructus,
1404 2180 1434 2232 el
1448 2178 1565 2250 longius
1575 2179 1617 2234 ire
1632 2183 1754 2236 coectus

147 2267 316 2324 niunden
334 2269 427 2324 multo
444 2284 510 2324 oum
527 2267 609 2323 luctu
624 2272 710 2324 Patre
724 2266 851 2340 sepulto,
1065 2265 1146 2320 llsno
1161 2265 1356 2335 ignominiam
1371 2265 1446 2322 dixit
1459 2266 1489 2322 in
1506 2266 1677 2328 Ecclesium.

181 2357 330 2414 Christum
348 2357 533 2429 supplicibus
547 2357 697 2413 consuluit
713 2357 861 2430 precibus,
1030 2359 1096 2427 lpse
1109 2355 1275 2426 reportebo,
1294 2370 1385 2425 neque
1401 2357 1454 2426 eie,
1466 2359 1516 2415 sed
1532 2359 1739 2431 centuplicabo

147 2450 186 2504 Ut
202 2447 258 2503 sibi
275 2453 453 2503 monstraret
467 2463 556 2518 quem
574 2447 662 2519 digne
678 2446 879 2519 pontificaret3
1066 2442 1169 2499 Vestra
1184 2443 1223 2499 sit
1238 2443 1369 2500 Ecclesia
1381 2461 1460 2501 nuuc
1475 2445 1542 2502 licet
1558 2447 1676 2513 eximia,

148 2535 254 2592 nso
268 2537 318 2591 Cui
335 2536 522 2591 sicioeonuit
536 2552 589 2593 vex
605 2541 714 2592 eleum
731 2534 864 2591 monuit:
1031 2531 1143 2588 Sentiet
1171 2533 1236 2603 ipsu
1261 2532 1361 2588 ruiuss
1376 2533 1408 2605 [s.
1427 2535 1536 2607 mines}
1564 2541 1694 2604 nostras,
1722 2537 1853 2610 patiendo

150 2623 191 2681 Ne
206 2625 310 2682 eredas
329 2625 434 2691 turbe,
451 2624 521 2680 lutet
536 2624 630 2681 bostis
646 2631 677 2680 ut
691 2623 796 2696 anguis
807 2624 835 2679 in
853 2623 935 2680 urbe.
1677 2625 1802 2699 [ruinas

184 2711 244 2768 Vox
261 2716 293 2767 ut
307 2712 460 2782 conticuit,
476 2729 527 2769 rex
542 2715 650 2769 tecitus
666 2712 791 2786 stupuit.
1065 2710 1138 2766 Cum
1153 2727 1208 2766 sus
1224 2711 1379 2780 posteritas
1393 2712 1469 2768 victa
1485 2713 1557 2768 mibi
1574 2714 1696 2771 meritus

148 2800 223 2866 Ouid
239 2800 279 2857 sit
294 2802 427 2868 miretur,
443 2806 540 2857 temen
556 2802 708 2859 admirans
723 2807 888 2868 veneretur,
1030 2798 1164 2854 Exsolvet
1178 2815 1289 2870 poenes,
1305 2804 1334 2854 et
1349 2800 1390 2855 uti
1406 2800 1541 2858 desidero
1555 2802 1669 2873 plenas.

188 2892 223 2947 lit
238 2891 360 2963 replicet
375 2893 505 2948 monitus
519 2891 617 2949 tuliter
630 2893 784 2950 attonitus.
1066 2887 1098 2944 lo
1109 2905 1166 2959 que
1184 2905 1344 2960 presagus,
1359 2888 1436 2944 beul
1454 2891 1506 2946 luit
1524 2889 1573 2946 ille
1590 2907 1708 2963 meges.

147 2981 205 3039 Sed
220 2981 277 3037 cito
295 2981 376 3053 plebs
391 2981 556 3055 solvitque
573 2999 621 3038 rex
632 2984 766 3039 dubitate
781 2982 922 3039 revolvit:
1029 2978 1058 3032 ui
1074 2977 1181 3048 queris
1198 2980 1315 3044 testem,
1332 2994 1477 3050 pegensm
1493 2981 1606 3052 respice
1622 2986 1735 3052 pestem

185 3070 315 3141 Simplex
329 3070 454 3127 delirum
471 3089 537 3128 nem
556 3074 632 3144 repit
647 3074 711 3143 ipse
722 3073 829 3140 virum,
1066 3066 1156 3135 Cujus
1168 3065 1301 3138 nequitie
1317 3066 1402 3138 signe
1418 3073 1537 3124 manent
1552 3068 1648 3124 hodie.

148 3161 184 3215 Et
195 3159 273 3215 velut
288 3160 413 3216 invitum
430 3177 529 3218 secum
547 3162 684 3233 pertruxit
696 3163 831 3234 iniquum
991 3129 1013 3196 c
1034 3155 1134 3212 1281
1155 3155 1228 3210 Nem
1238 3170 1310 3227 gens
1324 3156 1585 3225 exesecbristum,
1597 3173 1670 3230 gens
1683 3156 1852 3229 peruiciosa,

186 3252 260 3305 liuta
277 3251 352 3306 iores
368 3250 465 3322 regis;
480 3251 624 3323 simplicis
634 3268 704 3325 ergo
720 3251 818 3324 gregis
1069 3244 1147 3301 Gens
1161 3244 1313 3300 Mebumet
1328 3261 1444 3316 parens,
1460 3252 1490 3302 et
1504 3249 1616 3304 rstiune
1631 3265 1738 3304 cerens

152 3336 228 3394 Dum
239 3339 314 3395 male
329 3340 481 3396 consultus
497 3340 593 3396 tremit
604 3341 652 3396 hic
666 3342 730 3397 sine
745 3343 806 3412 lege
821 3339 978 3407 tumultus,
1033 3334 1235 3390 Certstedbuc
1251 3335 1372 3390 stultum
1388 3336 1543 3393 detondere
1560 3338 1663 3393 sedule
1678 3337 1791 3394 cultum

190 3426 248 3483 lies
264 3428 368 3499 querit
383 3430 522 3500 strepitus
537 3428 606 3499 quid
624 3429 690 3486 volit
706 3428 853 3486 insolitus.
1067 3428 1126 3481 cur
1140 3425 1215 3495 perit
1229 3422 1290 3490 illa,
1307 3424 1379 3491 scio,
1396 3432 1515 3497 perpete
1532 3426 1689 3499 supplicio.

152 3516 206 3574 Cui
217 3517 336 3587 quidem
355 3520 449 3573 l'etur:
467 3517 553 3573 Plebs
568 3523 596 3572 te
612 3518 728 3588 prodire
742 3522 887 3588 precetur.
1030 3517 1126 3571 ceusu
1141 3512 1210 3569 meli
1222 3511 1291 3568 telis
1306 3529 1412 3584 mogus
1429 3514 1485 3570 iste
1498 3516 1552 3570 tuit
1564 3515 1716 3587 specialis,

188 3603 258 3671 liex,
275 3606 352 3661 sicut
366 3605 484 3678 petitur,
503 3607 635 3677 protinus
650 3605 808 3675 egreditur.
1066 3603 1157 3668 Quem
1173 3619 1225 3674 pro
1242 3603 1365 3675 perfidia
1380 3602 1494 3675 depulit
1508 3605 1646 3661 llcclesie.

150 3690 242 3756 Quem
259 3708 363 3764 magus
379 3709 530 3766 egressum
547 3710 670 3749 cernens
684 3697 794 3764 stupet,
809 3700 839 3751 et
852 3695 909 3752 cito
1029 3691 1083 3756 Oui
1100 3690 1203 3763 pulsus
1218 3691 1283 3747 dire
1298 3690 1426 3764 llugrens
1441 3699 1581 3750 exestuant
1596 3695 1650 3763 ire,

773 3783 921 3856 [gressum
1064 3781 1099 3836 st
1113 3780 1214 3852 rapide
1228 3781 1337 3838 redens
1352 3782 1516 3854 perditione
1530 3784 1665 3841 medens.

187 3867 288 3938 Fluxit,
305 3886 372 3925 nam
389 3886 455 3927 vere
468 3875 538 3927 tuuc
551 3871 642 3928 veluit
654 3872 764 3945 lugere.
1030 3871 1059 3925 ln
1076 3870 1195 3942 Libyam
1211 3886 1317 3928 cursus
1331 3872 1485 3944 detorquet
1498 3878 1531 3927 ut
1546 3873 1656 3944 impius
1672 3890 1773 3934 ursus.

25 3952 28 3958 '
149 3954 209 4014 Nee
221 3958 289 4029 quid
308 3960 430 4016 vidisset
444 3961 514 4027 scio,
532 3962 742 4034 propterquod
758 3962 915 4020 timuisset.
1063 3963 1098 4018 ut
1113 3968 1182 4018 tunc
1196 3963 1226 4019 iu
1245 3963 1332 4033 Libye
1347 3963 1444 4020 lloruit
1456 3964 1596 4032 Ecclesia,

189 4048 249 4106 lloc
266 4054 354 4123 patet.
371 4050 481 4106 invitus
496 4066 560 4106 cum
576 4051 630 4106 luit
645 4051 780 4108 intuitus.
1028 4053 1121 4108 lirim
1137 4052 1270 4123 florebat,
1287 4053 1443 4110 ethristo
1459 4059 1523 4109 vete
1538 4055 1670 4121 lerebet;

147 4144 220 4202 Nam
237 4147 306 4199 noto
320 4140 444 4214 pelleris
458 4140 508 4196 det
522 4140 550 4196 iu
567 4140 632 4211 ipso
646 4141 732 4212 signe
746 4140 882 4198 timoris:
1062 4142 1117 4198 Sed
1135 4143 1207 4198 bene
1222 4158 1309 4214 quem
1325 4142 1425 4205 coluit,
1442 4143 1513 4199 heul
1531 4143 1589 4199 cito
1603 4145 1744 4201 deseruit.

185 4233 266 4291 Unde
281 4231 375 4286 tibens
390 4232 512 4297 terreret,
527 4230 553 4286 si
569 4229 696 4302 populus
709 4228 828 4287 sineret.
1026 4230 1098 4287 Nem
1117 4231 1203 4288 medo
1220 4231 1355 4302 predicta
1372 4232 1492 4289 veniens
1510 4249 1613 4306 mogus
1629 4235 1701 4291 urbe
1716 4234 1830 4307 relicta,

146 4322 197 4379 cui
213 4321 255 4378 eie
270 4321 387 4377 dicebet
404 4317 525 4375 leetnnti
536 4334 624 4391 quem
640 4319 801 4376 retinebet:
1062 4326 1143 4377 lieno
1158 4335 1275 4392 quoque
1290 4320 1344 4376 rite
1360 4322 1439 4393 piem
1455 4321 1533 4377 sevit
1549 4323 1577 4377 in
1595 4323 1768 4382 Ecclesium.

183 4409 322 4478 Quemvis
332 4407 465 4477 lucteris,
479 4411 512 4463 tu
528 4407 612 4464 Peter
627 4407 709 4464 urbis
723 4409 794 4465 eris.
1026 4409 1078 4466 llio
1094 4411 1202 4466 etenim
1217 4415 1319 4466 sancte
1335 4427 1366 4466 se
1376 4413 1472 4468 vivere
1487 4412 1571 4468 linxit
1585 4419 1619 4470 ut
1633 4418 1713 4483 ente,

146 4500 240 4573 thue
257 4502 451 4569 retraxerunt,
468 4500 545 4555 bunc
561 4498 728 4570 poutisscem
746 4498 901 4570 petierunt.
984 4504 1008 4569 Ι)
1059 4499 1138 4564 Quod
1155 4500 1230 4556 bene
1245 4499 1314 4555 dum
1328 4500 1450 4558 simulet
1462 4506 1523 4559 erte
1538 4502 1651 4559 melum
1666 4504 1811 4564 cumulat.

182 4589 346 4646 laudentes
360 4588 498 4660 equidem
513 4589 613 4656 verba,
629 4588 742 4661 virique
757 4587 853 4645 tidem.
1023 4589 1097 4646 Nem
1114 4588 1259 4644 meditsus
1274 4589 1369 4645 caedes
1384 4589 1563 4662 animorum,
1579 4591 1711 4649 consulis
1730 4594 1809 4651 sedes

145 4683 269 4751 Proque
284 4679 320 4734 de
336 4693 417 4735 more
432 4678 503 4734 dum
520 4677 677 4750 perstrepit
691 4676 759 4734 aule
774 4679 880 4751 lavore,
1060 4676 1159 4733 Hostis
1175 4678 1207 4732 ut
1221 4676 1328 4748 hospes
1343 4676 1417 4748 init;
1434 4677 1538 4737 consul
1553 4695 1620 4736 eum
1637 4680 1753 4753 recipit.

181 4766 335 4822 Intremuit
351 4766 467 4822 subitus
481 4770 511 4822 et
526 4767 606 4823 lat-or
620 4761 768 4823 insolitus.
1026 4764 1141 4836 llospite
1153 4765 1308 4836 gundebet,
1328 4765 1397 4839 quis
1415 4774 1577 4825 reverenter
1598 4769 1726 4827 bebebet

144 4856 219 4916 Nem
234 4870 293 4911 uon
309 4854 447 4911 humenis
461 4853 634 4924 ululatibus,
648 4854 709 4911 imo
724 4855 855 4928 prolenis
1058 4854 1167 4911 Omnes
1176 4853 1375 4922 conscientes,
1389 4860 1489 4929 utpote
1504 4856 1664 4914 ooeliooles.

181 4943 218 5001 Ut
233 4942 317 5016 plebs
331 4942 483 5008 conticuit,
499 4945 564 5014 ipss
578 4944 680 4999 domus
692 4943 821 5001 tremuit
1024 4945 1094 5001 lnde
1109 4959 1226 5016 megum
1243 4943 1322 5012 levit,
1337 4945 1423 5016 cujus
1433 4946 1549 5016 jejunia
1564 4949 1654 5015 novit,

144 5034 207 5092 Huc
220 5033 290 5105 quia
304 5036 445 5088 venerunt
460 5037 520 5088 toto
534 5048 716 5105 quecunque
727 5035 845 5090 luerunt
1059 5032 1174 5090 Etvidit
1190 5033 1273 5100 ritus,
1289 5038 1379 5105 etque
1393 5050 1494 5092 serres
1508 5036 1649 5104 babitus:

180 5120 292 5178 Mundo
302 5120 457 5190 demonis,
474 5119 561 5176 turbs
573 5121 649 5192 magi
665 5123 754 5178 socia.
1023 5123 1096 5182 Nom
1113 5120 1227 5178 vivebat
1241 5121 1283 5176 ite
1294 5121 1454 5179 sceleratus
1469 5123 1604 5199 simplice
1619 5128 1689 5194 vita,

143 5209 247 5269 Audiit
263 5213 294 5264 ut
306 5214 420 5264 tantum
436 5207 519 5283 plebs
535 5224 668 5266 murmur
681 5211 905 5285 vociferantum,
1058 5209 1189 5281 Simplex
1204 5225 1360 5282 apparens,
1376 5216 1405 5268 et
1419 5213 1504 5285 qussi
1522 5212 1587 5271 lello
1601 5230 1719 5284 oureus,

180 5298 325 5357 Sternitur
339 5301 427 5371 etque
441 5302 528 5367 tecet,
544 5299 615 5357 dum
628 5300 792 5375 stupefacto
802 5303 892 5375 iacet.
1023 5298 1106 5369 Quod
1116 5298 1170 5355 llos
1185 5297 1303 5356 illerum
1314 5300 1411 5359 dictes
1426 5300 1482 5358 tuit
1497 5302 1701 5364 ecclesiarum.

179 5443 411 5514 (bulbanilestus
425 5441 473 5499 bic
496 5442 751 5512 anachronismus,
767 5447 797 5501 et
808 5443 876 5501 huic
901 5459 969 5518 pee-
1024 5444 1095 5510 rint,
1108 5442 1290 5501 Mebumetea
1303 5447 1404 5502 eutem
1416 5463 1472 5503 nou
1490 5446 1546 5505 uisi
1562 5447 1640 5507 cirea
1654 5464 1704 5505 sn.
1715 5449 1773 5506 020
1783 5462 1854 5509 auu

144 5515 217 5572 mati
229 5515 402 5572 nonnullam
418 5513 598 5586 suspicionis
614 5519 712 5572 notem
728 5531 798 5589 aspe
833 5530 970 5588 eus,cum
1024 5516 1149 5588 ineptias
1162 5513 1332 5573 adinvenire
1347 5517 1478 5590 coperit.

143 5585 330 5648 'theodosius
342 5593 372 5646 st
386 5588 416 5647 S.
437 5587 612 5647 Ambrosius
625 5587 705 5644 eires
716 5602 765 5645 sn.
857 5587 970 5645 eleros·
