3802 6030
59 158 119 219 iii

715 163 851 226 ussus.
877 199 915 211 —-

937 166 1065 228 veru.
1145 132 1147 137 ’
1710 167 1767 228 stt

55 295 357 350 arcessebamus
385 298 484 363 solere,
510 299 583 364 qued
599 299 753 352 fiducialem
770 315 785 352 a
800 301 882 352 tratre
896 300 1058 368 Areliquit.
1089 321 1101 348 a
1125 302 1163 352 Ea
1190 303 1281 354 forsan
1308 304 1413 354 ratione
1441 302 1539 368 passim
1567 301 1709 369 profitetur
1736 317 1765 354 se

55 367 205 420 liothberle
223 371 426 428 hermannum,
440 384 519 436 quam
533 372 595 437 jure
617 370 780 423 accessionis
793 373 882 423 Cene-

54 440 146 490 manin
179 443 352 507 sequebatur,
377 447 491 494 teneret.
530 443 683 494 chronicon
726 446 883 495 'turonense

53 512 203 564 adannum
223 514 301 566 ¹098:
320 515 413 565 «Cum
430 515 595 566 flothbertus
620 516 674 565 dux
701 516 884 574 Normauniae,

53 601 132 637 cruce
163 593 312 649 aa-umpts.
342 590 442 639 terram
471 602 546 639 seem
560 589 724 639 invadiasset
746 588 883 640 Willslmo

52 659 123 709 Rutu
139 662 199 723 regi
211 659 323 725 Angliae,
339 659 414 710 tratri
429 675 489 721 suo,
505 674 554 725 pre
574 675 591 710 x
619 662 737 711 millibus
767 662 884 712 marchis

53 733 171 796 argenti,
203 732 331 796 idemque
354 746 401 783 rex
426 733 577 782 Willelmus
599 733 809 784 cenomanicum
842 749 884 783 ac·

53 804 183 865 cepisset,
202 807 230 853 et
255 807 316 867 pest
333 804 360 852 in
385 804 507 868 Anqliem
531 817 654 854 reversus
677 809 757 863 esset,
783 805 882 854 dictum

52 880 94 926 est
124 877 150 925 ei
177 875 252 939 quod
281 875 441 925 oenomaus
464 875 572 926 obsessa
607 879 673 926 eret.
704 877 753 935 Qui
793 875 883 925 statim

51 960 126 996 mare
142 945 284 996 turbatum
300 947 446 1011 ingressus,
458 946 525 996 dixit
550 959 579 996 se
605 960 746 1011 nunquam
776 947 883 997 audisse

51 1029 146 1080 regem
162 1015 304 1080 naufragio
323 1016 479 1080 periscelit
506 1017 544 1066 eie
571 1016 734 1066 Cenomanis
761 1018 882 1067 veniens.

51 1087 158 1137 Heliam
170 1086 298 1137 comitem
312 1087 350 1138 ibi
369 1087 450 1151 cepit.
467 1106 479 1132 a

81 1157 139 1208 liei.
157 1158 201 1216 90,
229 1159 277 1208 liu.
304 1160 344 1210 ab.
377 1186 408 1197 -
433 1157 544 1224 ideoque
571 1157 738 1209 errlinelioui
767 1157 884 1223 episcopi

51 1229 226 1280 moliebatur.
242 1231 311 1291 Quia
325 1230 479 1282 inconsulte
494 1230 589 1281 comite
605 1245 660 1281 non
672 1231 769 1282 licebat
779 1231 883 1295 episce-

50 1316 116 1365 pom
133 1317 304 1354 consecrare.

78 1373 138 1426 Coi
154 1373 196 1429 90,
213 1373 315 1424 lineo.
331 1399 363 1412 -
382 1374 549 1425 Camertem
574 1374 727 1424 ordinatum
756 1374 882 1424 credisset.

51 1444 137 1495 ileliae
168 1443 263 1495 aemeli
290 1447 475 1496 consentiente
504 1446 671 1499 anctoritate.
697 1447 768 1510 qnod
789 1445 883 1495 durius

938 375 1109 426 haereditarie
1136 376 1196 439 jure
1226 375 1382 429 comitatum
1410 377 1631 428 Andecevenscm
1676 377 1762 442 pessi-

937 453 1010 505 dere,
1036 448 1076 496 rel
1110 448 1177 499 sorte
1195 453 1225 499 ut
1250 451 1386 514 praedenis
1414 455 1505 499 notem
1531 451 1642 498 elueret.
1664 450 1762 500 Praesto

936 521 977 567 est
1010 519 1162 582 exemplum
1196 534 1228 569 ex
1256 519 1388 570 tabulario
1420 522 1510 569 Sancti
1536 521 1637 584 Sergii:
1668 540 1679 563 «
1707 520 1761 584 Ege

936 589 1020 639 Falce
1048 605 1080 640 ex
1107 591 1281 642 haereditarie
1322 592 1385 656 jura
1422 592 1629 642 Andecavorum
1663 606 1763 650 comes.

936 659 1046 709 Golbidi
1071 661 1170 725 egregii
1186 665 1290 713 aemilia
1321 663 1447 713 avunculi
1472 665 1523 713 mei
1558 668 1586 711 el
1615 677 1763 727 praecesse·

936 745 996 781 rum
1026 748 1137 783 suerum
1158 741 1184 785 et
1211 750 1331 785 meorvvm
1349 735 1632 794 memeriemluciens,
1648 749 1761 797 quorem

936 803 1029 868 aliqua
1054 820 1116 868 pars
1144 807 1171 856 in
1187 805 1318 858 cimiterio
1339 808 1478 857 beaterum
1508 811 1656 870 martyrum
1677 805 1762 871 Sergii

937 882 963 924 ct
994 876 1088 926 Bacchi
1115 877 1232 937 condita,
1265 880 1488 929 resurrectionem
1520 881 1686 940 exspectent,
1714 893 1761 943 per

936 946 983 996 filii
1011 949 1064 998 mei
1089 949 1196 1000 Geliridi
1225 953 1418 1011 ettthnatum
1443 964 1562 1000 meorum
1578 948 1730 999 consilium.
1747 968 1761 994 »

936 1019 967 1069 Et
981 1034 1053 1071 aeuo
1083 1024 1143 1072 lb‘li
1171 1022 1254 1072 Fulce
1282 1024 1414 1088 majorem
1444 1027 1508 1073 nain
1534 1021 1682 1071 Goliridum
1705 1021 1759 1071 ira-

936 1094 1003 1140 lrem
1019 1106 1098 1143 suum
1120 1094 1190 1144 belle
1205 1100 1313 1158 captum
1331 1097 1359 1145 in
1375 1094 1525 1145 custodiam
1541 1093 1623 1151 dedit,
1653 1097 1679 1142 ct
1705 1093 1762 1143 An·

937 1158 1117 1224 degarensem
1149 1168 1229 1227 utque
1255 1165 1442 1215 veronensem
1474 1164 1618 1213 comitatus
1642 1160 1692 1210 sibi
1718 1174 1762 1211 ns-

936 1232 1030 1284 seruit.
1060 1233 1240 1293 Quamobrem
1270 1237 1337 1287 diris
1365 1237 1488 1291 dovotus.
1530 1248 1625 1300 pmnas
1667 1228 1761 1283 sceleri

936 1304 1053 1368 impares
1068 1308 1191 1370 rependit
1208 1308 1327 1372 3judicio
1351 1307 1424 1358 euim
1450 1307 1573 1371 Hugenis
1596 1304 1761 1365 Lugdunen-

936 1379 973 1428 sis
997 1377 1190 1443 archiepiscopi
1223 1385 1251 1430 et
1279 1381 1350 1432 sedis
1377 1380 1532 1444 apostelicae
1560 1378 1659 1439 ispali.
1688 1388 1759 1424 euno

937 1453 998 1500 teet
1027 1450 1110 1500 lratre
1137 1465 1152 1500 a
1180 1451 1301 1502 custodia
1325 1465 1379 1502 nou
1403 1453 1511 1509 emisse,
1534 1445 1760 1500 necviuculisle-

47 1516 84 1565 illi
102 1516 193 1567 rideri
215 1518 425 1580 potentt'erum
443 1515 593 1568 enimvero
627 1531 710 1582 supra
744 1531 776 1567 ax
804 1517 883 1567 tabu·
936 1526 1006 1581 reto,
1036 1523 1094 1586 ipse
1124 1523 1306 1574 anathematis
1333 1538 1404 1575 nean
1434 1524 1574 1574 absolutus
1604 1516 1759 1582 est3quod

50 1588 117 1638 lario
152 1589 328 1639 Pruliiacensi
353 1590 524 1640 observatum
550 1593 590 1639 est
623 1586 771 1640 llildebsrti
797 1587 883 1639 nostri
936 1595 1440 1658 testanturaets‚quaeichebeni:«
1463 1595 1541 1659 Hugo
1574 1589 1760 1656 Lugdunensis

51 1658 257 1710 consecrationi
275 1661 379 1711 lieliam
394 1660 518 1711 comitem
533 1659 696 1711 interfuisse.
937 1663 1165 1729 archiepiscopus,
1189 1669 1343 1731 apostolica
1369 1669 1440 1717 sedis
1474 1668 1588 1731 legatus,
1619 1661 1759 1713 dilectissi-

76 1731 194 1794 eatae,
212 1730 261 1781 lin.
279 1734 363 1783 t³.-
389 1730 598 1795 Comprehensos.
630 1731 718 1782 ileliss
744 1731 807 1782 dum
833 1731 882 1780 he·
938 1737 988 1785 mis
1016 1739 1043 1786 in
1076 1739 1182 1788 Christo
1207 1740 1334 1791 iratribus
1365 1738 1584 1803 archiepiscopis,
1616 1732 1758 1798 episcopis,

48 1808 101 1854 stes
135 1804 239 1854 aeriter
269 1807 467 1868 insequeretur,
481 1817 514 1853 ex
545 1802 652 1853 insidiis
667 1809 761 1867 captus
782 1817 810 1852 tv
824 1802 881 1853 sat.
937 1806 1086 1865 abbatibus,
1117 1813 1145 1859 ct
1171 1811 1297 1861 omnibus
1312 1817 1412 1862 sancta
1424 1810 1469 1861 Dei
1485 1809 1611 1860 Ecclesia
1623 1802 1759 1860 fidelihus,

48 1874 881 1939 lisitanaelossansbertodsBetismaqutparteswit-
938 1879 1060 1930 sulutem.
1085 1881 1227 1932 Communi
1252 1883 1463 1934 orthodoxorum
1492 1883 1613 1932 emnium
1654 1875 1758 1927 notities

51 1947 116 2000 elmi
133 1948 157 1997 ll
175 1947 296 2002 fovebat.
312 1952 421 1997 auctore
435 1946 568 1997 Chronico
593 1947 666 1996 brari
683 1946 774 1997 Sancti
789 1946 880 1997 Albini
936 1952 1042 2001 tradere
1067 1953 1176 2016 dignum
1202 1954 1392 2018 judicavimus,
1424 1953 1538 2019 qualiter
1566 1966 1597 2002 ex
1624 1949 1759 2014 precepto

53 2021 271 2079 andecavensis,
288 2020 366 2084 eujus
378 2019 459 2070 verba
473 2032 535 2069 mox
559 2018 692 2069 describo.

80 2091 196 2148 eot.9o.
222 2092 268 2142 lin.
289 2093 330 2140 ti.
346 2116 378 2129 -
402 2090 433 2140 ln
452 2104 512 2140 erce
538 2089 621 2153 ipsias
641 2089 765 2140 sibilatis.
789 2091 879 2154 Angli,

53 2166 150 2230 quibua
181 2164 316 2215 familiare
343 2168 392 2220 eet,
422 2168 513 2227 spreta
537 2164 654 2214 historia
685 2162 835 2228 majestate,
851 2164 880 2213 ia

54 2238 238 2287 adulationem
269 2236 333 2292 labi.
371 2236 537 2299 despicerem
562 2240 642 2300 alque
666 2236 734 2285 adeo
762 2240 879 2286 rontem-

55 2314 129 2372 qtem
146 2308 496 2365 Heliamtuisseaiunt,ut
515 2308 544 2357 in
573 2306 720 2356 custodiam
750 2306 879 2358 traditum

58 2385 166 2446 negent.
183 2379 432 2431 blalmesburieusis
447 2382 474 2429 ln
488 2378 621 2429 willelme
636 2378 659 2428 ll
674 2393 680 2431 :
701 2398 713 2425 e
734 2379 879 2430 Venationi

59 2452 83 2502 iu
94 2453 209 2516 quadarn
226 2453 292 2502 silva
304 2452 439 2502 intentum
455 2450 568 2501 nuntius
582 2448 707 2509 detinuit,
730 2465 761 2501 ex
793 2456 878 2500 trees-

59 2523 167 2574 marinis
198 2524 328 2589 partibus.
356 2524 491 2574 obsessam
515 2534 574 2572 csse
594 2519 727 2571 civitatem
746 2522 878 2572 Cenoma·

61 2598 98 2644 nia
119 2610 201 2660 quam
231 2609 319 2660 nuper
345 2595 428 2645 irater
444 2593 562 2658 protecto
584 2607 640 2644 sna
665 2595 790 2658 potestati
803 2593 877 2658 adje-

63 2676 133 2727 cerat,
162 2675 215 2719 etc.
246 2671 330 2720 Ponte
356 2669 478 2725 transito,
507 2668 661 2717 obsessores
689 2665 781 2715 audita
820 2680 878 2730 equs

64 2738 135 2797 lama.
161 2740 311 2791 dissiliunt.
342 2741 442 2790 Auctor
469 2738 609 2789 turbarem
641 2738 750 2802 quidem
786 2736 878 2787 Helias

936 2021 1128 2074 domninostri
1146 2040 1222 2089 pspoe
1240 2025 1352 2085 Urbani,
1369 2041 1416 2090 pro
1439 2040 1519 2076 causa
1549 2023 1674 2074 Falconis
1701 2025 1757 2071 An·

936 2092 1130 2145 decaveusium
1155 2098 1266 2154 comitis,
1295 2112 1379 2161 usque
1411 2097 1443 2147 ad
1468 2097 1534 2146 tinea
1554 2095 1756 2146 Andecavorum

934 2166 1059 2215 veniendi
1074 2169 1255 2218 obedientiam
1268 2171 1444 2231 suscepimus,
1464 2174 1492 2218 ut
1509 2181 1569 2216 cum
1599 2181 1615 2215 a
1646 2162 1757 2213 vinculo

934 2236 1122 2298 anathematis,
1148 2252 1201 2302 quo
1232 2239 1278 2288 diu
1301 2243 1422 2303 tempore
1448 2238 1594 2287 innodatus
1618 2240 1675 2285 erat
1710 2246 1757 2296 pro

934 2305 1059 2370 captione
1077 2308 1168 2360 lratris
1183 2309 1224 2359 sui
1240 2309 1372 2368 Geulridi,
1401 2324 1481 2374 quem
1505 2310 1533 2358 iu
1556 2306 1622 2357 bello
1650 2304 1756 2368 publico

934 2386 1049 2443 ceperat,
1069 2382 1281 2433 absolveremus.
1310 2384 1374 2432 Cum
1398 2387 1486 2432 lamen
1517 2379 1575 2444 ipse
1601 2391 1690 2429 cemes
1713 2390 1757 2425 ra·

934 2451 1034 2500 tionem
1063 2453 1185 2514 reddere,
1203 2459 1249 2504 ant
1276 2455 1439 2512 setirleeere,
1455 2457 1502 2503 eut
1524 2451 1656 2515 judicium
1667 2448 1758 2498 subire

934 2536 988 2573 nen
1014 2526 1215 2590 subterfugerit.
1246 2527 1300 2577 imo
1325 2540 1430 2590 semper
1445 2526 1656 2590 paratusssset3
1674 2528 1700 2571 et
1729 2523 1758 2568 ut

933 2594 1052 2647 virorum
1080 2599 1256 2661 probabilium
1285 2600 1441 2649 clericorum
1469 2606 1495 2648 et
1525 2596 1654 2646 laicorum
1689 2592 1757 2642 rela-

933 2669 1005 2719 tione
1035 2673 1219 2733 cognovimns.
1240 2674 1368 2734 praelatus
1394 2671 1477 2720 frater
1497 2670 1556 2734 ejus
1572 2674 1754 2731 temporeque

932 2747 1025 2804 ceptus
1052 2741 1112 2802 suit,
1140 2758 1156 2793 a
1185 2742 1322 2806 Stephano
1356 2741 1493 2792 cardinale
1521 2741 1657 2800 Romane,
1685 2736 1756 2786 sedis

65 2811 486 2874 aspitnrzcuiauteseadducto
503 2824 548 2860 rsa
573 2809 764 2860 ludibundus:
793 2809 876 2860 Heben
932 2813 1030 2878 legato,
1059 2831 1108 2879 pro
1132 2816 1291 2866 multimoda
1320 2815 1428 2880 injurie,
1456 2829 1535 2880 quam
1556 2811 1690 2863 interebat
1704 2811 1757 2859 Tu·

67 2885 237 2950 locupules,
254 2885 352 2949 inquit.
381 2882 484 2944 Atilio,
501 2881 646 2946 ouiusaltu
679 2881 804 2930 nobilitas
829 2894 878 2930 ue·
931 2889 1042 2937 ienensi
1068 2887 1195 2939 Ecclesia
1225 2893 1252 2938 et
1277 2887 1368 2938 abbati
1394 2886 1486 2938 Sancti
1510 2883 1619 2935 Martini
1648 2881 1755 2947 biajoris

10 2962 13 3009 ῑ
68 2957 228 3007 sciretetiam
247 2958 275 3007 iu
299 2960 375 3006 tante
391 2953 510 3018 periculo
527 2967 621 3018 sapere
650 2951 875 3017 humiliatoqui:
931 2955 1098 3019 Monesterii,
1130 2961 1379 3010 excommunicates
1409 2964 1477 3015 eret,
1503 2963 1530 3008 et
1555 2955 1665 3006 Fulceui
1690 2953 1753 3002 huic

69 3023 179 3091 larario,
192 3029 292 3093 inquit.
306 3042 348 3076 me
363 3026 469 3090 cepisli3
499 3026 523 3074 ai
544 3039 642 3090 possem
670 3024 791 3088 seorim,
813 3023 876 3072 uoci
891 3052 912 3120 c
932 3028 1099 3093 principatus
1127 3027 1752 3093 Audeeuvensiseeiuitstesebipsolegateex

69 3100 253 3161 midleserem.
275 3094 515 3149 TuncWillelmus
541 3111 597 3161 praa
627 3096 875 3148 lurorstereeatra
931 3105 1007 3162 perte
1031 3102 1121 3153 sineri
1147 3096 1222 3152 'Petri
1246 3103 1363 3152 donatus
1391 3108 1457 3152 erat.
1488 3102 1570 3160 Quem
1595 3098 1703 3163 quidem
1727 3099 1754 3146 et

69 3173 209 3233 arcentes,
225 3176 253 3222 ei
275 3172 416 3220 obunctus
440 3170 560 3220 Heliam:
588 3169 631 3232 ta,
659 3168 758 3234 inquit,
776 3166 875 3226 nebulo,
932 3174 965 3224 ab
984 3175 1117 3225 avuncule
1145 3188 1194 3224 suo
1222 3173 1350 3223 Geulride
1383 3173 1434 3223 sibi
1458 3185 1617 3222 concessum
1659 3168 1751 3230 luisse,

70 3242 124 3306 qaid
145 3242 389 3306 lncerelet'we‘le.
410 3239 683 3305 abi‚que;concedo
704 3240 761 3301 tibi,
792 3241 877 3304 alle·
930 3246 1049 3295 virorum
1066 3243 1244 3309 probabilium
1263 3244 1511 3294 denobilibussuis
1538 3243 1626 3293 veraci
1654 3254 1753 3304 cogno-

69 3328 113 3364 aas
124 3315 247 3381 quidquid
259 3314 365 3378 poteris,
381 3317 414 3371 el,
427 3328 475 3378 per·
495 3313 594 3364 cellam
622 3314 654 3363 de
676 3313 773 3363 Serecle
802 3314 876 3371 tace,
930 3315 1175 3367 vimeerelatione.
1207 3313 1357 3379 Nesigitnr
1382 3315 1432 3364 hec
1461 3321 1584 3378 suscepta
1607 3314 1751 3375 legatione,

69 3384 550 3449 eiiil.simeoiceris,probeeeenio
568 3386 792 3450 lecumpecircer.
822 3385 876 3436 Nec
931 3387 1221 3452 utvigorapestolicse
1244 3387 1405 3437 obedientius
1421 3387 1514 3450 mejeri
1546 3401 1562 3435 a
1589 3384 1667 3435 uobis
1697 3389 1751 3433 tra·

69 3457 167 3509 interius
195 3458 267 3509 iacto
296 3458 408 3508 verbnm
438 3458 509 3520 tuit,·
538 3455 585 3508 sed
616 3456 745 3506 continue
774 3456 877 3508 dimisit
930 3464 1049 3510 claretur
1074 3457 1245 3516 auctoritate,
1275 3458 1457 3508 venerabilem
1486 3457 1596 3506 tratrem
1627 3459 1750 3506 uestrum

67 3529 317 3587 interamnates
349 3530 440 3593 potius
470 3541 550 3592 qnam
589 3529 736 3578 insectatus
773 3528 876 3589 lenien·
928 3530 1124 3582 Bitnricensem
1156 3528 1397 3594 archiepiscopum,
1444 3528 1624 3578 exsecutionis
1669 3525 1751 3588 hujus

66 3602 238 3652 lem.»Etea
266 3598 509 3650 malmesburiensis
534 3599 639 3650 lacunis
659 3600 779 3650 loannes
806 3601 874 3652 Sari·
929 3601 1102 3652 adhibuimus
1132 3604 1252 3661 socium;
1281 3605 1308 3651 et
1335 3600 1373 3650 sic
1402 3599 1481 3651 simul
1511 3600 1600 3663 positi,
1638 3598 1747 3647 tratrem

65 3674 204 3734 thenensis,
221 3670 483 3734 i‘olicraticilib.vv,
500 3670 626 3736 cupid:
654 3689 666 3714 ιι
699 3672 753 3721 Rex
776 3673 874 3733 Anqlo·
929 3676 1041 3731 convitis,
1071 3687 1150 3737 quem
1174 3678 1281 3735 captum
1307 3673 1493 3731 audiebamus,
1520 3670 1642 3720 consulto
1668 3667 1751 3717 adivi·

65 3756 121 3801 rem.
146 3745 193 3809 qui
219 3745 305 3793 tintus
334 3742 542 3806 cognominatus
562 3744 612 3801 est,
649 3743 731 3791 armis
763 3741 873 3807 quidem
928 3745 1157 3803 mus:0uemite
1184 3741 1359 3806 desipientem
1375 3741 1538 3800 invenimus,
1561 3744 1590 3791 ut
1616 3739 1751 3790 lerehetur

64 3814 361 3878 dranuns‚aedparem
382 3814 577 3872 scriptumest
606 3813 651 3878 qni
686 3816 874 3877 persecutione
929 3815 961 3865 eh
981 3814 1117 3873 omnibus,
1147 3819 1300 3877 utprorses
1326 3813 1423 3864 inutile
1440 3819 1467 3863 st
1486 3826 1584 3863 varrum
1613 3813 1750 3862 videretur

63 3894 215 3945 nemorum.
232 3891 259 3938 et
281 3886 415 3951 praecipue
442 3885 532 3936 Sancti
558 3884 674 3936 Auseimi
699 3886 873 3937 Centauricu-
927 3887 1092 3948 regsndaeei
1116 3886 1210 3951 patrias
1239 3888 1403 3935 committere
1428 3885 1617 3949 principatum.
1635 3884 1682 3948 qui
1699 3881 1751 3934 sibi

63 3959 601 4029 sis.rpieulumluvidisaqnosuliocates
624 3958 717 4018 est,iu
747 3974 775 4010 se
800 3959 874 4011 vises
927 3963 954 4011 et
975 3958 1100 4009 omuibus
1130 3958 1244 4008 stultitia
1271 3957 1358 4007 tectus
1377 3957 1474 4007 inisset
1509 3956 1623 4015 inutilis,
1664 3968 1750 4020 usqne

62 4033 465 4100 estprovocaaess3is,iuquam‚
483 4032 669 4083 cenomanum
698 4034 872 4097 expugnarit,
928 4030 1005 4089 adse,
1036 4033 1065 4079 ut
1084 4043 1134 4079 nec
1154 4043 1202 4094 per
1228 4042 1326 4079 munus
1356 4034 1501 4079 nostrasa
1531 4029 1751 4091 ceptieeevellat

63 4109 174 4157 semitam
201 4106 282 4169 cepit,
310 4116 361 4154 nec
384 4104 510 4168 diguatus
539 4107 580 4152 est
605 4117 666 4154 eum
684 4103 874 4155 carceratieu-
926 4105 1003 4168 eripi.
1032 4101 1163 4152 Venimus
1189 4102 1281 4166 itaque
1313 4116 1397 4166 usquo
1428 4101 1460 4151 ad
1490 4101 1643 4152 coenebium
1662 4100 1750 4150 Sancti

62 4179 136 4228 stedia
159 4178 326 4239 mancipare,
357 4179 467 4239 totoque
505 4175 579 4239 operi
627 4176 799 4226 attestabitur
843 4175 872 4226 iu
927 4175 1064 4233 Florentii,
1079 4181 1105 4224 et
1120 4176 1147 4225 in
1166 4176 1209 4225 die
1230 4173 1382 4225 Natiuitatis
1410 4175 1499 4224 Sancti
1528 4173 1642 4223 loannis
1664 4173 1752 4234 Bapti-

61 4255 212 4312 perpstuum
232 4250 311 4299 Mons
335 4246 475 4305 Barbatus,
502 4250 549 4296 ant
576 4246 598 4296 si
619 4247 672 4297 alio
690 4248 873 4298 nominecoa·
926 4252 984 4306 etse,
1000 4250 1120 4298 virorum
1136 4249 1333 4312 religiosorum.
1351 4248 1539 4310 episcoporum
1559 4247 1587 4293 et
1612 4243 1749 4300 abbatum,

60 4334 108 4371 sere
126 4319 466 4382 relueria,dicaterbteus
490 4318 633 4377 Barbarus,
663 4324 710 4368 ent
738 4316 873 4370 Barbare·
927 4319 1447 4385 qniinvitatiadvenerant,Fuleonem
1474 4317 1596 4367 comitem
1627 4319 1749 4374 paratum

57 4406 144 4447 rama
925 4390 1089 4448 satislacere,
1120 4394 1168 4440 set
1196 4393 1328 4440 rationem
1347 4389 1468 4445 reddare,
1482 4387 1602 4436 unanimi
1629 4382 1750 4435 omnium

82 4466 134 4519 i'ol.
149 4468 256 4526 elstra.
271 4468 341 4516 3.-
358 4464 438 4515 Falce
452 4463 647 4514 Andecavorum
662 4478 754 4515 eomes.
769 4464 872 4516 Rsebiu
890 4427 912 4492 D
929 4466 992 4513 roto
1008 4468 1036 4511 et
1052 4460 1131 4511 laude
1148 4459 1313 4511 absolvimus
1328 4459 1461 4522 ;acceptis
1478 4457 1512 4507 ab
1538 4469 1568 4505 ee
1600 4454 1752 4506 securitati·

61 4536 734 4605 cognominatoslscratexsorereAdelancpes
760 4537 874 4588 Gollridi
929 4534 989 4596 hus,
1006 4539 1035 4584 nt
1047 4533 1070 4583 si
1102 4534 1185 4583 trater
1214 4533 1273 4597 ejas
1300 4529 1510 4581 meliorationem
1529 4542 1625 4578 sensus
1648 4527 1752 4590 recipe·

55 4613 155 4664 tortelli
185 4611 267 4675 primi
295 4611 494 4661 Andecaveuais
520 4610 726 4673 cernitiszqum
740 4610 768 4659 iu
784 4609 873 4660 matri.
930 4610 979 4668 ret,
1006 4621 1038 4656 es
1071 4611 1203 4669 precepto
1233 4603 1337 4655 demini
1366 4604 1449 4653 nestri
1477 4616 1555 4666 papea
1584 4601 1625 4650 vel
1652 4605 1751 4656 nostre.

55 4685 170 4735 menium
205 4682 313 4733 Frsroie
341 4681 493 4733 Gestiueesi
521 4679 612 4731 comiti
631 4681 874 4739 collocatasroliri·
930 4677 1161 4729 autconeerdiam
1185 4678 1285 4728 laceret
1314 4690 1374 4726 cum
1391 4690 1431 4734 eo.
1455 4672 1645 4739 antJ'ndicium
1661 4675 1751 4724 subire

54 4752 267 4806 tlemBarbatum
295 4760 322 4803 et
347 4754 419 4803 huuc
432 4752 578 4802 Falconem
594 4751 709 4816 peperit.
727 4753 809 4803 Gesta
830 4768 873 4803 co·
930 4754 1212 4815 paratnsesset;uec
1239 4763 1348 4798 uxerem
1379 4747 1546 4804 duceretis
1570 4758 1751 4810 quarumna-

53 4833 142 4881 mitnm
165 4826 415 4880 Andeearensium:
449 4844 461 4868 a
491 4822 777 4874 Gebridusblartellus
800 4823 873 4874 tilius
930 4824 1083 4873 morositate
1102 4821 1271 4886 culpabatur,
1304 4822 1404 4884 absque
1434 4825 1525 4870 nestro
1554 4818 1676 4867 censitio.
1696 4818 1750 4867 Cu·

52 4902 181 4957 luleonis.
202 4912 264 4948 cum
288 4897 357 4947 filios
379 4908 434 4945 uon
456 4894 578 4953 haberet,
602 4895 757 4945 comitatum
782 4908 872 4957 suum,

51 4975 151 5025 scilieet
163 4968 345 5023 Andecaviam
361 4969 388 5018 et
402 4966 559 5028 Turonium,
571 4980 650 5030 quem
676 4964 870 5031 conquisierat,

49 5047 190 5112 nepotibus
207 5041 265 5093 suis
289 5039 408 5090 Gotirido
436 5038 556 5092 barbato.
586 5041 612 5086 et
642 5037 753 5087 Falconi
770 5037 871 5088 ltacbin

47 5119 164 5185 reliquit.
183 5114 364 5167 Andecariarn
380 5114 408 5160 et
427 5110 560 5160 Santonas
575 5108 696 5166 Fulcoui‚
724 5107 871 5159 'Feroniam

48 5205 102 5242 eum
114 5186 294 5240 landonensi
304 5188 391 5234 castro
404 5181 519 5232 Barbato
535 5181 655 5231 denovit.
672 5181 716 5230 lsti
729 5181 792 5238 duo,
808 5181 870 5232 Bar·

47 5260 119 5314 batua
129 5261 239 5313 scilieet
255 5261 282 5308 et
292 5257 403 5312 hechia,
419 5254 527 5304 luerunt
541 5253 588 5302 ulit
614 5251 725 5302 Gollridi
758 5253 869 5315 Frerela,

10 5376 19 5387 .
46 5334 154 5386 iimtria
183 5329 238 5381 riri
265 5330 299 5380 de
326 5325 477 5377 Gaalinesie
499 5329 526 5374 at
551 5322 730 5382 Landouesio,
757 5323 808 5374 orti
837 5339 868 5375 ex

10 5438 18 5567 i

10 5410 13 5419 '
46 5418 131 5457 terere
147 5401 267 5455 biartelli
288 5399 450 5466 predicti.»
478 5394 583 5446 Patrem
611 5395 765 5445 Albericum
792 5401 871 5447 vocet

46 5486 132 5531 tactor
149 5474 280 5529 chronici
306 5473 434 5524 comitum
463 5467 708 5528 Andecarensinm,
736 5472 762 5517 et
777 5469 870 5519 matris

47 5562 139 5603 meu
167 5546 305 5614 propalat.
333 5545 376 5594 his
400 5541 540 5591 verbius
566 5537 702 5590 Godridus
732 5540 869 5590 blartellus

10 5618 21 5693 Ι
47 5636 96 5675 mu
111 5621 188 5675 lilios
202 5632 260 5671 noe
277 5616 400 5675 haberet,
415 5612 560 5676 nepotibus
574 5612 630 5661 suis
654 5609 772 5662 Goli'rido
805 5610 870 5663 Bur-

47 5692 99 5746 ha
123 5700 154 5747 st
182 5688 302 5746 Falconi
330 5686 443 5745 hechin,
460 5680 523 5734 liliis
546 5681 648 5734 scilicet
663 5682 754 5734 Adeba
770 5684 869 5734 aererls

50 5780 103 5828 aa,
117 5774 147 5821 et
171 5762 293 5818 Alberici
315 5759 421 5812 comitia
436 5755 469 5807 de
493 5753 634 5813 Gestincis,
661 5756 733 5806 bena
759 5768 808 5805 sno
825 5755 869 5806 do·

925 4893 972 4959 jus
990 4895 1028 4943 rei
1058 4899 1139 4957 gesta
1167 4895 1263 4944 seriem
1275 4893 1353 4943 uobis
1368 4892 1485 4953 pendere
1498 4887 1687 4954 judicavimus.
1700 4889 1751 4938 ite·

929 4965 1087 5031 ligioserem
1112 4971 1201 5017 eutem
1217 4967 1264 5030 qui
1291 4965 1433 5014 adluerant
1454 4964 1564 5012 nemina
1591 4962 1648 5011 haec
1664 4966 1749 5012 ausit:

928 5037 1089 5087 Aldebettus
1102 5038 1267 5088 venerabilis
1296 5033 1499 5085 bituricensium
1519 5031 1751 5096 archiepiscopus,

930 5107 1265 5158 HoellusCenomansesis
1290 5109 1446 5172 episcopus3
1470 5104 1636 5161 brithelmus,
1666 5104 1750 5154 abbas

928 5177 1017 5229 Sancti
1035 5179 1162 5229 Florentii
1173 5195 1180 5240 3
1193 5179 1355 5237 Bernerdus,
1370 5178 1452 5228 abbas
1467 5175 1596 5239 3blajoris
1614 5178 1747 5226 biennale·

928 5252 983 5310 rii,
1010 5250 1174 5307 bernardus,
1201 5252 1283 5302 abbae
1311 5253 1470 5302 Sanctorum
1491 5248 1576 5310 Sergii
1592 5245 1748 5309 etBacchi;

927 5322 1066 5385 Girardus,
1081 5325 1163 5374 abbas
1177 5324 1267 5374 Sancti
1285 5323 1382 5379 Albini.
1395 5321 1525 5377 liueldus,
1552 5320 1635 5370 abbas
1658 5320 1749 5372 Sancti

926 5394 1052 5458 Nicolai;
1084 5397 1228 5456 baldricus,
1261 5394 1342 5445 abbas
1368 5393 1574 5458 Burgulieusis3
1600 5393 1749 5459 cautritur,

927 5469 1009 5518 abbas
1024 5467 1241 5519 vindocinensis.
1256 5469 1349 5519 Actum
1365 5471 1405 5515 est
1420 5478 1492 5514 anno
1509 5465 1542 5514 eh
1559 5462 1750 5518 lneersatione

926 5536 1034 5588 Domini
1048 5540 1118 5595 test,
1136 5540 1207 5603 apud
1218 5537 1351 5588 abbatiam
1366 5537 1456 5586 Sancti
1474 5535 1611 5600 Florentii,
1631 5533 1660 5585 in
1682 5537 1751 5588 leste

926 5609 1017 5660 Sancti
1034 5607 1433 5674 loannisBaptistse.eNsscio
1460 5619 1495 5656 en
1524 5607 1618 5655 iisdem
1646 5609 1750 5657 artibus

925 5679 1044 5733 elicitum
1072 5681 1243 5733 ambitiosum
1268 5680 1339 5731 istud
1363 5679 1509 5733 decretum,
1533 5677 1632 5741 quibus
1652 5688 1747 5740 peenas

925 5753 1018 5807 sceleri
1037 5752 1140 5806 debitas
1154 5754 1241 5817 tregit.
1264 5752 1415 5802 Chroniceu
1439 5749 1593 5799 'turonense
1609 5761 1615 5796 :
1632 5764 1645 5790 s
1667 5748 1746 5796 Anno
