3802 6030
123 273 181 334 159
612 267 700 328 teu.
724 261 965 326 attenuatum
987 261 1187 330 GENOMAN.
1212 270 1336 334 uulso.
1773 286 1832 346 160

122 397 841 478 ,ubjtetuniordocunenttsrbaunumvestm⁸³¹st
852 401 950 470 postu·
964 396 992 463 A
1006 397 1240 470 turate,soientes
1251 405 1389 478 quoniam
1407 423 1511 466 aurum
1523 413 1553 466 et
1567 416 1720 485 argentum
1733 415 1832 475 libetis

123 493 352 565 loot,quoniam
368 493 582 548 antichristum
612 497 752 547 rectorem
769 488 825 544 sibi
840 484 948 543 consti·
1003 486 1069 553 Deo,
1086 492 1162 562 quod
1182 510 1232 564 pro
1248 495 1469 556 Deoreouaatis.
1488 501 1600 572 Aquam
1617 507 1724 561 etenim
1752 509 1829 578 peri-

122 583 372 656 ruunt,incisjam
386 583 583 639 ministerium
595 580 949 652 iniquitatisoperantem.
1001 576 1066 632 culo
1082 580 1206 636 militum
1221 584 1257 640 de
1274 585 1490 644 bethleemitica
1515 599 1666 663 sumptam
1689 595 1829 667 cisterna,

156 675 375 746 Quantaigitur
406 672 495 746 pestis
511 673 550 728 sit
578 672 738 744 cupiditas,
755 687 818 743 quor
835 665 950 723 virtutis
1002 666 1070 735 quia
1086 669 1334 740 camoenarum
1347 675 1575 749 sitiretpropter
1589 682 1831 743 bominumtudit

120 764 279 836 abjuratio,
296 781 386 836 quam
403 779 531 836 preceps
548 764 583 817 ad
604 763 751 817 internum
780 761 949 824 descensus,
1002 755 1337 833 tildep.s111)‚gratum
1367 765 1426 820 Deo
1454 769 1629 825 eucritlcium
1663 773 1740 828 ierit.
1768 780 1832 843 Qua

121 855 279 911 necetiom
303 854 444 910 tardiores
473 851 621 907 credimus
637 851 781 921 ignorare.
796 848 892 918 Turpe
906 845 950 901 ni·
1003 842 1039 899 de
1068 862 1156 918 aqua,
1184 850 1329 908 Recuredo
1344 853 1577 927 wisigothorum
1605 863 1664 932 regi
1688 864 1754 934 (51).
1778 867 1829 937 qui

121 944 326 1000 mischristum
343 944 389 996 ttei
405 941 460 996 boe
470 940 632 1013 iniquinari
643 943 878 1006 atramentoque
890 949 954 1007 pro.
1003 933 1135 992 oblatum
1149 938 1205 994 sibi
1216 957 1322 997 aurum
1335 959 1386 1015 pro
1398 944 1457 1001 Deo
1469 956 1662 1017 recusaverat,
1675 953 1716 1008 sic
1728 955 1829 1011 beatus

126 1032 225 1106 phetia
237 1033 266 1090 in
279 1031 489 1088 divinationem
502 1026 855 1102 degenerat,esinaorscit
865 1024 953 1097 spiri·
1003 1021 1162 1097 Gregorius
1175 1030 1217 1085 ait
1230 1047 1236 1085 :
1248 1054 1260 1082 n
1277 1034 1364 1088 David
1382 1051 1459 1107 regis
1471 1037 1578 1093 lactum
1595 1041 1664 1096 nribi
1677 1045 1711 1097 ad
1726 1062 1833 1100 memo·

36 1155 39 1159 ,
122 1129 170 1181 pu,
185 1122 334 1180 interioris
355 1121 455 1179 unctio
471 1122 538 1192 (55),
557 1117 781 1192 mysticuslegis
800 1118 953 1172 obseratur
1003 1114 1077 1169 riam
1100 1119 1189 1186 venit,
1213 1119 1259 1175 cui
1284 1137 1350 1178 cum
1374 1127 1529 1197 concupita
1548 1145 1624 1200 aqua
1649 1132 1684 1187 de
1706 1134 1833 1191 cisterna

17 1258 30 1293 ,Δ
46 1284 49 1289 ¹
128 1212 307 1277 intellectus,
322 1213 454 1268 aufertur
468 1210 642 1282 evangelicae
656 1225 742 1281 sapor
757 1204 906 1272 doctrina,
922 1208 952 1260 et
1003 1200 1234 1276 bethleemitica,
1246 1226 1309 1280 ques
1322 1211 1396 1268 inter
1408 1213 1643 1274 hostileseuneos
1655 1221 1830 1293 habebatur,

63 1376 67 1383 .
125 1302 373 1377 quisejaotitant
400 1316 522 1372 regnum
541 1299 602 1363 Dei,
630 1314 752 1369 regnum
782 1295 953 1353 ssuntAnti·
1003 1294 1038 1348 sb
1054 1295 1285 1369 obsequentibus
1302 1302 1446 1360 militibus
1460 1306 1565 1362 inisset
1580 1308 1668 1366 allata
1681 1312 1828 1383 (58),pro·

119 1391 230 1449 ebriati.
246 1391 354 1462 Turpe,
371 1392 505 1463 inquom,
523 1389 623 1456 nimis,
641 1387 774 1443 animum
790 1386 848 1443 Deo
863 1386 949 1441 simi·
1005 1381 1288 1444 nauseamentis
1299 1406 1342 1447 nse
1352 1397 1698 1464 utscnpur'nemitominum
1706 1401 1829 1460 istorum

120 1481 178 1538 lem
194 1479 263 1536 baio
279 1477 357 1535 idolo
373 1479 532 1543 substerni,
550 1492 777 1549 curvaregenua
788 1482 856 1532 ante
867 1473 948 1545 llaal,
1002 1471 1107 1528 iiiam·
1123 1474 1215 1538 Ouum
1227 1478 1292 1548 «tuis
1309 1480 1384 1536 fudit
1394 1488 1422 1538 et
1448 1485 1545 1542 bibere
1560 1489 1661 1558 noluit,
1677 1493 1822 1562 scriptum

124 1571 169 1627 bis
180 1570 328 1625 bominem
345 1568 480 1624 amittere
491 1567 547 1640 (56)
560 1565 723 1631 maleficiis,
739 1564 848 1639 quibus
860 1564 949 1620 etiam
1002 1566 1046 1616 eat
1061 1561 1169 1620 diberit
1185 1581 1245 1622 eum
1261 1568 1383 1626 Domino.
1402 1571 1431 1627 Si
1445 1573 1533 1642 igitur
1547 1576 1583 1631 ab
1597 1584 1710 1634 armato
1720 1597 1785 1647 reae
1796 1582 1827 1640 iu

122 1657 289 1730 sapientum
302 1656 378 1714 oculi
389 1656 580 1723 fascinantur,
593 1662 624 1711 ut
634 1672 691 1711 noa
702 1655 820 1711 videant
830 1652 948 1721 coslum,
1002 1652 1178 1709 sacrificium
1196 1657 1243 1712 Dei
1255 1666 1385 1716 versaest
1395 1678 1472 1734 aqua
1485 1646 1829 1741 contempta,pensemus

121 1765 216 1821 neque
241 1749 433 1804 recordentur
455 1744 630 1817 judiciorum
658 1746 819 1816 justorum.
833 1742 948 1799 Scimus
963 1762 988 1830 Β
1003 1740 1090 1812 quale
1103 1743 1280 1802 sacrificium
1297 1750 1490 1820 omnipotenti
1507 1754 1564 1812 Deo
1581 1773 1629 1812 res
1644 1759 1758 1826 obtulit,
1775 1745 1827 1834 qui

119 1845 229 1905 autem,
247 1841 276 1893 et
293 1836 412 1893 Doruino
430 1840 485 1892 [teo
501 1834 611 1909 gratias
640 1833 766 1907 agimus,
783 1849 834 1888 vos
852 1831 947 1888 omni·
1002 1846 1054 1902 pro
1070 1830 1275 1902 illiusamore,
1292 1853 1484 1912 unusquam,
1502 1846 1552 1899 sed
1574 1863 1677 1902 aurum
1695 1850 1826 1923 accipere

22 1950 47 2009 '.
120 1926 217 1984 modis
233 1932 301 1982 ants
317 1925 465 1998 prelatum
483 1925 581 1997 lugere
596 1927 810 1995 tempestatem,
828 1920 948 1976 neodis·
1001 1922 1218 1992 contempsit«
1241 1923 1305 1980 Hae
1333 1930 1481 1986 sanctitati
1507 1941 1611 1990 vestrae
1641 1939 1828 2011 scripsimus,

27 2078 30 2083 ¹
120 2015 618 2089 simulanterindignarichristum
636 2011 949 2070 tteivelaurumudo·
1001 2019 1105 2076 secroto
1121 2009 1233 2067 similes
1248 2013 1321 2070 bene
1336 2015 1511 2075 habentibus
1535 2024 1701 2081 antidotum
1721 2045 1829 2099 procu·

122 2125 186 2166 rare
202 2123 371 2172 munerum,
390 2107 430 2162 vel
449 2108 575 2162 levorem
591 2121 720 2177 querere
746 2119 946 2176 personarum.
999 2099 1085 2154 ronti.
1099 2099 1210 2157 Etenim
1222 2103 1303 2158 sauia
1314 2122 1432 2177 quoque
1443 2108 1645 2182 languentium
1661 2131 1764 2171 manus
1775 2118 1826 2171 ali·

120 2198 228 2255 Sancta
244 2197 303 2253 haec
318 2201 347 2251 et
362 2196 420 2251 Deo
432 2194 733 2267 placensindignatio,
750 2210 838 2263 quam
854 2202 879 2248 et
891 2190 948 2247 lin-

100 2325 103 2328 »
121 2304 181 2362 gua
197 2285 328 2359 loquitur
342 2295 371 2341 et
386 2285 462 2341 actio
477 2290 643 2342 attestatur.
661 2284 834 2339 Audivimus
849 2287 947 2336 tameo

122 2394 181 2434 uon
198 2375 393 2446 defuisse,qui
409 2391 460 2430 vos
478 2378 613 2447 urgerent
629 2373 664 2428 sd
680 2373 827 2444 speciosas
842 2379 947 2441 etspe-

121 2469 236 2522 atsntes
252 2465 287 2517 ad
303 2469 426 2518 mortem
442 2461 519 2527 vias;
535 2462 584 2533 qui
603 2461 800 2516 dicereotrcrn
822 2466 947 2514 vestram

1002 2191 1120 2260 quaudo
1132 2192 1315 2263 protuerunt,
1333 2198 1530 2270 novimusque
1546 2211 1670 2271 portum.

1222 2282 1311 2352 Fuupt
1325 2287 1383 2340 uice
1401 2288 1481 2356 entis,
1498 2306 1609 2348 erectum

1047 2368 1168 2426 Reddere
1183 2386 1246 2444 quae
1259 2381 1366 2444 serram
1379 2380 1458 2446 uolet,
1475 2397 1569 2437 exsors
1585 2386 1643 2452 ipro
1657 2386 1780 2456 recondi,

1553 2472 1686 2546 (linear.)

122 2553 306 2624 sumptuosis
324 2567 380 2605 noo
395 2550 529 2606 sulficere
543 2548 678 2620 expensis
690 2567 698 2616 ς
710 2547 877 2604 babendum
890 2563 948 2618 prs
1000 2549 1073 2603 Sene
1086 2547 1155 2603 dum
1172 2549 1255 2606 vobis
1268 2550 1328 2608 heo
1343 2558 1537 2625 exaravimus,
1547 2565 1730 2620 exoravimus
1745 2582 1829 2623 soru-

123 2639 510 2712 msnibusquoddernouu
533 2654 643 2711 pauper
670 2636 818 2708 accipiat;
838 2635 949 2708 hisqui
1000 2639 1110 2691 tentem
1136 2643 1377 2712 renssetnorde,
1408 2661 1444 2702 ue
1474 2656 1622 2718 pateretur
1645 2653 1827 2711 hopdeteceu

122 2731 209 2789 altari
221 2729 396 2795 deserviunt,
406 2729 492 2785 licere
503 2730 538 2785 de
548 2728 633 2784 altari
645 2727 754 2796 vivere;
766 2726 880 2783 Saulem
899 2728 947 2796 [ot.
1001 2729 1129 2781 vestrum
1139 2725 1250 2798 pulsari
1260 2730 1458 2805 spiritumque
1467 2742 1831 2812 presumeretiseapotius

122 2819 260 2886 Saulem,
276 2817 323 2874 sed
332 2817 467 2890 mendose]
483 2817 663 2873 desiderium
681 2818 773 2873 animi
788 2817 832 2873 sui
845 2817 949 2873 vatici·
1001 2816 1173 2886 arrogantiae
1188 2833 1277 2889 quam
1292 2820 1427 2879 charitati
1440 2826 1828 2905 deputareigneratimper·

124 2909 173 2966 nio
187 2908 395 2981 quesiturum,
412 2907 522 2980 aliquid
535 2908 647 2980 argenti
660 2907 694 2962 ad
713 2906 884 2980 prophetam
902 2912 950 2962 tu·
1002 2905 1108 2960 tectum
1123 2904 1177 2961 hoo
1192 2907 1291 2964 anima
1307 2927 1379 2975 mea,
1393 2929 1460 2969 cum
1475 2917 1657 2987 depressam,
1667 2936 1697 2975 se
1710 2923 1828 2993 gravis·

121 2997 196 3054 lisso
210 2999 387 3054 Samuelem.
402 2995 567 3052 Verbabrac
577 2995 653 3052 sibili
671 3001 741 3051 eunt
755 2995 869 3068 antiqui
886 3011 948 3051 ser·
1001 2993 1085 3050 simis
1095 2997 1261 3053 excessibus
1277 3017 1335 3056 nou
1352 3003 1458 3060 audeat
1474 3007 1601 3065 distiteri.
1618 3010 1763 3085 Quidquid
1778 3028 1825 3068 ao·

19 3128 23 3135 ,
121 3089 229 3160 peratis,
245 3085 292 3144 cui
308 3101 413 3159 parum
428 3091 473 3141 est
488 3085 631 3142 absorbere
643 3085 834 3157 nuviummiai
850 3089 879 3140 et
891 3085 944 3141 boc
959 3118 981 3189 c
1000 3102 1062 3152 eum
1078 3086 1338 3161 (59)cst,ohar3tas,
1354 3099 1552 3173 docuitpujus
1569 3106 1612 3157 est
1626 3103 1826 3174 gauderecum

123 3179 245 3231 attentet
272 3182 304 3230 ut
329 3175 429 3247 iattuot
442 3172 574 3232 lordonis
588 3173 619 3232 sir
634 3190 663 3230 os
677 3175 737 3246 ejus
753 3175 811 3243 (lob
826 3191 871 3243 xc,
888 3175 942 3247 18).

123 3263 189 3321 Haeo
204 3264 334 3321 dicentes
362 3264 499 3338 ignorant
523 3265 624 3321 melius
638 3280 696 3320 esse
719 3264 859 3321 modicum
870 3265 946 3335 justo

120 3369 203 3421 super
214 3353 327 3410 divitius
340 3359 516 3425 peecatorum
533 3355 635 3410 multas
647 3355 701 3425 (Pe.
719 3370 815 3421 xxxva,
842 3354 896 3426 16).
914 3355 947 3410 at

41 3474 46 3485 ·
125 3442 243 3517 quidem
259 3443 326 3499 aaut
343 3446 442 3500 asinas
470 3443 661 3516 quaesiturus,
678 3452 814 3515 quartam
832 3449 944 3516 partem

123 3535 185 3593 sicii
201 3536 236 3590 ad
254 3534 419 3591 Samuelem
437 3535 535 3606 gerit3
552 3540 581 3590 et
610 3551 682 3590 uxor
700 3533 853 3590 Jcroboam
879 3550 946 3589 cum

122 3625 219 3698 passis
236 3626 343 3679 oviset
359 3624 486 3696 panibus
501 3623 538 3678 ab
552 3623 656 3678 aotam
671 3622 767 3678 virum
784 3621 832 3678 Dei
848 3623 946 3696 ingre·

120 3715 201 3770 ditur
216 3715 266 3780 (111
292 3715 356 3782 itep.
387 3714 499 3785 xrv,6).
516 3713 550 3769 lii
572 3714 712 3785 prolecto,
741 3712 818 3769 sicut
846 3712 948 3769 scribit

120 3803 317 3874 Hieronymus
329 3802 388 3873 (ubi
402 3810 506 3874 supra),
518 3802 589 3876 quia
598 3801 761 3858 didicerant
772 3802 799 3856 in
816 3803 947 3859 mercede

121 3890 271 3947 vaticinari
287 3889 455 3956 nonnullos,
472 3891 501 3947 in
531 3892 662 3947 mercede
681 3891 832 3947 vaticinari
849 3892 947 3948 crede·

123 3983 190 4037 bem
207 3982 332 4037 otiatus.
349 3983 489 4037 Caeterum
508 3991 608 4037 neuter
621 3998 722 4039 eorum
738 3979 948 4054 legiturdelata

122 4071 290 4142 suscepisse
303 4086 434 4140 munera,
447 4086 513 4126 cum
529 4070 625 4144 potius
636 4070 753 4127 Samuel
764 4071 836 4126 satis
848 4071 949 4141 bospi-

124 4160 222 4216 taliter
236 4159 353 4216 Saulem
371 4160 587 4233 pavisse,dhias
600 4176 665 4216 varo
678 4162 826 4233 prelatum
843 4159 946 4216 mulie·

124 4267 184 4307 rem
203 4251 253 4308 2³
267 4251 362 4308 verbis
376 4250 544 4307 durioribus
566 4251 732 4321 increpasse
758 4254 945 4305 memoretur.

125 4340 279 4398 Faciamus
294 4349 391 4398 autem
404 4358 454 4398 cos
470 4341 741 4413 accepisse,secund
747 4356 795 4394 um
808 4339 946 4396 eumdem

42 4452 45 4457 ·
123 4429 333 4505 Hieronymum
349 4449 357 4500 ;
372 4433 461 4503 stipes
479 4430 575 4504 potius
603 4429 733 4486 dicende
758 4434 828 4484 sunt
842 4428 944 4500 tempti

998 3191 1240 3262 gaudentibus,et
1255 3208 1322 3248 oum
1338 3192 1825 3250 infirmantibusintirmari.Vicem

999 3280 1071 3336 milri
1086 3282 1256 3355 rependitis.
1273 3283 1298 3338 si
1323 3283 1447 3353 diligatis
1465 3299 1511 3338 me
1534 3287 1563 3338 et
1576 3282 1668 3339 oratis
1684 3299 1735 3356 pro
1764 3297 1823 3339 me.

1212 3372 1264 3429 24
1293 3373 1461 3429 EPISTULA
1487 3374 1526 3429 IX
1537 3371 1608 3443 (611).

1200 3475 1233 3517 u.
1255 3462 1313 3532 (61)
1334 3478 1447 3519 acerum
1465 3477 1632 3519 auouonura.

1000 3551 1145 3607 erraturis
1161 3552 1310 3621 duplorum
1326 3555 1421 3624 repino
1434 3551 1539 3624 (eudem
1553 3567 1663 3617 prorsus
1678 3551 1711 3606 de
1725 3567 1780 3620 que
1797 3549 1828 3606 iu

1035 3625 1149 3693 epistota
1159 3625 1330 3695 precedenti)
1345 3625 1399 3679 duo
1425 3625 1596 3680 candelabre
1612 3638 1699 3678 auree
1722 3624 1830 3695 affabre

1033 3698 1108 3763 suctu
1123 3695 1277 3751 liitctetterto
1297 3706 1370 3752 ‹tono
1392 3699 1515 3752 miserat.
1542 3697 1608 3766 Ejus
1625 3695 1722 3749 toadot
1735 3697 1830 3749 muni·

1035 3767 1150 3838 materie
1160 3784 1199 3834 nr,
1214 3773 1240 3823 et
1254 3770 1281 3823 ei
1307 3770 1411 3836 prorius
1439 3783 1522 3839 opens
1536 3771 1675 3837 inpenrose
1701 3770 1833 3823 rennues

1035 3841 1134 3909 quenti
1152 3843 1189 3894 stt
1205 3838 1299 3896 merati
1314 3839 1415 3895 diuinis
1423 3856 1474 3912 pre
1488 3855 1537 3894 suu
1548 3842 1662 3910 quisque
1672 3840 1831 3896 condiacone

1034 3911 1177 3979 crroperurs'
1191 3915 1340 3983 mysteriis,
1354 3915 1380 3967 et
1395 3912 1462 3982 quid
1475 3913 1532 3978 ipae
1547 3913 1704 3982 spiritualis
1718 3911 1826 3966 emolu·

1033 3985 1121 4037 menti
1134 3998 1170 4038 es
1181 3984 1241 4055 ejus
1257 3989 1314 4039 tom
1328 3983 1445 4054 pretioso
1461 3998 1574 4038 metuere
1587 3984 1734 4052 percipiet.

1032 4071 1160 4126 Humilis
1175 4075 1408 4128 Cenomanorum
1421 4075 1556 4127 sacerdos
1570 4071 1603 4127 11.
1614 4070 1652 4126 Μ.
1664 4071 1720 4142 (eat
1734 4085 1825 4126 vene·

998 4158 1082 4214 rabili
1094 4160 1254 4233 Anglorum
1265 4163 1368 4232 regius
1379 4161 1472 4235 gloria
1482 4167 1510 4217 et
1519 4162 1627 4217 honore
1635 4160 1826 4233 dignissimae,

998 4249 1167 4306 salutemet
1182 4255 1349 4306 orationum
1366 4251 1548 4307 instantiam.

1033 4337 1157 4393 nituere
1172 4344 1217 4394 est
1231 4339 1356 4394 discrete
1368 4355 1485 4418 semper
1498 4357 1531 4395 ae
1549 4339 1665 4411 provide
1686 4337 1828 4395 benellcia

999 4427 1147 4485 oollocari.
1165 4428 1307 4486 Nesciunt
1323 4431 1396 4486 banc
1412 4429 1532 4486 excelsa
1554 4436 1712 4502 potestates
1729 4429 1826 4499 provi·

124 4535 212 4592 quam
227 4522 344 4588 premia
354 4520 746 4592 prophete.vosigituragite
759 4519 835 4591 quod
846 4517 943 4589 agitis,
1003 4520 1221 4592 dentiam,quaa
1233 4520 1387 4593 pulchrum
1399 4521 1619 4577 estbenelacere
1628 4519 1670 4576 vel
1681 4519 1826 4591 indignis.

37 4630 40 4635 ·
122 4606 249 4665 incedite
264 4608 591 4678 sicutcoepistis.Vosad
608 4624 706 4665 vocem
719 4608 947 4675 incantantium,

123 4702 152 4755 et
166 4699 287 4755 venefici
303 4700 482 4756 incantantis
494 4700 529 4754 ad
543 4697 789 4768 mortem,meotis
803 4713 889 4753 aures
900 4697 949 4753 ob·

159 4845 214 4918 (55)
231 4843 308 4911 abr,
324 4843 441 4913 spiritus
455 4844 598 4899 interioris
613 4846 715 4911 unctio,
731 4841 809 4915 quod
825 4841 855 4897 io
868 4841 947 4898 idem

123 4915 226 4974 recidit
240 4932 274 4971 ac
288 4916 406 4985 spiritus
422 4917 563 4970 interioria
576 4914 680 4970 unctio.

159 4987 277 5115 tutti
292 4986 450 5113 truita·
465 4986 581 5112 ittet
596 4988 675 5112 illl
691 4991 718 5041 ⁶²
738 4984 819 5042 ⁰⁰¹⁵
836 4982 905 5040 ⁴¹⁶⁸
920 4989 948 5041 ⁰²

125 5059 218 5201 ⁴Opi)
233 5129 352 5185 varran-1
370 5130 416 5184 uro
441 5099 569 5184 'muttum
581 5094 665 5184 'meas'
685 5129 811 5186 coerces.
829 5127 944 5183 aurora.

17 5208 19 5215 '
123 5202 166 5258 sio
180 5202 289 5257 habet:
308 5203 365 5270 Quo
387 5217 422 5257 ee
444 5217 518 5272 nque
546 5199 701 5256 Rerlsuredo
728 5199 949 5269 Guisipotlsorum

123 5272 194 5343 rapi.
209 5284 262 5331 ete.
278 5275 443 5328 Victorinus
458 5274 522 5329 card.
537 5273 601 5338 272,
620 5271 692 5329 Unde
709 5272 842 5329 Raruredo
861 5269 947 5327 Wisi-

122 5345 271 5420 potlrorum
286 5343 354 5411 repi,
370 5352 424 5400 etc.
443 5344 522 5402 Colo.
539 5344 620 5410 2662,
636 5345 697 5414 Qua
711 5359 827 5412 eroque
845 5342 947 5399 Recto·

123 5417 198 5483 redo,
213 5425 269 5472 etc.
299 5417 446 5471 taurianas
463 5418 552 5472 Paria.
583 5425 611 5470 et
624 5418 736 5474 Criton..
751 5419 813 5485 Qreo
827 5413 859 5469 de
875 5429 948 5485 nque

123 5488 292 5544 Bertuoredo
304 5488 528 5555 Guisipotirovum
541 5487 612 5556 rapi,
628 5495 684 5542 ete.
699 5489 768 5544 Cuur
785 5493 883 5541 autem
901 5484 947 5541 bio

124 5560 217 5616 asueti
234 5560 363 5632 Gregorii
384 5561 467 5617 locus
494 5562 670 5628 desumptus
696 5559 735 5614 sit
750 5566 776 5614 et
792 5558 878 5628 epist.
895 5555 948 5612 122

124 5629 261 5705 Registri,
278 5631 329 5689 lib.
345 5632 492 5700 rs,iudiet.
508 5649 540 5702 u,
557 5631 606 5688 ubi
619 5629 653 5687 D.
667 5628 753 5704 Greg.
766 5627 947 5688 recaredum

1002 4608 1102 4664 Talem
1118 4625 1172 4681 ego
1186 4613 1263 4678 apud
1281 4616 1308 4665 te
1324 4609 1557 4667 munificentiam
1573 4614 1720 4680 expertus,
1736 4607 1825 4664 bene·

1002 4697 1160 4754 dictionem
1168 4704 1249 4754 tuam
1265 4700 1423 4772 gratiarum
1433 4715 1593 4771 prosequor
1604 4698 1829 4767 actioueetupe·

1001 4839 1830 4993 ttttttlt?tilttttttettfttttetttt‘tttt

1002 4982 1092 5037 sieost
1104 4983 1339 5050 adherentessic
1350 4984 1561 5038 restituendum
1570 4983 1738 5039 censuimus
1750 4980 1829 5039 huno

1002 5053 1098 5109 locum
1116 5072 1122 5110 :
1138 5054 1196 5124 Quo
1210 5059 1245 5109 de
1260 5071 1335 5125 oque
1360 5055 1497 5111 liecuredo
1523 5054 1735 5123 Wisipotirorum
1751 5056 1827 5181 regi,

1002 5129 1051 5195 qui
1066 5125 1189 5181 osteum
1217 5126 1396 5183 astruerem
1419 5143 1468 5196 pro
1495 5129 1548 5183 Deo
1571 5131 1757 5182 recusauerat.
1803 5127 1828 5181 ic

1003 5198 1105 5251 beatus
1124 5199 1281 5267 Gregorius
1304 5199 1345 5252 ait
1360 5215 1367 5252 ε
1385 5198 1444 5266 Qua
1460 5200 1533 5255 inre
1557 5207 1629 5255 metat
1653 5197 1740 5254 Duuid
1755 5199 1827 5265 repis

1001 5268 1105 5338 suctum
1120 5271 1150 5325 e'u
1167 5272 1327 5326 memorium
1351 5273 1433 5331 uenit.
1451 5276 1496 5327 cut
1512 5287 1621 5327 cum...
1650 5274 1825 5342 contempsit.

1038 5339 1094 5409 (58)
1107 5341 1188 5398 uoto.
1205 5342 1286 5397 2662.
1301 5343 1391 5402 s'tiutu.
1407 5342 1503 5399 caeteri
1519 5344 1621 5399 uidete.

1037 5411 1092 5482 (59)
1107 5415 1183 5470 1011).
1201 5414 1285 5479 2662,
1300 5425 1420 5473 curtum.

1037 5483 1094 5551 (61))
1111 5486 1155 5542 ΑΙ.
1174 5487 1215 5542 18.
1231 5488 1345 5557 Scripta
1359 5502 1437 5543 orrea
1451 5500 1500 5541 aa.
1518 5485 1598 5543 1111.

1037 5554 1094 5624 (dl)
1110 5559 1153 5614 lta
1169 5574 1225 5613 ma.
1241 5557 1309 5612 Ebr.

1039 5626 1092 5700 (62)
1108 5630 1297 5688 Hildebertus
1310 5625 1453 5689 saltitat.
