3802 6030
51 309 133 372 lale

655 298 843 364 fllstontl
864 300 1157 372 huethbertum

1678 316 1758 378 1346

48 441 150 506 noetri
163 439 257 504 luerit
271 437 419 512 instituti,
434 454 474 498 ne
489 433 651 498 mluimem
667 433 797 517 quidem
812 453 920 499 eorum
935 446 1055 521 perlem
1073 443 1207 508 retinere
1223 446 1343 508 licitum
1361 445 1452 509 nobie
1467 464 1532 509 uon
1546 452 1656 512 eumue
1671 449 1756 513 erbi.

52 523 138 587 truti.

53 767 135 826 iteui
153 769 225 840 quot
237 768 308 821 eunt
322 762 406 821 eluiti
419 760 585 818 miserendo
600 759 701 816 ireude
716 756 835 832 eepulll,
891 768 920 834 Α
969 764 1027 823 Nec
1042 766 1113 824 lacit
1127 769 1268 826 eximium
1285 768 1414 828 Peliedie
1429 770 1591 845 ingenium.

90 860 318 928 contemptuque
334 851 381 909 liei
397 851 563 924 cognitione
578 850 638 907 reri

54 950 109 1017 Qui
124 946 274 1005 Christum
290 947 445 1015 spernunt,
460 941 546 1012 cujue
564 939 706 997 mirecule
720 943 854 1009 cernunt,

94 1039 185 1105 Quem
202 1033 358 1091 Dominum
375 1030 470 1088 solnm
487 1030 644 1086 contremit
657 1045 744 1085 cuine
759 1028 866 1087 solum.

57 1125 141 1185 Unde
158 1122 252 1196 megin
268 1126 369 1195 gentes
383 1136 414 1177 ee
430 1120 572 1175 demuent
587 1116 770 1190 incipientes,

95 1217 163 1283 oue
177 1213 329 1271 Christum
344 1210 453 1277 rident,
465 1209 536 1263 dum
554 1222 607 1264 eue
622 1222 712 1280 regne
725 1205 836 1263 vident.

57 1305 131 1365 Nem
147 1304 198 1376 qui
214 1302 346 1358 viderunt
363 1299 442 1355 hunc
454 1313 585 1370 pessum,
602 1311 655 1353 nee
670 1299 830 1369 potuerunt

93 1398 227 1464 Credere,
244 1392 371 1451 stultitia
386 1392 428 1448 eic
443 1389 591 1446 redimunt
604 1387 686 1445 vitie.

56 1489 113 1546 scd
130 1503 166 1543 ne
181 1485 362 1555 delinquam,
378 1479 518 1554 quoniem
536 1479 624 1535 modo
638 1477 735 1535 teilter
747 1476 883 1550 inquem,

92 1582 166 1633 Neve
184 1575 293 1631 tuendo
309 1588 374 1628 rece
389 1570 446 1626 eim
463 1585 531 1626 reue
545 1568 623 1624 inter
636 1583 697 1634 ene,

55 1668 204 1726 Christum
220 1663 366 1736 eprevieee
381 1660 492 1718 crimen
508 1658 654 1714 contendo
669 1655 772 1724 luieee,

92 1758 147 1814 Sod
164 1756 213 1827 qui
229 1751 422 1825 custodiente
439 1748 550 1805 veniale
565 1746 638 1803 luit:

55 1851 91 1904 tlt
108 1845 204 1902 eor-lue
222 1844 352 1898 iinmene
364 1840 397 1896 iit
412 1855 467 1895 nou
484 1837 537 1893 tihi
552 1838 680 1904 credere,
696 1835 829 1904 Chrietc;

94 1935 188 2008 thue
202 1932 307 2006 loquer
320 1938 393 1996 tuto,
409 1946 465 1985 non
482 1927 595 1982 veniele
612 1932 692 1995 puto.

59 2026 132 2084 Num
150 2023 263 2080 leoinne
277 2024 344 2085 teto,
362 2027 422 2075 tem
437 2020 557 2083 durum,
572 2025 631 2071 lem
647 2012 782 2087 cepitele,

95 2115 166 2180 Quin
180 2114 303 2185 dignum
319 2109 403 2166 venie
417 2109 548 2164 crederet
561 2121 626 2162 eene
642 2102 713 2177 piel

59 2206 118 2262 Hos
131 2212 227 2259 eutem
245 2202 350 2274 dignos
361 2206 469 2255 eterne
484 2203 576 2252 morte
593 2194 750 2267 melignoe,

92 2294 195 2351 indice
212 2308 256 2346 nie
271 2289 377 2362 cupiet,
393 2293 481 2358 etque
496 2301 583 2342 vorex
596 2284 689 2356 repiet

57 2383 183 2444 lnllrnue
199 2379 341 2443 internus,
359 2392 412 2431 nec
427 2375 477 2446 qui
495 2372 621 2429 eetielur
636 2374 784 2439 lrornne3

94 2473 204 2544 Vixque
221 2476 317 2542 potent
330 2466 417 2522 ecribi
429 2465 499 2536 quid
517 2463 670 2535 potiuntur
684 2460 735 2517 ibi.

60 2564 143 2637 ignie
157 2577 207 2619 eos
219 2565 318 2624 torret,
335 2557 370 2612 ed
388 2571 474 2628 quem
492 2553 565 2609 mihi
575 2553 639 2623 jem
655 2551 731 2607 cotie
747 2549 866 2617 horret3

96 2655 152 2712 ilee
164 2652 299 2727 equidem
315 2649 424 2711 sonitu,
441 2662 487 2701 ree
501 2642 599 2717 grevie
613 2640 777 2698 edmonitu.

61 2745 132 2805 ilion
149 2746 289 2800 intentent
304 2740 429 2795 miceroe
444 2736 614 2804 vicihueqne
629 2731 785 2789 moleelent

98 2838 205 2907 igneus
221 2832 288 2886 inde
304 2828 395 2899 vigor,
413 2823 529 2897 trigoris
542 2822 610 2878 inde
625 2819 712 2893 rigor.

62 2921 136 2979 Nem
152 2919 194 2976 eie
209 2919 398 2981 damnentur,
416 2917 449 2968 ut
463 2911 570 2984 trigone
585 2925 663 2965 nuuc
678 2906 841 2981 petienlor,

99 3009 275 3077 linumque
291 3020 351 3059 tice
365 3000 509 3074 sulphure
525 3000 611 3055 miste
624 2998 698 3072 pice.

61 3098 178 3155 Vermie
194 3113 244 3152 ece
259 3093 344 3158 rodit,
360 3107 435 3164 quoe
450 3089 636 3159 omnipotens
652 3088 727 3143 licui
741 3085 814 3154 odil,

97 3187 242 3259 Pmnnque
258 3185 291 3240 llt
308 3180 402 3255 previe
417 3177 614 3249 multiplicate
626 3176 736 3248 grevie.

60 3278 142 3351 lgnie
154 3274 195 3330 ihi
207 3274 335 3346 epieeue.
349 3286 437 3339 quern
455 3272 531 3323 tetre
546 3264 667 3322 revolvit
681 3264 824 3337 ehyeene:

98 3370 251 3436 Nunquam
268 3366 352 3431 grute
366 3359 428 3414 dice
442 3362 488 3414 eet
504 3354 555 3424 ihi,
573 3353 655 3410 nulle
671 3355 765 3427 quiee.

61 3454 171 3512 Ultimo
186 3450 258 3525 quid
272 3448 374 3507 eervoi
392 3464 438 3504 ree
453 3445 522 3503 huic
537 3442 650 3501 eccedit
665 3457 766 3499 ecervo

97 3543 218 3601 Cunetio
233 3539 359 3612 pretetis
370 3537 436 3609 plue
455 3535 623 3592 miserendo
635 3531 725 3598 setin

58 3638 180 3704 Semper
195 3631 304 3703 lugere,
324 3627 473 3683 crucietur
488 3625 546 3680 line
562 3637 677 3679 cerere:

98 3727 157 3779 tloc
172 3737 237 3777 vere
251 3720 370 3793 grevine
384 3721 413 3773 et
428 3713 637 3771 minerehiliue.

62 3814 130 3880 Qun
146 3828 212 3868 cnm
230 3824 347 3866 nerrere
364 3804 462 3862 nniiue
477 3808 566 3877 quool
580 3806 609 3858 et
625 3816 789 3871 numerere,

100 3906 160 3960 Cur
174 3916 227 3973 ego
243 3901 407 3963 dinumero,
425 3911 492 3951 cum
508 3895 628 3949 cereent
642 3888 789 3947 numero?

41 3991 118 4051 ‘Sed
135 3994 211 4047 mete
224 4004 326 4047 secure
341 4002 414 4059 gene
431 3982 567 4038 flebiliter
581 3982 721 4053 periture,

97 4080 224 4138 Perlldie
237 4080 351 4145 tebene,
367 4074 408 4131 nii
425 4073 548 4129 notionis
561 4071 684 4136 hebone,

60 4172 91 4230 Si
111 4175 209 4242 poeeet
224 4169 300 4225 ecire
316 4166 359 4221 eic
374 4181 406 4221 eo
421 4163 526 4220 dehere
543 4161 649 4234 perire,

98 4261 158 4318 tlon
173 4268 241 4331 pulo
257 4260 414 4317 desereret,
430 4259 459 4309 et
474 4251 531 4307 eibi
546 4253 713 4307 concuteret

61 4351 220 4421 Linquerel
234 4362 373 4413 errorem,
389 4348 428 4411 te,
442 4340 569 4405 christe,
585 4354 713 4412 eequene
730 4338 889 4408 meliorem,

101 4437 328 4507 consuleretque
343 4433 400 4489 eibi
410 4436 479 4486 vole
493 4430 612 4486 terendo
627 4429 690 4486 tibi.

66 4530 121 4587 Sed
138 4533 208 4583 eunt
223 4524 338 4597 pegeni,
354 4522 404 4594 qui
417 4536 470 4591 epe
486 4519 627 4575 luduntur
638 4518 729 4586 ineni,

102 4621 155 4689 oul
168 4631 351 4692 quecunque
370 4615 471 4670 volunt
488 4628 539 4683 pro
551 4612 659 4667 deitato
672 4613 784 4669 colunt.

66 4699 891 4784 Neogeneerroresubducitur[fieedncitur1iiieminore,

101 4798 143 4855 De
158 4813 217 4873 que
233 4793 371 4868 propoeui
386 4791 525 4857 scribere,
541 4805 592 4846 ceu
609 4789 700 4861 potui.

933 856 1053 912 ltertem
1068 873 1134 914 cum
1152 858 1262 916 Venere
1275 859 1346 916 dicit
1361 859 1469 916 deitete
1487 877 1597 927 curere,

971 946 1004 1002 itt
1019 953 1107 1021 neget
1121 963 1187 1005 eene
1201 950 1288 1006 deum
1304 966 1369 1006 curn
1383 949 1506 1007 Protheo
1522 950 1659 1010 Nereum.

935 1034 1080 1109 Quidquid
1097 1041 1127 1092 et
1141 1038 1270 1111 entique
1284 1038 1338 1095 iuil
1352 1036 1421 1094 olim
1437 1038 1551 1095 lreudie
1568 1039 1686 1113 ubique,

971 1124 1081 1181 Horum
1097 1127 1153 1182 nub
1164 1125 1258 1183 tilulie
1273 1127 1357 1183 viluit
1371 1126 1418 1183 hie
1435 1125 1563 1199 popuiie.

935 1211 1001 1270 lieo
1013 1221 1212 1283 exsecrentur,
1227 1219 1315 1272 eteoe
1330 1215 1392 1272 heo
1405 1217 1457 1287 qul
1472 1220 1664 1286 venerantum

971 1304 1030 1363 Hcs
1044 1322 1162 1380 quoque
1177 1307 1340 1375 conlutent,
1356 1311 1385 1364 et
1395 1309 1519 1364 mieeroe
1534 1312 1681 1380 reputent,

936 1394 1037 1451 Vivere
1051 1396 1180 1452 dicenter
1194 1396 1271 1454 eicut
1284 1397 1384 1454 lenum
1400 1395 1598 1467 oomedeutee,

971 1486 1062 1558 AEque
1076 1485 1192 1543 tudens
1206 1485 1454 1560 christicolaeque
1468 1501 1545 1543 reos.

936 1574 973 1631 Se
988 1576 1091 1632 dicunt
1104 1592 1217 1648 cupere,
1232 1578 1281 1634 sed
1298 1594 1351 1634 noe
1367 1577 1479 1634 retione
1492 1591 1590 1634 cerere

973 1664 1006 1721 iit
1022 1682 1074 1722 noe
1090 1667 1167 1722 elcut
1181 1681 1231 1722 ece
1246 1667 1373 1724 dicimus
1388 1681 1454 1723 enee
1468 1681 1545 1723 rece.

937 1753 986 1811 Sic
1000 1755 1168 1812 ineeneelon
1183 1772 1237 1813 noe
1252 1756 1306 1825 illi,
1321 1773 1410 1831 oeque
1426 1758 1536 1829 houton,

973 1843 1108 1901 Dicenlee
1122 1862 1187 1902 vere
1198 1863 1229 1903 ee
1242 1845 1399 1903 Dominum
1411 1846 1515 1914 colere,

938 1933 993 1999 Qui
1011 1936 1086 1990 liene
1100 1934 1130 1991 iu
1147 1935 1218 1992 emin
1229 1935 1313 2008 juelo
1325 1936 1400 2009 regit
1414 1936 1512 1993 omniu
1528 1937 1586 1993 telo
1601 1937 1635 2012 [Ι.
1649 1937 1741 2015 eeio];

974 2024 1027 2077 Sed
1040 2038 1113 2095 gene
1129 2040 1227 2080 revere
1242 2040 1300 2080 non
1316 2024 1386 2081 coiit
1400 2025 1479 2082 huno
1494 2027 1613 2083 minere.

939 2111 992 2167 iiic
1007 2112 1031 2168 ei
1046 2118 1194 2182 queretur
1206 2113 1273 2187 quie
1286 2113 1326 2170 eit
1340 2130 1428 2187 quern
1443 2114 1486 2171 eic
1500 2118 1668 2184 veneretur,

938 2201 1042 2258 lm
1050 2200 1160 2258 Nomen
1177 2201 1492 2271 hebetllehumet;boc
1507 2204 1580 2259 duco
1590 2203 1645 2260 tine
1656 2204 1761 2263 tuuiet.

938 2290 982 2346 liti
995 2296 1168 2347 cunctorum
1183 2290 1270 2350 ceeeit
1285 2291 1401 2348 culture
1415 2292 1547 2361 deorum,

975 2379 1029 2446 Qui
1044 2384 1123 2436 tenet
1135 2382 1168 2436 ut
1183 2379 1334 2453 proprium
1349 2380 1476 2453 perfidie
1491 2380 1609 2438 entium.

939 2468 1056 2541 Expulit
1071 2484 1184 2527 erroree
1197 2484 1280 2526 error
1291 2485 1384 2525 novue
1400 2469 1456 2526 iele
1467 2472 1588 2540 priores,

975 2558 1174 2615 eructuaret
1188 2558 1242 2614 eoli
1258 2567 1327 2615 eunt
1340 2558 1407 2614 dete
1420 2574 1511 2630 regne
1524 2559 1581 2616 doit
1597 2560 1630 2635 [t.
1647 2560 1729 2636 poili.

938 2647 1762 2721 littuenmmornmepeculum,Godebeide(8t),virorum,

975 2738 1056 2805 Quod
1074 2737 1158 2793 inerit
1172 2737 1279 2810 queris
1295 2736 1471 2809 principium
1487 2737 1618 2807 eceierie,

940 2827 1094 2899 Prirnnque
1109 2833 1257 2882 tentorum
1275 2828 1362 2882 luerit
1376 2842 1439 2898 quer
1454 2843 1544 2883 censu
1560 2826 1719 2895 melorum,

977 2917 1112 2987 Precipie
1127 2917 1299 2988 expediem;
1316 2916 1462 2989 precipio,
1477 2926 1504 2972 et
1521 2917 1637 2973 l'eciem.

940 3005 1001 3070 Ouo
1017 3005 1042 3059 ei
1057 3006 1196 3076 dignetur
1212 3008 1287 3063 lteue
1304 3013 1335 3062 ut
1350 3011 1476 3077 emptum
1490 3014 1655 3077 peragetur.

977 3101 1050 3150 llum
1068 3094 1213 3165 tuejueen
1229 3110 1347 3166 nequer,
1362 3097 1405 3150 nic
1419 3094 1483 3163 lege
1499 3100 1600 3150 noetre
1615 3110 1728 3167 precor.
1749 3096 1765 3167 ζ
1884 3134 1889 3143 .

1198 3180 1339 3239 CANTUS
1361 3182 1504 3239 PltlltUS.

941 3274 1010 3331 Plue
1026 3276 1119 3336 nocet,
1134 3272 1281 3340 utnoetie,
1297 3271 1332 3328 ed
1343 3278 1451 3327 ennete
1463 3270 1644 3329 nomerttou·
1657 3271 1766 3349 boetie,

976 3363 1012 3419 ltt
1025 3377 1072 3419 ree
1085 3361 1149 3433 ipee
1164 3363 1249 3418 docet
1263 3359 1390 3433 queliter
1403 3359 1452 3416 illc
1470 3368 1563 3418 nocet.

939 3451 1014 3509 Nem
1031 3449 1107 3508 mele
1122 3451 1244 3507 devotus
1258 3449 1379 3523 quidem
1396 3449 1573 3521 heptiemete
1585 3447 1674 3507 lotue.

977 3539 1086 3598 Plenue
1101 3539 1225 3613 perlldie
1237 3538 1310 3596 vixit
1324 3537 1353 3594 in
1371 3537 1507 3595 Breieeie.

942 3630 995 3688 Per
1004 3628 1259 3704 megieeelreudoe
1269 3643 1405 3700 querene
1416 3627 1569 3686 hominurn
1583 3629 1641 3686 eibi
1652 3627 1768 3699 lenden,

980 3720 1013 3778 tit
1027 3736 1082 3775 ene
1097 3735 1149 3792 per
1162 3718 1260 3775 etudie
1274 3722 1392 3775 eorruet
1406 3716 1551 3787 dociesle3
1837 3704 1842 3711 ’

941 3807 1023 3875 Quod
1039 3810 1109 3865 dum
1124 3807 1238 3865 ceiehet
1251 3812 1280 3864 et
1294 3814 1378 3866 ceute
1392 3806 1610 3876 dieeimuiebel,

978 3901 1033 3958 Ceu
1051 3899 1140 3970 iupue
1153 3898 1286 3957 ecoieeiie
1300 3899 1377 3957 eedit
1389 3899 1420 3955 in
1435 3900 1562 3956 incidite.

942 3990 1000 4063 (85)
1015 3988 1097 4046 Dnici
1112 4003 1259 4058 eermone,
1274 3987 1344 4045 ilote
1358 4004 1476 4061 quoque
1491 3987 1644 4061 relligione

979 4077 1133 4135 Blenditur
1147 4076 1254 4150 populo
1270 4077 1326 4135 cub
1342 4076 1410 4134 iidel
1424 4075 1520 4134 titulo.

944 4167 1048 4225 Feieue
1063 4168 1099 4223 ed
1115 4166 1170 4224 hoe
1184 4167 1269 4224 teetie
1284 4170 1445 4223 eooeeeeret
1458 4165 1579 4241 horride
1594 4164 1695 4239 peetie,

979 4259 1049 4315 Fote
1062 4258 1137 4316 cibis
1153 4274 1228 4324 rero,
1242 4255 1371 4314 meroide
1385 4271 1459 4328 pene
1473 4271 1561 4324 cero3

944 4347 998 4417 Qui
1016 4347 1116 4421 procui
1133 4364 1150 4404 e
1165 4347 1234 4402 ludo
1249 4344 1375 4418 lugiene,
1391 4343 1452 4399 ibet
1466 4345 1538 4416 pede
1553 4343 1641 4412 nudo,

980 4439 1135 4495 Submieeo
1152 4437 1205 4494 rite
1217 4439 1323 4493 cuncte
1335 4434 1461 4505 ioqnene
1474 4434 1581 4506 cepite.

945 4532 1068 4598 Quendo
1084 4528 1339 4602 pergehetcorem,
1353 4541 1407 4582 ene
1422 4523 1504 4581 lehre
1519 4523 1663 4581 morehel.

981 4622 1019 4679 Ut
1032 4623 1166 4676 sunctum
1182 4620 1280 4673 teneet
1292 4615 1428 4689 quinquie
1441 4614 1525 4670 iilum
1541 4613 1647 4670 videet.

945 4711 1002 4769 Sed
1017 4706 1194 4779 euepirendo
1208 4704 1233 4762 ei
1248 4703 1362 4762 tolieret
1377 4703 1424 4759 hlo
1439 4702 1602 4777 eliquendo

980 4793 1132 4851 Demiseoe
1144 4790 1256 4857 ocuioe,
1271 4789 1397 4848 concitet
1413 4792 1445 4846 ut
1460 4787 1598 4862 populoe,

64 4890 135 4963 lpee
148 4887 229 4944 iovis
246 4886 389 4941 muudum
405 4878 504 4937 lrelris
522 4882 607 4944 necet
620 4892 683 4933 ecee
703 4877 892 4949 protundum,
908 4878 932 4946 ὓ
946 4883 1029 4939 'l'unc
1043 4878 1191 4938 exeitebnt
1205 4882 1318 4952 petmee
1330 4893 1489 4951 uicemque
1505 4877 1628 4947 levebet,

105 4974 221 5033 Plutoni
235 4972 369 5046 Stygium
385 4966 514 5025 detrahit
528 4964 696 5035 imperinm,

67 5070 104 5126 El
115 5069 232 5138 reputet
243 5077 348 5119 venem
362 5075 424 5116 rem
439 5073 507 5113 cum
521 5053 638 5111 lunone
651 5053 783 5125 Dienem,

105 5212 163 5276 (titt
177 5208 365 5268 Godebeldue
381 5205 428 5260 ille
443 5203 508 5275 quie
525 5199 612 5255 luerit
628 5213 685 5254 uon
703 5197 804 5272 liquet.

104 5283 242 5353 (85)an
271 5280 428 5354 hypocrite
456 5280 485 5329 et
513 5271 661 5328 veterrimi
693 5270 820 5328 bominis
843 5271 896 5330 de·

68 5364 191 5428 scriptio
206 5371 262 5409 non
287 5345 520 5422 improbabiliter
534 5344 637 5400 cedere
654 5349 753 5414 ponect
767 5359 795 5397 ιη
826 5342 894 5400 Ser·

69 5429 165 5501 ginin,
180 5443 235 5480 non
249 5423 366 5492 quidem
379 5422 462 5473 illurn
480 5413 675 5488 petrinrebenr
690 5416 895 5473 conetentino·

71 5499 248 5572 politanum,
264 5494 354 5559 hujus
372 5491 500 5546 norninie
513 5488 535 5552 l,
547 5500 596 5558 qut
611 5485 676 5569 ipee
691 5484 896 5556 idoliothelite,

69 5569 238 5628 Heraclium
254 5568 461 5638 imperatorem
477 5558 897 5624 ldouotheirtem,etitonotbe·

69 5641 191 5702 litorum
206 5642 401 5712 protectorem
417 5632 551 5692 edoceret
565 5630 609 5704 (ul
629 5628 750 5701 quidem
775 5646 896 5692 erronee

982 4970 1044 5028 Non
1060 4985 1112 5043 pro
1127 4984 1159 5026 ee
1174 4983 1311 5037 moerens,
1326 4967 1376 5024 ned
1394 4967 1491 5039 populi
1510 4967 1663 5024 micerene.

947 5064 1021 5118 Nem
1037 5062 1073 5117 de
1087 5075 1119 5117 ee
1132 5063 1225 5130 tutuo,
1240 5057 1280 5114 nil
1294 5065 1338 5114 eet
1353 5056 1411 5114 niel
1425 5071 1517 5130 peuce
1530 5055 1658 5122 locutor,

949 5209 1019 5262 eunt
1030 5202 1218 5272 opinetit,eed
1233 5200 1322 5259 elium
1332 5201 1465 5274 Sergium
1481 5198 1774 5269 ltrmeuumpeeudo·
1872 5198 1876 5203 “

950 5274 1339 5339 rnonnchumeteoiordinie
1353 5280 1527 5345 epostetem,
1536 5275 1585 5345 qui
1594 5272 1768 5329 ‚trienorum

948 5358 977 5404 et
992 5345 1232 5403 Nestorienorum
1247 5347 1396 5403 erroribus
1412 5346 1548 5410 inlectue,
1566 5344 1655 5409 impin
1671 5342 1774 5399 idebu-

949 5420 1018 5476 meti
1033 5433 1118 5473 eoem
1134 5422 1205 5473 tnnc
1227 5426 1335 5474 rectum
1352 5418 1508 5474 instituere
1532 5415 1697 5483 meditanti,
1712 5420 1773 5471 tem
1880 5444 1884 5453 ·

948 5491 1088 5549 teneciter
1103 5490 1277 5560 edheeeret,
1293 5494 1325 5546 ui
1338 5488 1389 5546 iilo
1401 5486 1604 5562 nequieeimue
1619 5485 1669 5542 ilie
1684 5500 1774 5558 pecu·

948 5564 1040 5695 ggpgo
1062 5561 1133 5693 gerit?
1156 5563 1192 5619 ed
1220 5562 1397 5619 hlnorenum
1423 5575 1512 5620 nuum
1535 5555 1775 5616 concinnendum
