3802 6030
505 249 595 315 vlla
617 250 649 312 S.
672 247 848 312 nonsart
870 247 956 312 ΑΒΕ.
973 247 1093 314 'GASAE
1114 250 1191 316 bat.
1214 284 1253 301 -
1275 252 1350 317 tta.
1373 253 1412 318 ll.

66 254 145 319 esse
1693 258 1774 323 troo
1860 224 1863 229 ’

68 404 125 447 non
150 388 289 460 ignobilis
313 389 403 446 tiliam
418 388 555 457 babebat,
580 402 643 460 qna
659 385 767 443 tadum
783 384 888 439 inmo·
905 385 1025 458 Agere,
1048 402 1107 459 quo
1135 390 1246 450 nullius
1274 396 1401 468 petentis
1426 396 1499 454 ddes
1518 398 1601 470 justo
1626 396 1771 455 desiderio

69 480 152 547 dum,
170 479 242 536 lacie
267 480 435 547 tumefacta,
460 476 586 551 geminis
610 477 699 532 etiam
716 473 894 546 jamdudum
947 475 1142 536 fraudaretur.
1167 483 1270 539 Statim
1287 486 1316 541 in
1342 501 1424 551 spem
1441 492 1549 544 certam
1566 493 1679 544 erectus
1695 487 1770 545 bauo

70 575 155 641 capta
171 568 480 640 luminibus,duplicis
491 565 669 623 incommodi
684 563 763 637 gravi
779 562 895 619 sarcina
947 581 1012 623 esse
1027 566 1131 627 salutis
1155 571 1231 637 tilio,
1247 573 1327 631 volut
1349 576 1512 648 attingendi
1529 576 1636 635 littoris
1651 578 1768 635 nuicam

69 660 268 732 premebatur.
291 657 394 713 Visum
422 663 467 713 est
496 655 571 729 patri
597 660 662 726 post
685 661 813 724 tempus,
842 651 894 725 qul
947 655 1037 722 riam,
1057 665 1139 729 parat
1162 661 1288 719 tumulos
1312 667 1614 740 etancillam,etqun
1635 683 1771 723 necessa·

69 748 172 820 puelle
197 749 333 803 miserias
358 747 471 804 moestis
494 745 655 803 visceribus
678 743 837 809 indolebat,
861 747 894 798 ut
947 744 991 801 ria
1015 745 1201 818 videbantur,
1225 753 1451 828 impositamque
1480 757 1607 830 puellam
1636 756 1769 814 vehiculo

67 856 132 896 eam
149 846 186 895 ad
197 839 290 894 sancti
307 839 359 894 viri
377 839 545 910 sepulcrum
558 837 708 908 dirigeret,
719 834 767 890 ubi
784 832 893 889 multos
947 835 1013 890 duci
1030 835 1346 911 lestiuaulerjubetad
1360 847 1656 911 sanctum,marsbris
1672 851 1767 902 tantan

67 929 194 1001 recipcre
210 929 365 983 sanitatem
382 927 571 983 celeberrima
585 928 646 997 jam
664 925 742 979 lama
756 920 891 993 vulgave-
946 925 1081 981 omnibus
1097 928 1278 999 impeditam.
1295 949 1331 988 ue
1342 950 1420 989 more
1435 950 1489 991 suo
1505 934 1668 1003 prosiliens,
1684 951 1771 1009 quos·

68 1025 123 1073 rat.
139 1019 228 1072 Docta
244 1024 288 1071 est
308 1033 382 1072 coca
397 1017 431 1071 ad
449 1022 583 1072 sanctum
606 1013 712 1070 luridis
728 1011 892 1067 tumoribus
946 1009 1126 1070 libetobvios
1137 1021 1432 1076 sauciaret.tterillud
1445 1022 1571 1078 medium
1582 1024 1658 1097 quod
1669 1024 1771 1079 tende·

66 1106 168 1163 taciem
191 1107 365 1175 deformata,
380 1114 487 1177 etpost
510 1105 657 1162 modicum
680 1103 766 1158 rediit
778 1101 891 1168 videns,
945 1102 1015 1160 bant
1036 1104 1147 1177 Ligeris
1163 1108 1270 1165 burrus
1292 1109 1459 1180 dirimebat,
1475 1116 1560 1184 cnjus
1576 1115 1677 1188 utique
1692 1114 1770 1183 rapi·

65 1191 890 1269 inpristinamdecorivultusiruagiueurreparata.Nam
945 1191 1129 1251 dostluctus
1153 1199 1352 1255 solentetiam
1382 1217 1455 1257 sana
1482 1205 1578 1274 capita
1602 1204 1769 1261 formidare.
1880 1258 1883 1263 ,

70 1287 140 1342 dum
168 1286 303 1356 precibus
327 1284 457 1340 assiduis
484 1283 581 1353 ptrrlsal
598 1289 701 1347 Deum,
718 1280 890 1352 qualessibi
944 1280 997 1338 Hie
1025 1285 1126 1340 vincta
1150 1289 1237 1356 coepit
1265 1286 1372 1345 babere
1397 1292 1459 1360 jnm
1489 1291 1606 1355 mellus,
1634 1302 1662 1348 et
1690 1291 1770 1349 vultu

65 1375 184 1430 contriti
200 1375 297 1429 cordis
312 1374 440 1429 dictabat
455 1370 661 1439 amicandum
672 1371 748 1426 beati
760 1368 890 1426 lietberti
945 1373 1044 1429 lm
1065 1375 1327 1444 tranquilloverbis
1342 1379 1461 1435 mitibus
1476 1381 1598 1436 comites
1614 1380 1771 1452 appellem

66 1470 215 1520 nomenoi
232 1463 336 1519 rnerita
361 1463 471 1535 sapius
486 1465 678 1527 contestatur,
694 1475 817 1516 unusex
832 1458 889 1515 ira·
944 1462 1085 1519 nimirum
1103 1466 1220 1521 virtutis
1237 1466 1290 1523 boc
1304 1473 1378 1535 erat,
1396 1484 1453 1525 uon
1472 1473 1582 1525 natura
1593 1470 1770 1539 remedium,

66 1554 162 1610 tribus
187 1553 389 1621 coemendis,
415 1553 450 1608 de
473 1552 554 1607 vultu
579 1549 731 1624 gestientis
749 1548 890 1621 colligans
944 1550 992 1606 ubi
1010 1550 1076 1624 plus
1103 1558 1213 1624 poterat
1227 1553 1379 1629 lymphata
1403 1559 1526 1614 maxime
1542 1564 1645 1615 natura
1660 1559 1770 1615 terreri.

65 1642 261 1715 supplicantis
285 1643 434 1708 allectum,
454 1640 584 1697 admovit
598 1640 686 1695 etiam
701 1637 822 1694 vocibus
838 1653 889 1693 aa·
944 1660 959 1690 a
975 1641 1079 1707 Quare.
1097 1641 1253 1714 lnquit,me
1270 1646 1380 1717 punitis
1395 1645 1472 1701 velut
1487 1654 1635 1704 mortuam
1652 1648 1770 1705 involvi·

66 1747 139 1793 rem,
156 1733 316 1804 statimque
332 1732 437 1804 pietate
452 1736 604 1804 permotus
619 1730 780 1800 ingemuit3
797 1731 827 1783 et
839 1741 889 1782 ve·
943 1727 1022 1785 atla?
1045 1729 1166 1797 Solvite,
1181 1747 1288 1802 queso,
1314 1733 1473 1802 defessam,
1498 1752 1551 1792 nee
1575 1735 1653 1793 ultra
1677 1736 1772 1795 velitis
1862 1720 1866 1727 ¹

63 1817 112 1877 lox
127 1819 243 1888 allecto,
261 1821 360 1876 vinum
386 1837 443 1891 quo
458 1819 549 1875 lotum
560 1819 656 1874 tuerat
670 1832 775 1887 eorpus
791 1814 886 1871 sancti
943 1818 1070 1875 vinctam
1086 1836 1229 1878 coercere.
1252 1843 1267 1873 a
1282 1821 1330 1880 Sin
1350 1822 1445 1879 soluta
1470 1825 1624 1883 coelestim
1640 1830 1699 1885 toto
1722 1826 1771 1883 iu·

62 1909 167 1964 detulit
188 1910 372 1979 festinanter,
389 1925 482 1981 eoque
503 1913 592 1963 totam
608 1906 711 1963 lactem
728 1904 885 1978 pavitantis
943 1908 1066 1966 larvalln
1082 1916 1180 1966 menta
1196 1911 1527 1984 placitacouqutevirat
1544 1915 1592 1971 ubi
1606 1916 1641 1971 ad
1653 1931 1770 1972 sacrum

62 1999 167 2055 mil
193 1999 341 2069 respersit.
368 1997 473 2054 Verum
500 1996 551 2053 illa
571 1996 621 2052 ubi
642 1996 788 2069 persensit
801 1994 885 2051 auxi·

61 2088 149 2144 liares
164 2089 270 2145 sacrati
292 2087 388 2144 laticis
409 2093 521 2161 guttas,
536 2086 613 2141 idem
626 2086 682 2141 sibi
700 2084 762 2140 lieri
778 2083 885 2156 sapias

61 2177 222 2248 flagitabat.
239 2178 318 2245 Quod
335 2195 401 2233 num
417 2194 468 2249 per
479 2176 541 2233 diss
554 2175 665 2246 aliquot
677 2175 784 2230 lactum
796 2176 884 2239 asset,

59 2267 205 2340 integram
230 2268 338 2338 recepit
352 2265 460 2322 lemica
485 2267 649 2322 sanitatem.
667 2263 753 2320 Redit
767 2262 801 2317 ad
818 2277 886 2318 suos

62 2356 134 2412 lacte
155 2356 333 2421 collustrata,
351 2373 438 2429 quam
456 2372 508 2412 nec
523 2355 612 2410 videri
626 2355 687 2424 jau
702 2355 818 2424 pudeat,
833 2367 887 2410 nec

61 2447 229 2502 vitiantibus
246 2461 366 2502 neccsse
389 2456 424 2500 stt
439 2445 579 2501 invidere.
596 2443 718 2502 Gerasus
734 2448 779 2498 aa
795 2447 886 2511 puter,

61 2539 125 2591 visa
149 2535 215 2591 tiliae
242 2536 377 2604 sanitate,
400 2534 499 2607 gavisa
522 2533 629 2589 tamilla
650 2548 714 2591 cum
731 2532 842 2601 ricinis,
857 2534 888 2588 el

64 2630 157 2680 totum
183 2624 271 2679 simol
298 2625 437 2696 oppidum
463 2623 669 2680 conrmouibos
692 2622 766 2677 votis
790 2620 886 2677 inlisi

60 2714 195 2770 laudibus
207 2714 373 2770 exsultavit.
390 2714 448 2771 Neu
463 2714 539 2770 beati
557 2713 684 2770 lietberti
700 2713 807 2769 siluero
820 2727 888 2781 prce·

61 2808 158 2868 annia,
184 2820 300 2860 cansam
327 2804 451 2868 misera,
481 2819 561 2859 more
586 2819 651 2869 suo,
680 2807 819 2858 strenuus
841 2800 885 2857 in-

61 2893 359 2963 terveutorsuscepit.

97 2983 141 3038 tt.
158 2981 250 3037 Notus
275 2987 321 3036 est
346 2981 438 3049 vicus,
463 2996 548 3053 qoem
574 2980 812 3038 monasteriolam
836 2994 888 3034 vo·

59 3076 128 3128 cant
143 3071 297 3140 indigente.
323 3070 476 3127 liabitabnt
491 3069 540 3126 hio
559 3070 642 3126 males
658 3071 745 3125 tiliam
764 3068 884 3132 babens,

943 1998 1090 2054 tumulum
1116 2002 1196 2056 velut
1219 2002 1254 2057 ad
1279 2003 1373 2058 lot-om
1390 2004 1534 2060 examinis
1557 2010 1603 2060 est
1618 2007 1769 2076 perducta.

942 2086 1028 2143 silere
1044 2104 1101 2144 noo
1119 2091 1213 2160 poluit
1228 2090 1278 2164 qui
1294 2089 1484 2162 latebat,dom
1502 2095 1769 2164 purgundnsremo·

942 2182 1037 2232 tarum
1064 2177 1204 2233 librarum
1230 2180 1309 2237 sinus
1332 2181 1457 2239 violenta
1479 2182 1768 2255 rimaturdiscussio,

941 2267 1031 2338 pestis
1043 2264 1174 2339 improba
1186 2268 1306 2326 tremere
1316 2271 1403 2344 coepit
1418 2271 1569 2341 dentibus,
1584 2278 1613 2329 el
1627 2276 1766 2345 grassari,

943 2363 969 2411 at
985 2356 1146 2429 postpaalo
1161 2357 1351 2416 arnittaodam
1363 2360 1554 2418 substantiam
1565 2363 1662 2419 modis
1676 2363 1769 2419 oroni-

942 2443 998 2500 bus
1023 2445 1153 2517 inligare.
1180 2447 1254 2505 Nam
1286 2453 1350 2520 post
1375 2449 1505 2507 triduum
1533 2451 1613 2507 lraus
1638 2451 1768 2520 expulsa,

941 2547 1045 2590 omnes
1060 2537 1422 2595 causasruulestlaesecuro
1433 2537 1510 2595 tulit.
1524 2538 1646 2597 Reditin
1662 2546 1770 2599 sutum
1865 2594 1871 2607 ,

942 2622 1073 2696 pristinae
1087 2625 1221 2683 sanitaris
1237 2626 1376 2696 paulatim
1393 2640 1523 2685 recreata
1537 2634 1651 2697 natura,
1666 2633 1771 2699 etpost

943 2713 1093 2771 modlcum
1112 2714 1265 2787 plusquam
1282 2733 1381 2787 sospes
1395 2719 1430 2772 ad
1449 2719 1537 2790 patris
1550 2719 1769 2788 domonstres

942 2818 1009 2859 artas
1033 2801 1193 2871 sdmiraus,
1208 2803 1274 2874 ipsa
1290 2806 1452 2863 revertitur.
1468 2806 1540 2872 Quid
1558 2808 1687 2864 intulerit
1700 2825 1768 2876 gau·

943 2890 995 2956 dii,
1008 2890 1450 2963 [quid'votorumastimandum
1464 2895 1563 2953 lectori
1576 2898 1768 2969 reliquimus:

944 2996 1010 3036 nato
1028 2995 1081 3036 neo
1104 2986 1259 3038 extraneos
1273 3001 1288 3037 a
1311 2984 1417 3040 divinis
1432 2985 1581 3060 laudibus]
1597 2986 1769 3043 crediderim

941 3071 1135 3137 temperasse,
1152 3070 1201 3140 qui
1218 3069 1343 3141 simplici
1361 3086 1429 3141 erga
1453 3073 1589 3128 miseram
1605 3074 1771 3130 communis

59 3176 149 3232 quam
166 3160 281 3215 miseris
308 3160 403 3214 orodis
418 3174 512 3215 savus
532 3157 653 3227 spiritus
677 3124 921 3230 agitabatlioeoc
941 3163 1050 3214 natare
1060 3159 1771 3233 movebantarnllectu3quautoampliuspateroa

61 3266 121 3306 non
135 3254 250 3305 tantum
266 3250 409 3304 tetrisono
426 3246 599 3311 immiteret
616 3251 715 3312 gestus
731 3245 886 3315 horrendo,
941 3247 1035 3316 pietas
1053 3245 1206 3316 gestiebat,
1220 3262 1309 3315 quam
1320 3248 1485 3304 communis
1499 3253 1528 3305 et
1544 3248 1660 3322 proprio
1669 3248 1770 3306 cohor·

61 3355 112 3395 seu
125 3339 223 3395 verbis
238 3337 450 3409 spurcissimis,
468 3336 652 3409 signillcnbat
668 3335 823 3395 insaniam.
838 3349 888 3390 ve·
940 3330 1197 3392 tabaturatlliotio.
1209 3333 1563 3394 Neoimmeritosanctnm
1577 3337 1768 3396 Dominicon·

62 3444 127 3484 '⁰¹¹1
143 3442 216 3496 Ι11108
232 3431 330 3496 Ρθθθθῑ
345 3427 493 3481 ¹¹¹⁰l⁸²b¹¹⁸
517 3422 697 3496 impelsshtll
713 3437 806 3494 n⁰tl¹¹⁶
822 3438 885 3491 ltr-
941 3423 1084 3480 sessorem
1102 3424 1205 3482 multis
1230 3441 1333 3483 omnes
1349 3425 1487 3483 laudibus
1501 3425 1769 3499 extulerunl,cujus

65 3520 149 3574 cebat
164 3518 206 3572 vel
232 3517 299 3584 eibi,
313 3516 338 3571 si
364 3516 482 3587 quaudo
506 3514 619 3586 aliquos
635 3514 788 3569 invadendi
805 3512 888 3583 copia
942 3513 1056 3569 meritis
1070 3512 1206 3585 gloriosis
1221 3518 1303 3570 tanta
1318 3515 1459 3571 divinitus
1472 3514 1614 3572 miracula
1625 3523 1770 3574 suntcon-

65 3626 122 3665 non
149 3606 277 3664 daretur.
303 3605 361 3664 Nec
382 3622 449 3661 vero
474 3605 522 3675 qui
552 3621 584 3661 se
607 3613 717 3676 patrem
746 3608 888 3661 canuerat
941 3602 1161 3666 cessaoureme
1178 3603 1250 3660 torte
1265 3603 1394 3676 cuipiam
1408 3605 1499 3661 dubia
1514 3605 1769 3677 viderentur,qnid

64 3698 250 3769 ⁸8⁰0³⁰0b³ls
278 3696 330 3752 nisi
356 3696 434 3769 quod
458 3694 576 3752 latentis
599 3694 711 3755 inimici
737 3692 886 3768 suggesto,
940 3690 971 3748 ln
989 3692 1063 3748 hanc
1078 3698 1188 3764 purtem
1206 3693 1369 3766 contigerit,
1389 3692 1502 3768 placuit
1518 3693 1547 3752 in
1565 3694 1678 3754 ultlmts
1694 3697 1768 3754 recl*

64 3786 226 3858 marjoribus
242 3786 322 3840 illum
333 3799 420 3856 quatu
436 3791 555 3840 caeteros
570 3783 756 3841 contumeliis
772 3783 888 3840 inlcsta·
940 3785 1012 3839 tare.
1188 3847 1191 3851 g

64 3876 180 3933 bat.Sed
194 3877 312 3947 quando
327 3890 392 3928 eum
402 3872 586 3944 gravioribus
602 3871 747 3944 pulsasset
758 3873 886 3945 injuriis,
978 3872 1771 3950 l5.Cumlaliumlaruavirtutumapndalpesmaritimas

63 3973 145 4023 tauto
170 3967 262 4035 magis
287 3966 316 4019 lo
343 3963 479 4019 miseram
504 3972 631 4032 pateruae
653 3963 888 4031 pietatlsaiscera
942 3961 1123 4031 increvisset,
1139 3970 1166 4017 et
1183 3963 1209 4017 in
1225 3964 1320 4019 sancti
1337 3963 1466 4020 llotberti
1483 3967 1770 4037 preconia,nordaat

65 4056 267 4113 movebuntur.
279 4053 434 4125 spectabat
449 4050 550 4107 inlelix
566 4051 594 4106 in
611 4065 731 4121 corpore
745 4051 809 4108 tilia
826 4069 886 4123 pta·
941 4051 1769 4128 linguasacceuderetpopulorum,arohipracsulilliuspro·

67 4162 132 4201 niam
150 4159 246 4207 suam,
265 4146 293 4197 et
308 4140 523 4214 quodammodo
539 4140 693 4197 tormentis
706 4142 887 4213 gravioribus
940 4141 1771 4220 vincimurmoribusaquiparansdignitatem,iudiguum
1880 4132 1883 4137 ⁵

66 4234 236 4306 augebatur.
262 4230 413 4287 sentiebat
427 4230 505 4286 euim
530 4229 587 4286 iste
602 4234 698 4285 mente
713 4247 786 4287 saon
809 4233 885 4305 quoti
941 4237 1024 4289 ratus
1038 4232 1063 4287 si
1079 4230 1152 4287 velis
1168 4230 1247 4304 vulgi
1267 4232 1435 4289 rumoribus
1450 4233 1626 4305 pontitlralis
1640 4237 1768 4308 grauitas

66 4323 226 4396 plangeret,
243 4336 311 4381 curn
335 4319 412 4390 apud
430 4318 511 4375 illam
529 4319 624 4390 ipsius
639 4335 760 4375 sensum
777 4320 887 4378 doloris
940 4319 1770 4389 tidemprotinusadhiberet,statuitraonindiscussumdi·

65 4409 266 4469 absorbutsset
281 4406 405 4463 insania.
419 4404 471 4462 llla
487 4412 584 4463 torvos
599 4406 698 4462 vultus
712 4413 742 4463 et
754 4411 886 4477 pertuso·
941 4408 1148 4479 mittere,quod
1165 4409 1200 4463 ad
1218 4409 1367 4480 publicum
1380 4410 1618 4479 aelerrnrem,vel
1628 4414 1767 4469 meritum

65 4519 129 4558 rum
147 4499 226 4555 rabie
242 4503 380 4554 cruentas
396 4498 474 4554 acics
489 4496 642 4553 oculorum
658 4514 733 4555 aava
750 4497 833 4574 [Ball.
848 4515 890 4557 se·
906 4489 930 4557 D
945 4498 1089 4571 pertinere
1104 4501 1266 4556 constabat.
1285 4499 1387 4555 Fuerat
1401 4516 1472 4557 sane
1487 4500 1570 4557 beato
1583 4501 1727 4568 airadum
1738 4503 1768 4561 in

65 4590 146 4665 aare]
173 4589 332 4655 versabnl;
355 4588 451 4644 mmsti
479 4587 609 4662 parentis
638 4586 762 4662 pallidas
790 4606 888 4663 genas,
944 4587 1767 4658 carnaliteret-aldionotus,etamoresiiuiliumstudiorum

67 4676 529 4752 uberibusquelacrymislumina
544 4676 889 4752 madelactrrgcnusspe·
939 4661 1160 4735 iunctissimus.
1175 4682 1258 4734 Facto
1274 4679 1374 4751 igitur,
1390 4683 1421 4736 ut
1437 4681 1622 4754 respuebat,
1638 4698 1767 4754 congruo
1855 4706 1859 4713 ·

65 4772 183 4833 elacati,
202 4769 403 4825 miserandum
419 4766 500 4822 dolor
515 4767 659 4824 effecerat.
675 4768 774 4825 liictus
789 4769 891 4826 territt·
944 4767 1059 4824 itineris
1070 4769 1373 4840 apparatu,protectus
1388 4773 1434 4826 est
1445 4770 1558 4838 irn,nou
1575 4771 1767 4844 quidemrntn

66 4877 126 4928 nos,
142 4869 169 4914 et
183 4873 305 4930 spumas
332 4856 472 4918 lucentes.
488 4864 515 4911 et
530 4861 629 4912 rotata
645 4858 765 4913 cervicis
779 4859 891 4916 tortiles
944 4855 1087 4912 increduli
1103 4855 1321 4921 tentatoris,sed
1334 4859 1494 4931 probandae
1509 4861 1767 4933 potiussludiove

66 4965 164 5022 gyros,
180 4953 210 5002 et
225 4943 340 5010 implexi
367 4944 470 5013 capitis
484 4944 618 4999 horridas
637 4960 747 5012 comas,
762 4951 790 5000 et
805 4947 889 5019 qnid·
944 4946 1048 5002 sitatis.
1063 4944 1150 5001 Venit
1173 4960 1240 5017 crgo
1255 4961 1322 5003 cum
1338 4948 1473 5004 comitatu
1499 4948 1631 5020 exemplo
1661 4951 1765 5024 regina

66 5034 225 5112 quidaliod
241 5034 271 5088 in
288 5031 447 5088 nescientis
460 5049 579 5105 corpore
595 5032 691 5090 flebile
706 5035 889 5106 cernebatur,
942 5033 1042 5092 Austri
1057 5036 1093 5092 ad
1109 5035 1217 5105 locum,
1233 5037 1409 5109 probaturus
1424 5040 1501 5096 sicut
1519 5038 1569 5095 illa
1584 5041 1764 5114 sapientius,

64 5131 158 5184 lotum
174 5125 204 5180 in
221 5139 252 5178 se
268 5122 464 5178 transferebat
478 5123 525 5194 pia
549 5123 714 5195 compassio
737 5124 888 5196 genitoris.
943 5125 986 5182 sio
999 5124 1057 5182 isle
1072 5126 1230 5198 potentiam
1246 5125 1421 5184 Salomonis.
1437 5128 1596 5200 Susceptus
1611 5139 1654 5187 est
1671 5131 1765 5205 bospi-

66 5221 144 5274 tnter
166 5213 236 5276 bec,
251 5225 315 5267 cum
334 5209 415 5266 nulla
439 5216 553 5283 pateret
573 5210 619 5267 via
634 5212 765 5280 remedii,
781 5229 889 5271 savum
944 5214 1051 5287 taliter,
1072 5220 1105 5270 ut
1128 5214 1260 5281 decebat,
1276 5216 1379 5290 sicque
1394 5217 1441 5274 ubi
1457 5220 1551 5276 visum
1566 5226 1612 5278 ast
1626 5229 1763 5293 opportu-

66 5303 195 5360 dolorem
207 5298 400 5356 exacerbabat
415 5296 481 5371 plus
496 5298 559 5370 ipsa
569 5299 734 5369 desperatio
746 5303 889 5359 sanitatis.
944 5319 1027 5371 num,
1044 5303 1198 5376 ingressus
1222 5303 1252 5360 in
1269 5307 1478 5363 monasterium
1503 5308 1564 5366 deri
1580 5310 1637 5367 sibi
1652 5312 1765 5382 copiam

67 5393 123 5451 Sed
149 5406 217 5448 cum
246 5389 276 5444 in
291 5386 382 5444 tantis
406 5387 532 5443 tristitia
559 5387 697 5444 fluctibus
722 5389 890 5461 jactaretur,
944 5392 1115 5467 postulavit.
1132 5393 1308 5449 Factumest
1322 5395 1457 5468 protinus
1474 5406 1502 5453 ut
1519 5399 1766 5470 petebat,obsera·

67 5481 148 5543 flavit
175 5478 273 5536 subito
306 5476 342 5532 ab
366 5475 468 5533 amicis
500 5475 640 5533 salutaris
664 5494 737 5535 aura
763 5481 892 5538 secunda
945 5480 1764 5557 lisquetoribusmdis,solnaipseremansitintrinsecua.

58 5568 196 5638 consilii,
220 5568 256 5625 ad
286 5564 380 5624 sancti
403 5565 457 5623 viri
482 5564 651 5638 sepulcrum
675 5566 803 5641 puellam
818 5569 889 5629 diri·
946 5569 989 5628 lbi
1012 5575 1092 5629 totus
1113 5570 1225 5630 ellosua
1249 5571 1279 5629 in
1295 5577 1500 5647 praeessendi
1526 5576 1651 5634 botberti
1667 5577 1765 5651 sepul·
