<?xml version="1.0" encoding="UTF-8"?>
<!DOCTYPE html PUBLIC "-//W3C//DTD XHTML 1.0 Transitional//EN"
    "http://www.w3.org/TR/xhtml1/DTD/xhtml1-transitional.dtd">
<html xmlns="http://www.w3.org/1999/xhtml" xml:lang="en" lang="en">
 <head>
  <title>
</title>
<meta http-equiv="Content-Type" content="text/html;charset=utf-8" />
  <meta name='ocr-system' content='tesseract 3.04.00' />
  <meta name='ocr-capabilities' content='ocr_page ocr_carea ocr_par ocr_line ocrx_word'/>
</head>
<body>
  <div class='ocr_page' id='page_1' title='image "./patrologiaecurs35unkngoog_0552.png"; bbox 0 0 3802 6030; ppageno 0'>
   <div class='ocr_carea' id='block_1_1' title="bbox 58 117 1769 191">
    <p class='ocr_par' dir='ltr' id='par_1_1' title="bbox 58 117 1769 191">
     <span class='ocr_line' id='line_1_1' title="bbox 58 117 1769 191; baseline 0.003 -5"><span class='ocrx_word' id='word_1_1' title='bbox 58 125 140 186; x_wconf 79' lang='lat' dir='ltr'><strong>tuat</strong></span> <span class='ocrx_word' id='word_1_2' title='bbox 641 117 878 182; x_wconf 72' lang='lat' dir='ltr'><strong>renouatus</strong></span> <span class='ocrx_word' id='word_1_3' title='bbox 898 118 1184 184; x_wconf 73' lang='lat' dir='ltr'><strong>Tnizotootctts.</strong></span> <span class='ocrx_word' id='word_1_4' title='bbox 1690 131 1769 191; x_wconf 78' lang='lat' dir='ltr'><strong>tuat</strong></span> 
     </span>
    </p>
   </div>
   <div class='ocr_carea' id='block_1_2' title="bbox 55 252 1772 1223">
    <p class='ocr_par' dir='ltr' id='par_1_2' title="bbox 55 252 1772 956">
     <span class='ocr_line' id='line_1_2' title="bbox 56 252 1770 336; baseline 0.004 -22"><span class='ocrx_word' id='word_1_5' title='bbox 56 258 167 333; x_wconf 82' lang='lat' dir='ltr'><strong>quisita</strong></span> <span class='ocrx_word' id='word_1_6' title='bbox 181 257 211 314; x_wconf 89' lang='lat' dir='ltr'><strong>in</strong></span> <span class='ocrx_word' id='word_1_7' title='bbox 227 273 330 315; x_wconf 83' lang='lat' dir='ltr'><strong>omnes</strong></span> <span class='ocrx_word' id='word_1_8' title='bbox 345 256 509 314; x_wconf 84' lang='lat' dir='ltr'><strong>voluntates</strong></span> <span class='ocrx_word' id='word_1_9' title='bbox 523 256 597 325; x_wconf 79' lang='lat' dir='ltr'><strong>eius,</strong></span> <span class='ocrx_word' id='word_1_10' title='bbox 611 262 638 312; x_wconf 89' lang='lat' dir='ltr'><strong>ot</strong></span> <span class='ocrx_word' id='word_1_11' title='bbox 651 258 712 310; x_wconf 86' lang='lat' dir='ltr'><strong>tam</strong></span> <span class='ocrx_word' id='word_1_12' title='bbox 736 254 885 327; x_wconf 86' lang='lat' dir='ltr'><strong>sapienter</strong></span> <span class='ocrx_word' id='word_1_13' title='bbox 898 253 926 321; x_wconf 78' lang='grc' dir='ltr'><strong>Α</strong></span> <span class='ocrx_word' id='word_1_14' title='bbox 942 252 1029 310; x_wconf 90' lang='lat' dir='ltr'><strong>unius</strong></span> <span class='ocrx_word' id='word_1_15' title='bbox 1046 256 1147 328; x_wconf 86' lang='lat' dir='ltr'><strong>partis,</strong></span> <span class='ocrx_word' id='word_1_16' title='bbox 1165 260 1193 312; x_wconf 91' lang='lat' dir='ltr'><strong>et</strong></span> <span class='ocrx_word' id='word_1_17' title='bbox 1208 259 1307 329; x_wconf 72' lang='lat' dir='ltr'><strong>maius</strong></span> <span class='ocrx_word' id='word_1_18' title='bbox 1322 260 1399 331; x_wconf 89' lang='lat' dir='ltr'><strong>quod</strong></span> <span class='ocrx_word' id='word_1_19' title='bbox 1413 260 1502 317; x_wconf 90' lang='lat' dir='ltr'><strong>totius</strong></span> <span class='ocrx_word' id='word_1_20' title='bbox 1514 277 1522 317; x_wconf 76' lang='grc' dir='ltr'><strong><em>ε</em></strong></span> <span class='ocrx_word' id='word_1_21' title='bbox 1533 261 1599 319; x_wconf 85' lang='lat' dir='ltr'><strong>ideo</strong></span> <span class='ocrx_word' id='word_1_22' title='bbox 1621 265 1699 336; x_wconf 89' lang='lat' dir='ltr'><strong>quod</strong></span> <span class='ocrx_word' id='word_1_23' title='bbox 1715 265 1770 321; x_wconf 91' lang='lat' dir='ltr'><strong>bo·</strong></span> 
     </span>
     <span class='ocr_line' id='line_1_3' title="bbox 55 343 1772 422; baseline 0.003 -18"><span class='ocrx_word' id='word_1_24' title='bbox 55 348 214 420; x_wconf 85' lang='lat' dir='ltr'><strong>exquisita,</strong></span> <span class='ocrx_word' id='word_1_25' title='bbox 232 352 263 402; x_wconf 94' lang='lat' dir='ltr'><strong>ut</strong></span> <span class='ocrx_word' id='word_1_26' title='bbox 275 344 482 413; x_wconf 77' lang='lat' dir='ltr'><strong>comengelica</strong></span> <span class='ocrx_word' id='word_1_27' title='bbox 494 343 662 400; x_wconf 87' lang='lat' dir='ltr'><strong>ethumsna</strong></span> <span class='ocrx_word' id='word_1_28' title='bbox 674 348 806 399; x_wconf 84' lang='lat' dir='ltr'><strong>ereatura</strong></span> <span class='ocrx_word' id='word_1_29' title='bbox 819 359 884 403; x_wconf 88' lang='lat' dir='ltr'><strong>reo·</strong></span> <span class='ocrx_word' id='word_1_30' title='bbox 940 358 1011 399; x_wconf 91' lang='lat' dir='ltr'><strong>num</strong></span> <span class='ocrx_word' id='word_1_31' title='bbox 1027 353 1071 400; x_wconf 89' lang='grc' dir='ltr'><strong>εει</strong></span> <span class='ocrx_word' id='word_1_32' title='bbox 1087 345 1148 414; x_wconf 86' lang='lat' dir='ltr'><strong>uni,</strong></span> <span class='ocrx_word' id='word_1_33' title='bbox 1164 351 1192 401; x_wconf 91' lang='lat' dir='ltr'><strong>et</strong></span> <span class='ocrx_word' id='word_1_34' title='bbox 1207 363 1265 402; x_wconf 92' lang='lat' dir='ltr'><strong>uon</strong></span> <span class='ocrx_word' id='word_1_35' title='bbox 1281 348 1478 415; x_wconf 75' lang='lat' dir='ltr'><strong>universitati,</strong></span> <span class='ocrx_word' id='word_1_36' title='bbox 1496 367 1552 405; x_wconf 91' lang='lat' dir='ltr'><strong>non</strong></span> <span class='ocrx_word' id='word_1_37' title='bbox 1569 353 1632 407; x_wconf 83' lang='lat' dir='ltr'><strong>vuit</strong></span> <span class='ocrx_word' id='word_1_38' title='bbox 1650 369 1726 422; x_wconf 82' lang='lat' dir='ltr'><strong>esse,</strong></span> <span class='ocrx_word' id='word_1_39' title='bbox 1742 360 1772 411; x_wconf 90' lang='lat' dir='ltr'><strong>ot</strong></span> 
     </span>
     <span class='ocr_line' id='line_1_4' title="bbox 55 432 1772 507; baseline 0.003 -13"><span class='ocrx_word' id='word_1_40' title='bbox 55 443 163 504; x_wconf 82' lang='lat' dir='ltr'><strong>nasset,</strong></span> <span class='ocrx_word' id='word_1_41' title='bbox 182 437 208 491; x_wconf 90' lang='lat' dir='ltr'><strong>id</strong></span> <span class='ocrx_word' id='word_1_42' title='bbox 226 437 358 506; x_wconf 87' lang='lat' dir='ltr'><strong>estquod</strong></span> <span class='ocrx_word' id='word_1_43' title='bbox 376 433 507 500; x_wconf 84' lang='lat' dir='ltr'><strong>nouitio,</strong></span> <span class='ocrx_word' id='word_1_44' title='bbox 524 435 574 490; x_wconf 82' lang='lat' dir='ltr'><strong>aad</strong></span> <span class='ocrx_word' id='word_1_45' title='bbox 591 433 669 506; x_wconf 90' lang='lat' dir='ltr'><strong>quod</strong></span> <span class='ocrx_word' id='word_1_46' title='bbox 684 432 885 488; x_wconf 85' lang='lat' dir='ltr'><strong>roiuitiiiato·</strong></span> <span class='ocrx_word' id='word_1_47' title='bbox 940 434 1016 505; x_wconf 82' lang='lat' dir='ltr'><strong>quod</strong></span> <span class='ocrx_word' id='word_1_48' title='bbox 1035 434 1146 489; x_wconf 89' lang='lat' dir='ltr'><strong>maium</strong></span> <span class='ocrx_word' id='word_1_49' title='bbox 1163 439 1209 490; x_wconf 89' lang='lat' dir='ltr'><strong>est</strong></span> <span class='ocrx_word' id='word_1_50' title='bbox 1229 436 1292 505; x_wconf 81' lang='lat' dir='ltr'><strong>uni,</strong></span> <span class='ocrx_word' id='word_1_51' title='bbox 1308 442 1337 493; x_wconf 91' lang='grc' dir='ltr'><strong>ει</strong></span> <span class='ocrx_word' id='word_1_52' title='bbox 1364 438 1474 493; x_wconf 90' lang='lat' dir='ltr'><strong>bouum</strong></span> <span class='ocrx_word' id='word_1_53' title='bbox 1500 441 1695 507; x_wconf 80' lang='lat' dir='ltr'><strong>universitati,</strong></span> <span class='ocrx_word' id='word_1_54' title='bbox 1710 445 1772 500; x_wconf 83' lang='lat' dir='ltr'><strong>vuit</strong></span> 
     </span>
     <span class='ocr_line' id='line_1_5' title="bbox 56 523 1769 598; baseline 0.002 -14"><span class='ocrx_word' id='word_1_55' title='bbox 56 529 158 594; x_wconf 83' lang='lat' dir='ltr'><strong>nisset,</strong></span> <span class='ocrx_word' id='word_1_56' title='bbox 169 529 257 581; x_wconf 77' lang='lat' dir='ltr'><strong>etiarn</strong></span> <span class='ocrx_word' id='word_1_57' title='bbox 269 542 319 597; x_wconf 91' lang='lat' dir='ltr'><strong>per</strong></span> <span class='ocrx_word' id='word_1_58' title='bbox 330 526 462 581; x_wconf 86' lang='lat' dir='ltr'><strong>eaurdem</strong></span> <span class='ocrx_word' id='word_1_59' title='bbox 474 533 613 581; x_wconf 80' lang='lat' dir='ltr'><strong>creaturae</strong></span> <span class='ocrx_word' id='word_1_60' title='bbox 625 523 816 589; x_wconf 85' lang='lat' dir='ltr'><strong>voluntatem,</strong></span> <span class='ocrx_word' id='word_1_61' title='bbox 828 540 886 595; x_wconf 84' lang='lat' dir='ltr'><strong>qus</strong></span> <span class='ocrx_word' id='word_1_62' title='bbox 939 536 1015 584; x_wconf 81' lang='lat' dir='ltr'><strong>esso.</strong></span> <span class='ocrx_word' id='word_1_63' title='bbox 1027 537 1061 576; x_wconf 87' lang='lat' dir='ltr'><strong>ne</strong></span> <span class='ocrx_word' id='word_1_64' title='bbox 1071 523 1180 577; x_wconf 81' lang='lat' dir='ltr'><strong>bouum</strong></span> <span class='ocrx_word' id='word_1_65' title='bbox 1191 523 1593 598; x_wconf 85' lang='lat' dir='ltr'><strong>universitatisimpedratur;</strong></span> <span class='ocrx_word' id='word_1_66' title='bbox 1607 530 1677 585; x_wconf 85' lang='lat' dir='ltr'><strong>nihii</strong></span> <span class='ocrx_word' id='word_1_67' title='bbox 1690 533 1769 588; x_wconf 89' lang='lat' dir='ltr'><strong>euim</strong></span> 
     </span>
     <span class='ocr_line' id='line_1_6' title="bbox 55 608 1769 689; baseline 0.002 -17"><span class='ocrx_word' id='word_1_68' title='bbox 55 618 168 689; x_wconf 78' lang='lat' dir='ltr'><strong>iactum</strong></span> <span class='ocrx_word' id='word_1_69' title='bbox 184 615 317 686; x_wconf 84' lang='lat' dir='ltr'><strong>estquod</strong></span> <span class='ocrx_word' id='word_1_70' title='bbox 344 615 463 671; x_wconf 89' lang='lat' dir='ltr'><strong>Creator</strong></span> <span class='ocrx_word' id='word_1_71' title='bbox 487 613 589 680; x_wconf 84' lang='lat' dir='ltr'><strong>notuit,</strong></span> <span class='ocrx_word' id='word_1_72' title='bbox 615 611 787 684; x_wconf 83' lang='lat' dir='ltr'><strong>impieretur</strong></span> <span class='ocrx_word' id='word_1_73' title='bbox 812 611 883 667; x_wconf 91' lang='lat' dir='ltr'><strong>iliud</strong></span> <span class='ocrx_word' id='word_1_74' title='bbox 940 608 1028 682; x_wconf 81' lang='lat' dir='ltr'><strong>[supp.</strong></span> <span class='ocrx_word' id='word_1_75' title='bbox 1046 610 1124 675; x_wconf 80' lang='lat' dir='ltr'><strong>tacit,</strong></span> <span class='ocrx_word' id='word_1_76' title='bbox 1142 616 1192 666; x_wconf 91' lang='lat' dir='ltr'><strong>aut</strong></span> <span class='ocrx_word' id='word_1_77' title='bbox 1208 614 1357 687; x_wconf 87' lang='lat' dir='ltr'><strong>permittit]</strong></span> <span class='ocrx_word' id='word_1_78' title='bbox 1370 616 1447 686; x_wconf 88' lang='lat' dir='ltr'><strong>quod</strong></span> <span class='ocrx_word' id='word_1_79' title='bbox 1465 618 1648 674; x_wconf 69' lang='lat' dir='ltr'><strong>universitati</strong></span> <span class='ocrx_word' id='word_1_80' title='bbox 1662 620 1769 676; x_wconf 91' lang='lat' dir='ltr'><strong>bonurn</strong></span> 
     </span>
     <span class='ocr_line' id='line_1_7' title="bbox 56 699 1770 778; baseline 0.001 -17"><span class='ocrx_word' id='word_1_81' title='bbox 56 705 136 778; x_wconf 88' lang='lat' dir='ltr'><strong>quod</strong></span> <span class='ocrx_word' id='word_1_82' title='bbox 153 704 255 769; x_wconf 81' lang='lat' dir='ltr'><strong>voluit,</strong></span> <span class='ocrx_word' id='word_1_83' title='bbox 271 703 345 759; x_wconf 91' lang='lat' dir='ltr'><strong>bene</strong></span> <span class='ocrx_word' id='word_1_84' title='bbox 361 712 458 768; x_wconf 84' lang='lat' dir='ltr'><strong>utens,</strong></span> <span class='ocrx_word' id='word_1_85' title='bbox 473 708 502 758; x_wconf 89' lang='lat' dir='ltr'><strong>et</strong></span> <span class='ocrx_word' id='word_1_86' title='bbox 516 703 602 757; x_wconf 84' lang='lat' dir='ltr'><strong>arulis</strong></span> <span class='ocrx_word' id='word_1_87' title='bbox 618 707 758 773; x_wconf 85' lang='lat' dir='ltr'><strong>tanquam</strong></span> <span class='ocrx_word' id='word_1_88' title='bbox 770 716 886 756; x_wconf 89' lang='lat' dir='ltr'><strong>summo</strong></span> <span class='ocrx_word' id='word_1_89' title='bbox 941 713 999 754; x_wconf 91' lang='lat' dir='ltr'><strong>uon</strong></span> <span class='ocrx_word' id='word_1_90' title='bbox 1010 699 1057 763; x_wconf 84' lang='lat' dir='ltr'><strong>sit,</strong></span> <span class='ocrx_word' id='word_1_91' title='bbox 1070 699 1325 770; x_wconf 81' lang='lat' dir='ltr'><strong>quamvisjuuicis</strong></span> <span class='ocrx_word' id='word_1_92' title='bbox 1339 705 1385 758; x_wconf 80' lang='lat' dir='ltr'><strong>itai</strong></span> <span class='ocrx_word' id='word_1_93' title='bbox 1398 705 1608 763; x_wconf 85' lang='lat' dir='ltr'><strong>nobisorcutta</strong></span> <span class='ocrx_word' id='word_1_94' title='bbox 1619 708 1694 777; x_wconf 90' lang='lat' dir='ltr'><strong>siut;</strong></span> <span class='ocrx_word' id='word_1_95' title='bbox 1707 710 1770 777; x_wconf 86' lang='lat' dir='ltr'><strong>sed,</strong></span> 
     </span>
     <span class='ocr_line' id='line_1_8' title="bbox 56 785 1771 862; baseline 0.001 -10"><span class='ocrx_word' id='word_1_96' title='bbox 56 797 146 853; x_wconf 90' lang='lat' dir='ltr'><strong>bonis</strong></span> <span class='ocrx_word' id='word_1_97' title='bbox 162 796 196 851; x_wconf 94' lang='lat' dir='ltr'><strong>ad</strong></span> <span class='ocrx_word' id='word_1_98' title='bbox 212 809 313 851; x_wconf 84' lang='lat' dir='ltr'><strong>eorum</strong></span> <span class='ocrx_word' id='word_1_99' title='bbox 331 792 550 849; x_wconf 80' lang='lat' dir='ltr'><strong>damnationem</strong></span> <span class='ocrx_word' id='word_1_100' title='bbox 562 808 634 861; x_wconf 83' lang='lat' dir='ltr'><strong>quos</strong></span> <span class='ocrx_word' id='word_1_101' title='bbox 644 793 725 862; x_wconf 91' lang='lat' dir='ltr'><strong>juste</strong></span> <span class='ocrx_word' id='word_1_102' title='bbox 738 791 887 862; x_wconf 79' lang='lat' dir='ltr'><strong>pradesti·</strong></span> <span class='ocrx_word' id='word_1_103' title='bbox 940 791 974 842; x_wconf 91' lang='lat' dir='ltr'><strong>ut</strong></span> <span class='ocrx_word' id='word_1_104' title='bbox 987 785 1095 842; x_wconf 87' lang='lat' dir='ltr'><strong>dicitur</strong></span> <span class='ocrx_word' id='word_1_105' title='bbox 1108 787 1137 843; x_wconf 92' lang='lat' dir='ltr'><strong>iu</strong></span> <span class='ocrx_word' id='word_1_106' title='bbox 1147 788 1203 844; x_wconf 87' lang='lat' dir='ltr'><strong>Jub</strong></span> <span class='ocrx_word' id='word_1_107' title='bbox 1216 806 1224 844; x_wconf 75' lang='grc' dir='ltr'><strong>ε</strong></span> <span class='ocrx_word' id='word_1_108' title='bbox 1237 812 1251 840; x_wconf 92' lang='lat'>«</span> <span class='ocrx_word' id='word_1_109' title='bbox 1260 789 1318 846; x_wconf 87' lang='lat' dir='ltr'><strong>Nee</strong></span> <span class='ocrx_word' id='word_1_110' title='bbox 1332 790 1432 849; x_wconf 78' lang='lat' dir='ltr'><strong>sollum</strong></span> <span class='ocrx_word' id='word_1_111' title='bbox 1445 794 1481 851; x_wconf 88' lang='lat' dir='ltr'><strong>ds</strong></span> <span class='ocrx_word' id='word_1_112' title='bbox 1492 796 1594 853; x_wconf 84' lang='lat' dir='ltr'><strong>arbore</strong></span> <span class='ocrx_word' id='word_1_113' title='bbox 1605 797 1669 855; x_wconf 88' lang='lat' dir='ltr'><strong>siue</strong></span> <span class='ocrx_word' id='word_1_114' title='bbox 1680 815 1771 855; x_wconf 85' lang='lat' dir='ltr'><strong>causa</strong></span> 
     </span>
     <span class='ocr_line' id='line_1_9' title="bbox 55 873 1224 956; baseline -0.012 -14"><span class='ocrx_word' id='word_1_115' title='bbox 55 887 137 943; x_wconf 85' lang='lat' dir='ltr'><strong>navit</strong></span> <span class='ocrx_word' id='word_1_116' title='bbox 155 886 190 940; x_wconf 90' lang='lat' dir='ltr'><strong>ad</strong></span> <span class='ocrx_word' id='word_1_117' title='bbox 206 886 373 956; x_wconf 81' lang='lat' dir='ltr'><strong>poenam‚et</strong></span> <span class='ocrx_word' id='word_1_118' title='bbox 383 883 419 938; x_wconf 90' lang='lat' dir='ltr'><strong>ad</strong></span> <span class='ocrx_word' id='word_1_119' title='bbox 431 898 529 937; x_wconf 90' lang='lat' dir='ltr'><strong>eorum</strong></span> <span class='ocrx_word' id='word_1_120' title='bbox 542 880 665 937; x_wconf 85' lang='lat' dir='ltr'><strong>satutem</strong></span> <span class='ocrx_word' id='word_1_121' title='bbox 677 897 751 952; x_wconf 87' lang='lat' dir='ltr'><strong>quos</strong></span> <span class='ocrx_word' id='word_1_122' title='bbox 762 879 887 953; x_wconf 89' lang='lat' dir='ltr'><strong>benigno</strong></span> <span class='ocrx_word' id='word_1_123' title='bbox 940 873 1021 931; x_wconf 84' lang='lat' dir='ltr'><strong>cadit</strong></span> <span class='ocrx_word' id='word_1_124' title='bbox 1035 877 1095 945; x_wconf 74' lang='lat' dir='ltr'><strong>(iob</strong></span> <span class='ocrx_word' id='word_1_125' title='bbox 1109 893 1137 946; x_wconf 83' lang='lat' dir='ltr'><strong>v,</strong></span> <span class='ocrx_word' id='word_1_126' title='bbox 1153 878 1192 946; x_wconf 80' lang='lat' dir='ltr'><strong>o).</strong></span> <span class='ocrx_word' id='word_1_127' title='bbox 1209 899 1224 928; x_wconf 87' lang='grc'>»</span> 
     </span>
    </p>

    <p class='ocr_par' dir='ltr' id='par_1_3' title="bbox 55 967 1444 1048">
     <span class='ocr_line' id='line_1_10' title="bbox 55 967 1444 1048; baseline -0.002 -17"><span class='ocrx_word' id='word_1_128' title='bbox 55 974 276 1048; x_wconf 76' lang='lat' dir='ltr'><strong>pradestinavit</strong></span> <span class='ocrx_word' id='word_1_129' title='bbox 289 972 326 1028; x_wconf 85' lang='lat' dir='ltr'><strong>ad</strong></span> <span class='ocrx_word' id='word_1_130' title='bbox 341 973 477 1043; x_wconf 81' lang='lat' dir='ltr'><strong>gratiam.</strong></span> <span class='ocrx_word' id='word_1_131' title='bbox 494 973 640 1037; x_wconf 81' lang='lat' dir='ltr'><strong>Quantum</strong></span> <span class='ocrx_word' id='word_1_132' title='bbox 657 969 735 1024; x_wconf 88' lang='lat' dir='ltr'><strong>enim</strong></span> <span class='ocrx_word' id='word_1_133' title='bbox 751 971 785 1025; x_wconf 87' lang='lat' dir='ltr'><strong>sd</strong></span> <span class='ocrx_word' id='word_1_134' title='bbox 806 969 886 1041; x_wconf 84' lang='lat' dir='ltr'><strong>ipsos</strong></span> <span class='ocrx_word' id='word_1_135' title='bbox 1258 967 1375 1026; x_wconf 77' lang='lat' dir='ltr'><strong>carui</strong></span> <span class='ocrx_word' id='word_1_136' title='bbox 1397 971 1444 1028; x_wconf 85' lang='lat' dir='ltr'><strong>XI.</strong></span> 
     </span>
    </p>

    <p class='ocr_par' dir='ltr' id='par_1_4' title="bbox 56 1058 1499 1134">
     <span class='ocr_line' id='line_1_11' title="bbox 56 1058 1499 1134; baseline -0.003 -13"><span class='ocrx_word' id='word_1_137' title='bbox 56 1065 175 1130; x_wconf 84' lang='lat' dir='ltr'><strong>attinet,</strong></span> <span class='ocrx_word' id='word_1_138' title='bbox 191 1064 268 1134; x_wconf 81' lang='lat' dir='ltr'><strong>quod</strong></span> <span class='ocrx_word' id='word_1_139' title='bbox 285 1063 363 1118; x_wconf 91' lang='lat' dir='ltr'><strong>Deus</strong></span> <span class='ocrx_word' id='word_1_140' title='bbox 378 1061 471 1118; x_wconf 83' lang='lat' dir='ltr'><strong>votuit</strong></span> <span class='ocrx_word' id='word_1_141' title='bbox 485 1061 626 1117; x_wconf 86' lang='lat' dir='ltr'><strong>iecerunt.</strong></span> <span class='ocrx_word' id='word_1_142' title='bbox 648 1061 795 1127; x_wconf 81' lang='lat' dir='ltr'><strong>Quantum</strong></span> <span class='ocrx_word' id='word_1_143' title='bbox 819 1074 886 1114; x_wconf 85' lang='lat' dir='ltr'><strong>vero</strong></span> <span class='ocrx_word' id='word_1_144' title='bbox 1207 1058 1429 1131; x_wconf 82' lang='lat' dir='ltr'><strong>Deomnipcntia</strong></span> <span class='ocrx_word' id='word_1_145' title='bbox 1442 1061 1499 1117; x_wconf 85' lang='lat' dir='ltr'><strong>Dei.</strong></span> 
     </span>
    </p>

    <p class='ocr_par' dir='ltr' id='par_1_5' title="bbox 55 1143 1772 1223">
     <span class='ocr_line' id='line_1_12' title="bbox 55 1143 1772 1223; baseline 0.002 -14"><span class='ocrx_word' id='word_1_146' title='bbox 55 1155 91 1210; x_wconf 85' lang='lat' dir='ltr'><strong>ad</strong></span> <span class='ocrx_word' id='word_1_147' title='bbox 104 1152 349 1223; x_wconf 81' lang='lat' dir='ltr'><strong>omnipotentiam</strong></span> <span class='ocrx_word' id='word_1_148' title='bbox 362 1151 424 1219; x_wconf 85' lang='lat' dir='ltr'><strong>Dei,</strong></span> <span class='ocrx_word' id='word_1_149' title='bbox 435 1148 516 1205; x_wconf 90' lang='lat' dir='ltr'><strong>nullo</strong></span> <span class='ocrx_word' id='word_1_150' title='bbox 528 1148 652 1205; x_wconf 91' lang='lat' dir='ltr'><strong>modoid</strong></span> <span class='ocrx_word' id='word_1_151' title='bbox 664 1148 778 1204; x_wconf 86' lang='lat' dir='ltr'><strong>eiticere</strong></span> <span class='ocrx_word' id='word_1_152' title='bbox 789 1147 886 1203; x_wconf 87' lang='lat' dir='ltr'><strong>votue-</strong></span> <span class='ocrx_word' id='word_1_153' title='bbox 978 1143 1060 1200; x_wconf 89' lang='lat' dir='ltr'><strong>Nuno</strong></span> <span class='ocrx_word' id='word_1_154' title='bbox 1072 1145 1108 1202; x_wconf 78' lang='lat' dir='ltr'><strong>de</strong></span> <span class='ocrx_word' id='word_1_155' title='bbox 1123 1151 1265 1217; x_wconf 87' lang='lat' dir='ltr'><strong>potestate</strong></span> <span class='ocrx_word' id='word_1_156' title='bbox 1281 1148 1331 1203; x_wconf 85' lang='lat' dir='ltr'><strong>tiei</strong></span> <span class='ocrx_word' id='word_1_157' title='bbox 1348 1150 1505 1206; x_wconf 89' lang='lat' dir='ltr'><strong>dicendum</strong></span> <span class='ocrx_word' id='word_1_158' title='bbox 1525 1155 1580 1208; x_wconf 85' lang='lat' dir='ltr'><strong>ost.</strong></span> <span class='ocrx_word' id='word_1_159' title='bbox 1597 1155 1678 1218; x_wconf 88' lang='lat' dir='ltr'><strong>Quod</strong></span> <span class='ocrx_word' id='word_1_160' title='bbox 1694 1160 1772 1212; x_wconf 84' lang='lat' dir='ltr'><strong>Deus</strong></span> 
     </span>
    </p>
   </div>
   <div class='ocr_carea' id='block_1_3' title="bbox 56 1234 1870 1316">
    <p class='ocr_par' dir='ltr' id='par_1_6' title="bbox 56 1234 1870 1316">
     <span class='ocr_line' id='line_1_13' title="bbox 56 1234 1870 1316; baseline 0.001 -16"><span class='ocrx_word' id='word_1_161' title='bbox 56 1249 139 1300; x_wconf 89' lang='lat' dir='ltr'><strong>ruut.</strong></span> <span class='ocrx_word' id='word_1_162' title='bbox 156 1242 216 1298; x_wconf 83' lang='lat' dir='ltr'><strong>lioo</strong></span> <span class='ocrx_word' id='word_1_163' title='bbox 231 1243 310 1297; x_wconf 87' lang='lat' dir='ltr'><strong>enirn</strong></span> <span class='ocrx_word' id='word_1_164' title='bbox 326 1240 390 1312; x_wconf 90' lang='lat' dir='ltr'><strong>ipso</strong></span> <span class='ocrx_word' id='word_1_165' title='bbox 406 1240 484 1311; x_wconf 90' lang='lat' dir='ltr'><strong>quod</strong></span> <span class='ocrx_word' id='word_1_166' title='bbox 500 1246 601 1294; x_wconf 84' lang='lat' dir='ltr'><strong>contra</strong></span> <span class='ocrx_word' id='word_1_167' title='bbox 620 1237 796 1295; x_wconf 79' lang='lat' dir='ltr'><strong>voluntatem</strong></span> <span class='ocrx_word' id='word_1_168' title='bbox 821 1236 886 1306; x_wconf 90' lang='lat' dir='ltr'><strong>ejus</strong></span> <span class='ocrx_word' id='word_1_169' title='bbox 941 1234 1256 1306; x_wconf 79' lang='lat' dir='ltr'><strong>omniapossit‚muits</strong></span> <span class='ocrx_word' id='word_1_170' title='bbox 1267 1238 1580 1296; x_wconf 82' lang='lat' dir='ltr'><strong>auctoritatesdiouut.</strong></span> <span class='ocrx_word' id='word_1_171' title='bbox 1591 1243 1772 1316; x_wconf 75' lang='lat' dir='ltr'><strong>Augustinus</strong></span> <span class='ocrx_word' id='word_1_172' title='bbox 1867 1278 1870 1283; x_wconf 93' lang='lat'><em>-</em></span> 
     </span>
    </p>
   </div>
   <div class='ocr_carea' id='block_1_4' title="bbox 55 1321 1839 1402">
    <p class='ocr_par' dir='ltr' id='par_1_7' title="bbox 55 1321 1839 1402">
     <span class='ocr_line' id='line_1_14' title="bbox 55 1321 1839 1402; baseline -0.001 -13"><span class='ocrx_word' id='word_1_173' title='bbox 55 1333 189 1389; x_wconf 83' lang='lat' dir='ltr'><strong>iecerunt</strong></span> <span class='ocrx_word' id='word_1_174' title='bbox 208 1331 245 1387; x_wconf 83' lang='lat' dir='ltr'><strong>ds</strong></span> <span class='ocrx_word' id='word_1_175' title='bbox 264 1329 479 1402; x_wconf 83' lang='lat' dir='ltr'><strong>ipsiciuctaest</strong></span> <span class='ocrx_word' id='word_1_176' title='bbox 491 1328 626 1384; x_wconf 84' lang='lat' dir='ltr'><strong>voluntas</strong></span> <span class='ocrx_word' id='word_1_177' title='bbox 641 1328 715 1397; x_wconf 87' lang='lat' dir='ltr'><strong>ejus.</strong></span> <span class='ocrx_word' id='word_1_178' title='bbox 732 1327 887 1398; x_wconf 86' lang='lat' dir='ltr'><strong>Propterea</strong></span> <span class='ocrx_word' id='word_1_179' title='bbox 941 1321 1479 1392; x_wconf 73' lang='lat' dir='ltr'><strong>iulib.Quettt&#39;onumveterieetrrovae</strong></span> <span class='ocrx_word' id='word_1_180' title='bbox 1495 1328 1773 1402; x_wconf 62' lang='lat' dir='ltr'><strong>perierminiis</strong></span> <span class='ocrx_word' id='word_1_181' title='bbox 1832 1360 1839 1369; x_wconf 87' lang='lat'><em>·</em></span> 
     </span>
    </p>
   </div>
   <div class='ocr_carea' id='block_1_5' title="bbox 54 1412 1888 1492">
    <p class='ocr_par' dir='ltr' id='par_1_8' title="bbox 54 1412 1888 1492">
     <span class='ocr_line' id='line_1_15' title="bbox 54 1412 1888 1492; baseline 0.001 -14"><span class='ocrx_word' id='word_1_182' title='bbox 54 1436 184 1490; x_wconf 88' lang='lat' dir='ltr'><strong>namque</strong></span> <span class='ocrx_word' id='word_1_183' title='bbox 199 1422 286 1490; x_wconf 82' lang='lat' dir='ltr'><strong>Opera</strong></span> <span class='ocrx_word' id='word_1_184' title='bbox 301 1417 412 1473; x_wconf 84' lang='lat' dir='ltr'><strong>Domini</strong></span> <span class='ocrx_word' id='word_1_185' title='bbox 426 1418 562 1489; x_wconf 78' lang='lat' dir='ltr'><strong>exquirito</strong></span> <span class='ocrx_word' id='word_1_186' title='bbox 577 1416 608 1471; x_wconf 82' lang='lat' dir='ltr'><strong>in</strong></span> <span class='ocrx_word' id='word_1_187' title='bbox 628 1431 720 1471; x_wconf 77' lang='lat' dir='ltr'><strong>omnes</strong></span> <span class='ocrx_word' id='word_1_188' title='bbox 735 1415 888 1472; x_wconf 75' lang='lat' dir='ltr'><strong>uoluntates</strong></span> <span class='ocrx_word' id='word_1_189' title='bbox 941 1412 1059 1485; x_wconf 90' lang='lat' dir='ltr'><strong>quidem</strong></span> <span class='ocrx_word' id='word_1_190' title='bbox 1078 1417 1176 1485; x_wconf 86' lang='lat' dir='ltr'><strong>potest</strong></span> <span class='ocrx_word' id='word_1_191' title='bbox 1191 1414 1279 1485; x_wconf 81' lang='lat' dir='ltr'><strong>Deus,</strong></span> <span class='ocrx_word' id='word_1_192' title='bbox 1297 1415 1348 1471; x_wconf 89' lang='lat' dir='ltr'><strong>scd</strong></span> <span class='ocrx_word' id='word_1_193' title='bbox 1364 1433 1420 1472; x_wconf 89' lang='lat' dir='ltr'><strong>non</strong></span> <span class='ocrx_word' id='word_1_194' title='bbox 1434 1417 1569 1475; x_wconf 82' lang='lat' dir='ltr'><strong>tacitnisi</strong></span> <span class='ocrx_word' id='word_1_195' title='bbox 1581 1420 1659 1492; x_wconf 85' lang='lat' dir='ltr'><strong>quod</strong></span> <span class='ocrx_word' id='word_1_196' title='bbox 1669 1437 1772 1478; x_wconf 88' lang='lat' dir='ltr'><strong>conve·</strong></span> <span class='ocrx_word' id='word_1_197' title='bbox 1883 1470 1888 1479; x_wconf 93' lang='lat'>.</span> 
     </span>
    </p>
   </div>
   <div class='ocr_carea' id='block_1_6' title="bbox 52 1501 1772 1848">
    <p class='ocr_par' dir='ltr' id='par_1_9' title="bbox 52 1501 1772 1848">
     <span class='ocr_line' id='line_1_16' title="bbox 54 1501 1771 1584; baseline -0.001 -17"><span class='ocrx_word' id='word_1_198' title='bbox 54 1513 119 1584; x_wconf 76' lang='lat' dir='ltr'><strong>ejus</strong></span> <span class='ocrx_word' id='word_1_199' title='bbox 133 1510 217 1581; x_wconf 83' lang='lat' dir='ltr'><strong>(Psoi.</strong></span> <span class='ocrx_word' id='word_1_200' title='bbox 234 1525 279 1575; x_wconf 83' lang='lat' dir='ltr'><strong>cx,</strong></span> <span class='ocrx_word' id='word_1_201' title='bbox 294 1510 333 1571; x_wconf 74' lang='lat'><strong>2).</strong></span> <span class='ocrx_word' id='word_1_202' title='bbox 350 1513 382 1562; x_wconf 93' lang='lat' dir='ltr'><strong>ut</strong></span> <span class='ocrx_word' id='word_1_203' title='bbox 408 1506 483 1562; x_wconf 91' lang='lat' dir='ltr'><strong>miro</strong></span> <span class='ocrx_word' id='word_1_204' title='bbox 507 1513 535 1562; x_wconf 89' lang='lat' dir='ltr'><strong>et</strong></span> <span class='ocrx_word' id='word_1_205' title='bbox 559 1505 696 1561; x_wconf 75' lang='lat' dir='ltr'><strong>ineffabili</strong></span> <span class='ocrx_word' id='word_1_206' title='bbox 720 1505 807 1561; x_wconf 90' lang='lat' dir='ltr'><strong>modo</strong></span> <span class='ocrx_word' id='word_1_207' title='bbox 829 1521 886 1562; x_wconf 91' lang='lat' dir='ltr'><strong>noa</strong></span> <span class='ocrx_word' id='word_1_208' title='bbox 942 1502 1003 1557; x_wconf 86' lang='lat' dir='ltr'><strong>nist</strong></span> <span class='ocrx_word' id='word_1_209' title='bbox 1017 1501 1129 1557; x_wconf 80' lang='lat' dir='ltr'><strong>veritati</strong></span> <span class='ocrx_word' id='word_1_210' title='bbox 1147 1503 1211 1571; x_wconf 80' lang='lat' dir='ltr'><strong>eius</strong></span> <span class='ocrx_word' id='word_1_211' title='bbox 1222 1503 1390 1574; x_wconf 80' lang='lat' dir='ltr'><strong>etjustitias.</strong></span> <span class='ocrx_word' id='word_1_212' title='bbox 1403 1506 1434 1562; x_wconf 88' lang='lat' dir='ltr'><strong>iu</strong></span> <span class='ocrx_word' id='word_1_213' title='bbox 1446 1508 1548 1563; x_wconf 87' lang='lat' dir='ltr'><strong>eodem</strong></span> <span class='ocrx_word' id='word_1_214' title='bbox 1562 1525 1569 1564; x_wconf 73' lang='grc' dir='ltr'><strong>ι</strong></span> <span class='ocrx_word' id='word_1_215' title='bbox 1585 1509 1681 1565; x_wconf 84' lang='lat' dir='ltr'><strong>Potuit</strong></span> <span class='ocrx_word' id='word_1_216' title='bbox 1693 1508 1771 1567; x_wconf 87' lang='lat' dir='ltr'><strong>Deus</strong></span> 
     </span>
     <span class='ocr_line' id='line_1_17' title="bbox 59 1589 1769 1671; baseline -0.001 -15"><span class='ocrx_word' id='word_1_217' title='bbox 59 1601 110 1656; x_wconf 81' lang='lat' dir='ltr'><strong>frat</strong></span> <span class='ocrx_word' id='word_1_218' title='bbox 131 1603 235 1671; x_wconf 85' lang='lat' dir='ltr'><strong>praetor</strong></span> <span class='ocrx_word' id='word_1_219' title='bbox 249 1597 440 1661; x_wconf 81' lang='lat' dir='ltr'><strong>voluntatem,</strong></span> <span class='ocrx_word' id='word_1_220' title='bbox 451 1599 480 1650; x_wconf 90' lang='lat' dir='ltr'><strong>et</strong></span> <span class='ocrx_word' id='word_1_221' title='bbox 490 1596 567 1666; x_wconf 89' lang='lat' dir='ltr'><strong>quod</strong></span> <span class='ocrx_word' id='word_1_222' title='bbox 582 1595 667 1650; x_wconf 86' lang='lat' dir='ltr'><strong>etiarn</strong></span> <span class='ocrx_word' id='word_1_223' title='bbox 681 1593 721 1649; x_wconf 87' lang='lat' dir='ltr'><strong>sit</strong></span> <span class='ocrx_word' id='word_1_224' title='bbox 732 1600 888 1650; x_wconf 82' lang='lat' dir='ltr'><strong>contram.</strong></span> <span class='ocrx_word' id='word_1_225' title='bbox 942 1589 1031 1647; x_wconf 88' lang='lat' dir='ltr'><strong>simul</strong></span> <span class='ocrx_word' id='word_1_226' title='bbox 1046 1590 1267 1657; x_wconf 73' lang='lat' dir='ltr'><strong>commiscere,</strong></span> <span class='ocrx_word' id='word_1_227' title='bbox 1282 1592 1335 1649; x_wconf 89' lang='lat' dir='ltr'><strong>sed</strong></span> <span class='ocrx_word' id='word_1_228' title='bbox 1347 1592 1420 1649; x_wconf 80' lang='lat' dir='ltr'><strong>ratio</strong></span> <span class='ocrx_word' id='word_1_229' title='bbox 1431 1594 1600 1667; x_wconf 88' lang='lat' dir='ltr'><strong>prohibuit:</strong></span> <span class='ocrx_word' id='word_1_230' title='bbox 1617 1596 1769 1655; x_wconf 81' lang='lat' dir='ltr'><strong>fatendum</strong></span> 
     </span>
     <span class='ocr_line' id='line_1_18' title="bbox 52 1680 1770 1758; baseline 0 -14"><span class='ocrx_word' id='word_1_231' title='bbox 52 1690 198 1746; x_wconf 87' lang='lat' dir='ltr'><strong>luntatom</strong></span> <span class='ocrx_word' id='word_1_232' title='bbox 216 1688 291 1758; x_wconf 88' lang='lat' dir='ltr'><strong>ejus,</strong></span> <span class='ocrx_word' id='word_1_233' title='bbox 307 1685 449 1757; x_wconf 86' lang='lat' dir='ltr'><strong>quianon</strong></span> <span class='ocrx_word' id='word_1_234' title='bbox 467 1683 589 1739; x_wconf 88' lang='lat' dir='ltr'><strong>tieretsi</strong></span> <span class='ocrx_word' id='word_1_235' title='bbox 612 1699 668 1739; x_wconf 91' lang='lat' dir='ltr'><strong>non</strong></span> <span class='ocrx_word' id='word_1_236' title='bbox 690 1682 810 1749; x_wconf 80' lang='lat' dir='ltr'><strong>sineret,</strong></span> <span class='ocrx_word' id='word_1_237' title='bbox 835 1698 888 1738; x_wconf 88' lang='lat' dir='ltr'><strong>nec</strong></span> <span class='ocrx_word' id='word_1_238' title='bbox 941 1690 986 1735; x_wconf 90' lang='lat' dir='ltr'><strong>est</strong></span> <span class='ocrx_word' id='word_1_239' title='bbox 1000 1695 1068 1750; x_wconf 91' lang='lat' dir='ltr'><strong>ergo</strong></span> <span class='ocrx_word' id='word_1_240' title='bbox 1083 1680 1183 1736; x_wconf 89' lang='lat' dir='ltr'><strong>omnia</strong></span> <span class='ocrx_word' id='word_1_241' title='bbox 1205 1682 1295 1737; x_wconf 84' lang='lat' dir='ltr'><strong>Deum</strong></span> <span class='ocrx_word' id='word_1_242' title='bbox 1319 1698 1415 1754; x_wconf 85' lang='lat' dir='ltr'><strong>posse.</strong></span> <span class='ocrx_word' id='word_1_243' title='bbox 1436 1684 1494 1741; x_wconf 87' lang='lat' dir='ltr'><strong>Sed</strong></span> <span class='ocrx_word' id='word_1_244' title='bbox 1516 1686 1675 1757; x_wconf 91' lang='lat' dir='ltr'><strong>opponitur</strong></span> <span class='ocrx_word' id='word_1_245' title='bbox 1693 1689 1770 1758; x_wconf 88' lang='lat' dir='ltr'><strong>quod</strong></span> 
     </span>
     <span class='ocr_line' id='line_1_19' title="bbox 55 1767 1772 1848; baseline -0.001 -15"><span class='ocrx_word' id='word_1_246' title='bbox 55 1778 160 1848; x_wconf 87' lang='lat' dir='ltr'><strong>utique</strong></span> <span class='ocrx_word' id='word_1_247' title='bbox 176 1774 280 1832; x_wconf 89' lang='lat' dir='ltr'><strong>nolens</strong></span> <span class='ocrx_word' id='word_1_248' title='bbox 296 1773 377 1839; x_wconf 84' lang='lat' dir='ltr'><strong>sinit,</strong></span> <span class='ocrx_word' id='word_1_249' title='bbox 393 1773 443 1828; x_wconf 94' lang='lat' dir='ltr'><strong>sed</strong></span> <span class='ocrx_word' id='word_1_250' title='bbox 460 1771 572 1839; x_wconf 87' lang='lat' dir='ltr'><strong>volens,</strong></span> <span class='ocrx_word' id='word_1_251' title='bbox 589 1787 641 1827; x_wconf 88' lang='lat' dir='ltr'><strong>nec</strong></span> <span class='ocrx_word' id='word_1_252' title='bbox 657 1771 766 1827; x_wconf 87' lang='lat' dir='ltr'><strong>sineret</strong></span> <span class='ocrx_word' id='word_1_253' title='bbox 793 1773 888 1827; x_wconf 87' lang='lat' dir='ltr'><strong>bonus</strong></span> <span class='ocrx_word' id='word_1_254' title='bbox 942 1769 1012 1824; x_wconf 88' lang='lat' dir='ltr'><strong>dicit</strong></span> <span class='ocrx_word' id='word_1_255' title='bbox 1027 1769 1055 1823; x_wconf 91' lang='lat' dir='ltr'><strong>in</strong></span> <span class='ocrx_word' id='word_1_256' title='bbox 1072 1767 1123 1824; x_wconf 85' lang='lat' dir='ltr'><strong>tib.</strong></span> <span class='ocrx_word' id='word_1_257' title='bbox 1140 1770 1178 1825; x_wconf 84' lang='lat' dir='ltr'><strong>tie</strong></span> <span class='ocrx_word' id='word_1_258' title='bbox 1193 1770 1298 1841; x_wconf 89' lang='lat' dir='ltr'><strong>spiritu</strong></span> <span class='ocrx_word' id='word_1_259' title='bbox 1315 1770 1447 1828; x_wconf 85' lang='lat' dir='ltr'><strong>otiittera</strong></span> <span class='ocrx_word' id='word_1_260' title='bbox 1459 1774 1640 1844; x_wconf 78' lang='lat' dir='ltr'><strong>Augustinus</strong></span> <span class='ocrx_word' id='word_1_261' title='bbox 1653 1791 1660 1831; x_wconf 90' lang='lat'>:</span> <span class='ocrx_word' id='word_1_262' title='bbox 1672 1775 1772 1833; x_wconf 88' lang='lat' dir='ltr'><strong>Omni·</strong></span> 
     </span>
    </p>
   </div>
   <div class='ocr_carea' id='block_1_7' title="bbox 53 1858 1873 1935">
    <p class='ocr_par' dir='ltr' id='par_1_10' title="bbox 53 1858 1873 1935">
     <span class='ocr_line' id='line_1_20' title="bbox 53 1858 1873 1935; baseline -0.002 -11"><span class='ocrx_word' id='word_1_263' title='bbox 53 1866 120 1924; x_wconf 85' lang='lat' dir='ltr'><strong>fieri</strong></span> <span class='ocrx_word' id='word_1_264' title='bbox 132 1864 220 1930; x_wconf 85' lang='lat' dir='ltr'><strong>mato,</strong></span> <span class='ocrx_word' id='word_1_265' title='bbox 234 1863 290 1919; x_wconf 89' lang='lat' dir='ltr'><strong>nisi</strong></span> <span class='ocrx_word' id='word_1_266' title='bbox 300 1864 498 1934; x_wconf 82' lang='lat' dir='ltr'><strong>omnipotens,</strong></span> <span class='ocrx_word' id='word_1_267' title='bbox 512 1866 540 1916; x_wconf 90' lang='lat' dir='ltr'><strong>et</strong></span> <span class='ocrx_word' id='word_1_268' title='bbox 552 1862 587 1917; x_wconf 93' lang='lat' dir='ltr'><strong>de</strong></span> <span class='ocrx_word' id='word_1_269' title='bbox 598 1861 675 1916; x_wconf 91' lang='lat' dir='ltr'><strong>mato</strong></span> <span class='ocrx_word' id='word_1_270' title='bbox 686 1859 780 1915; x_wconf 83' lang='lat' dir='ltr'><strong>tacere</strong></span> <span class='ocrx_word' id='word_1_271' title='bbox 792 1864 888 1929; x_wconf 85' lang='lat' dir='ltr'><strong>posset</strong></span> <span class='ocrx_word' id='word_1_272' title='bbox 942 1863 1045 1930; x_wconf 91' lang='lat' dir='ltr'><strong>potens</strong></span> <span class='ocrx_word' id='word_1_273' title='bbox 1062 1874 1118 1913; x_wconf 92' lang='lat' dir='ltr'><strong>non</strong></span> <span class='ocrx_word' id='word_1_274' title='bbox 1142 1858 1252 1916; x_wconf 86' lang='lat' dir='ltr'><strong>dicitur</strong></span> <span class='ocrx_word' id='word_1_275' title='bbox 1264 1864 1350 1928; x_wconf 83' lang='lat' dir='ltr'><strong>Deus,</strong></span> <span class='ocrx_word' id='word_1_276' title='bbox 1362 1863 1439 1932; x_wconf 89' lang='lat' dir='ltr'><strong>quod</strong></span> <span class='ocrx_word' id='word_1_277' title='bbox 1451 1863 1550 1919; x_wconf 86' lang='lat' dir='ltr'><strong>omnia</strong></span> <span class='ocrx_word' id='word_1_278' title='bbox 1561 1864 1655 1935; x_wconf 87' lang='lat' dir='ltr'><strong>possit</strong></span> <span class='ocrx_word' id='word_1_279' title='bbox 1664 1865 1772 1932; x_wconf 84' lang='lat' dir='ltr'><strong>iacere,</strong></span> <span class='ocrx_word' id='word_1_280' title='bbox 1869 1922 1873 1929; x_wconf 82' lang='grc'>,</span> 
     </span>
    </p>
   </div>
   <div class='ocr_carea' id='block_1_8' title="bbox 56 1949 1774 2023">
    <p class='ocr_par' dir='ltr' id='par_1_11' title="bbox 56 1949 1774 2023">
     <span class='ocr_line' id='line_1_21' title="bbox 56 1949 1774 2023; baseline -0.002 -10"><span class='ocrx_word' id='word_1_281' title='bbox 56 1955 451 2013; x_wconf 79' lang='lat' dir='ltr'><strong>bene.»ituttivoiuntstsm</strong></span> <span class='ocrx_word' id='word_1_282' title='bbox 465 1953 512 2007; x_wconf 85' lang='lat' dir='ltr'><strong>Dei</strong></span> <span class='ocrx_word' id='word_1_283' title='bbox 528 1952 889 2023; x_wconf 71' lang='lat' dir='ltr'><strong>peraguntundemutars</strong></span> <span class='ocrx_word' id='word_1_284' title='bbox 942 1949 992 2003; x_wconf 86' lang='lat' dir='ltr'><strong>sed</strong></span> <span class='ocrx_word' id='word_1_285' title='bbox 1009 1949 1078 2018; x_wconf 85' lang='lat' dir='ltr'><strong>quia</strong></span> <span class='ocrx_word' id='word_1_286' title='bbox 1094 1952 1196 2018; x_wconf 88' lang='lat' dir='ltr'><strong>potest</strong></span> <span class='ocrx_word' id='word_1_287' title='bbox 1212 1949 1349 2020; x_wconf 83' lang='lat' dir='ltr'><strong>perficere</strong></span> <span class='ocrx_word' id='word_1_288' title='bbox 1364 1950 1508 2022; x_wconf 89' lang='lat' dir='ltr'><strong>quidquid</strong></span> <span class='ocrx_word' id='word_1_289' title='bbox 1521 1950 1593 2021; x_wconf 87' lang='lat' dir='ltr'><strong>ruit,</strong></span> <span class='ocrx_word' id='word_1_290' title='bbox 1607 1953 1689 2009; x_wconf 89' lang='lat' dir='ltr'><strong>itaut</strong></span> <span class='ocrx_word' id='word_1_291' title='bbox 1701 1953 1774 2010; x_wconf 91' lang='lat' dir='ltr'><strong>nihii</strong></span> 
     </span>
    </p>
   </div>
   <div class='ocr_carea' id='block_1_9' title="bbox 58 2036 1899 2215">
    <p class='ocr_par' dir='ltr' id='par_1_12' title="bbox 58 2036 1899 2215">
     <span class='ocr_line' id='line_1_22' title="bbox 58 2036 1899 2113; baseline -0.001 -13"><span class='ocrx_word' id='word_1_292' title='bbox 58 2044 254 2111; x_wconf 84' lang='lat' dir='ltr'><strong>contendunt,</strong></span> <span class='ocrx_word' id='word_1_293' title='bbox 269 2046 298 2096; x_wconf 92' lang='grc' dir='ltr'><strong>ει</strong></span> <span class='ocrx_word' id='word_1_294' title='bbox 312 2039 435 2098; x_wconf 89' lang='lat' dir='ltr'><strong>consitio</strong></span> <span class='ocrx_word' id='word_1_295' title='bbox 451 2039 516 2109; x_wconf 90' lang='lat' dir='ltr'><strong>ejus</strong></span> <span class='ocrx_word' id='word_1_296' title='bbox 532 2040 700 2094; x_wconf 89' lang='lat' dir='ltr'><strong>resistentes</strong></span> <span class='ocrx_word' id='word_1_297' title='bbox 720 2037 887 2108; x_wconf 88' lang='lat' dir='ltr'><strong>obsequun·</strong></span> <span class='ocrx_word' id='word_1_298' title='bbox 943 2037 1036 2111; x_wconf 88' lang='lat' dir='ltr'><strong>possit</strong></span> <span class='ocrx_word' id='word_1_299' title='bbox 1051 2039 1185 2094; x_wconf 86' lang='lat' dir='ltr'><strong>resistere</strong></span> <span class='ocrx_word' id='word_1_300' title='bbox 1200 2038 1345 2095; x_wconf 82' lang='lat' dir='ltr'><strong>voluntati</strong></span> <span class='ocrx_word' id='word_1_301' title='bbox 1359 2041 1505 2113; x_wconf 87' lang='lat' dir='ltr'><strong>ejusquin</strong></span> <span class='ocrx_word' id='word_1_302' title='bbox 1519 2041 1775 2113; x_wconf 85' lang='lat' dir='ltr'><strong>compleatur‚uut</strong></span> <span class='ocrx_word' id='word_1_303' title='bbox 1839 2072 1843 2081; x_wconf 93' lang='lat'>·</span> <span class='ocrx_word' id='word_1_304' title='bbox 1890 2036 1899 2047; x_wconf 91' lang='grc'><strong>’</strong></span> 
     </span>
     <span class='ocr_line' id='line_1_23' title="bbox 59 2125 1891 2215; baseline 0.001 -28"><span class='ocrx_word' id='word_1_305' title='bbox 59 2136 120 2199; x_wconf 85' lang='lat' dir='ltr'><strong>tur,</strong></span> <span class='ocrx_word' id='word_1_306' title='bbox 137 2129 276 2202; x_wconf 85' lang='lat' dir='ltr'><strong>quiahoc</strong></span> <span class='ocrx_word' id='word_1_307' title='bbox 296 2127 361 2200; x_wconf 90' lang='lat' dir='ltr'><strong>ejus</strong></span> <span class='ocrx_word' id='word_1_308' title='bbox 383 2126 569 2199; x_wconf 80' lang='lat' dir='ltr'><strong>dispositioni</strong></span> <span class='ocrx_word' id='word_1_309' title='bbox 594 2125 710 2193; x_wconf 83' lang='lat' dir='ltr'><strong>militat,</strong></span> <span class='ocrx_word' id='word_1_310' title='bbox 736 2125 813 2197; x_wconf 89' lang='lat' dir='ltr'><strong>quod</strong></span> <span class='ocrx_word' id='word_1_311' title='bbox 838 2141 890 2197; x_wconf 89' lang='lat' dir='ltr'><strong>por</strong></span> <span class='ocrx_word' id='word_1_312' title='bbox 943 2126 1771 2205; x_wconf 77' lang='lat' dir='ltr'><strong>aliquomodoimpedtrsssm.tuqaodpotsstdiciquod</strong></span> <span class='ocrx_word' id='word_1_313' title='bbox 1882 2184 1891 2215; x_wconf 32' lang='lat'><strong>.-</strong></span> 
     </span>
    </p>
   </div>
   <div class='ocr_carea' id='block_1_10' title="bbox 58 2215 1775 2470">
    <p class='ocr_par' dir='ltr' id='par_1_13' title="bbox 58 2215 1775 2470">
     <span class='ocr_line' id='line_1_24' title="bbox 58 2215 1775 2289; baseline 0.001 -12"><span class='ocrx_word' id='word_1_314' title='bbox 58 2221 227 2277; x_wconf 88' lang='lat' dir='ltr'><strong>humanum</strong></span> <span class='ocrx_word' id='word_1_315' title='bbox 243 2218 375 2274; x_wconf 89' lang='lat' dir='ltr'><strong>studium</strong></span> <span class='ocrx_word' id='word_1_316' title='bbox 393 2216 525 2275; x_wconf 87' lang='lat' dir='ltr'><strong>resultat.</strong></span> <span class='ocrx_word' id='word_1_317' title='bbox 944 2215 1195 2289; x_wconf 66' lang='lat' dir='ltr'><strong>Augustianaubi</strong></span> <span class='ocrx_word' id='word_1_318' title='bbox 1206 2217 1277 2272; x_wconf 90' lang='lat' dir='ltr'><strong>dicit</strong></span> <span class='ocrx_word' id='word_1_319' title='bbox 1289 2217 1495 2289; x_wconf 84' lang='lat' dir='ltr'><strong>:Omnipotens</strong></span> <span class='ocrx_word' id='word_1_320' title='bbox 1512 2220 1587 2276; x_wconf 84' lang='lat' dir='ltr'><strong>Deus</strong></span> <span class='ocrx_word' id='word_1_321' title='bbox 1598 2220 1775 2279; x_wconf 89' lang='lat' dir='ltr'><strong>nondioitur</strong></span> 
     </span>
     <span class='ocr_line' id='line_1_25' title="bbox 99 2303 1774 2381; baseline -0.001 -13"><span class='ocrx_word' id='word_1_322' title='bbox 99 2312 196 2368; x_wconf 85' lang='lat' dir='ltr'><strong>Potest</strong></span> <span class='ocrx_word' id='word_1_323' title='bbox 206 2310 262 2367; x_wconf 91' lang='lat' dir='ltr'><strong>hoo</strong></span> <span class='ocrx_word' id='word_1_324' title='bbox 275 2309 359 2366; x_wconf 91' lang='lat' dir='ltr'><strong>modo</strong></span> <span class='ocrx_word' id='word_1_325' title='bbox 370 2306 478 2380; x_wconf 87' lang='lat' dir='ltr'><strong>opponi</strong></span> <span class='ocrx_word' id='word_1_326' title='bbox 492 2323 500 2362; x_wconf 74' lang='grc' dir='ltr'><strong>ε</strong></span> <span class='ocrx_word' id='word_1_327' title='bbox 513 2312 624 2363; x_wconf 83' lang='lat' dir='ltr'><strong>Bonum</strong></span> <span class='ocrx_word' id='word_1_328' title='bbox 634 2310 679 2362; x_wconf 91' lang='lat' dir='ltr'><strong>ast</strong></span> <span class='ocrx_word' id='word_1_329' title='bbox 689 2303 800 2361; x_wconf 87' lang='lat' dir='ltr'><strong>malum</strong></span> <span class='ocrx_word' id='word_1_330' title='bbox 813 2319 889 2370; x_wconf 88' lang='lat' dir='ltr'><strong>esse,</strong></span> <span class='ocrx_word' id='word_1_331' title='bbox 944 2307 1022 2380; x_wconf 87' lang='lat' dir='ltr'><strong>quod</strong></span> <span class='ocrx_word' id='word_1_332' title='bbox 1039 2305 1138 2362; x_wconf 88' lang='lat' dir='ltr'><strong>omnia</strong></span> <span class='ocrx_word' id='word_1_333' title='bbox 1153 2307 1246 2378; x_wconf 87' lang='lat' dir='ltr'><strong>possit</strong></span> <span class='ocrx_word' id='word_1_334' title='bbox 1258 2312 1317 2363; x_wconf 87' lang='lat' dir='ltr'><strong>tam</strong></span> <span class='ocrx_word' id='word_1_335' title='bbox 1332 2306 1423 2381; x_wconf 84' lang='lat' dir='ltr'><strong>large,</strong></span> <span class='ocrx_word' id='word_1_336' title='bbox 1434 2308 1541 2378; x_wconf 83' lang='lat' dir='ltr'><strong>accipit</strong></span> <span class='ocrx_word' id='word_1_337' title='bbox 1556 2310 1665 2379; x_wconf 87' lang='lat' dir='ltr'><strong>omnia,</strong></span> <span class='ocrx_word' id='word_1_338' title='bbox 1675 2314 1708 2367; x_wconf 93' lang='lat' dir='ltr'><strong>ut</strong></span> <span class='ocrx_word' id='word_1_339' title='bbox 1721 2310 1774 2366; x_wconf 91' lang='lat' dir='ltr'><strong>ubi</strong></span> 
     </span>
     <span class='ocr_line' id='line_1_26' title="bbox 65 2393 1774 2470; baseline -0.001 -13"><span class='ocrx_word' id='word_1_340' title='bbox 65 2401 120 2457; x_wconf 88' lang='lat' dir='ltr'><strong>sed</strong></span> <span class='ocrx_word' id='word_1_341' title='bbox 135 2398 231 2457; x_wconf 86' lang='lat' dir='ltr'><strong>omnis</strong></span> <span class='ocrx_word' id='word_1_342' title='bbox 247 2400 316 2455; x_wconf 88' lang='lat' dir='ltr'><strong>boni</strong></span> <span class='ocrx_word' id='word_1_343' title='bbox 331 2397 408 2454; x_wconf 84' lang='lat' dir='ltr'><strong>Deus</strong></span> <span class='ocrx_word' id='word_1_344' title='bbox 424 2402 469 2454; x_wconf 91' lang='lat' dir='ltr'><strong>est</strong></span> <span class='ocrx_word' id='word_1_345' title='bbox 482 2405 602 2466; x_wconf 80' lang='lat' dir='ltr'><strong>auotor3</strong></span> <span class='ocrx_word' id='word_1_346' title='bbox 618 2411 687 2468; x_wconf 92' lang='lat' dir='ltr'><strong>ergo</strong></span> <span class='ocrx_word' id='word_1_347' title='bbox 696 2395 764 2452; x_wconf 83' lang='lat' dir='ltr'><strong>iacit</strong></span> <span class='ocrx_word' id='word_1_348' title='bbox 780 2393 890 2450; x_wconf 86' lang='lat' dir='ltr'><strong>maium</strong></span> <span class='ocrx_word' id='word_1_349' title='bbox 944 2394 1203 2468; x_wconf 86' lang='lat' dir='ltr'><strong>comprehenderet</strong></span> <span class='ocrx_word' id='word_1_350' title='bbox 1218 2402 1246 2451; x_wconf 91' lang='grc' dir='ltr'><strong>ει</strong></span> <span class='ocrx_word' id='word_1_351' title='bbox 1262 2394 1350 2463; x_wconf 87' lang='lat' dir='ltr'><strong>mala,</strong></span> <span class='ocrx_word' id='word_1_352' title='bbox 1366 2413 1430 2470; x_wconf 80' lang='lat' dir='ltr'><strong>quas</strong></span> <span class='ocrx_word' id='word_1_353' title='bbox 1446 2414 1503 2452; x_wconf 92' lang='lat' dir='ltr'><strong>nun</strong></span> <span class='ocrx_word' id='word_1_354' title='bbox 1520 2397 1584 2454; x_wconf 90' lang='lat' dir='ltr'><strong>vult</strong></span> <span class='ocrx_word' id='word_1_355' title='bbox 1606 2404 1695 2465; x_wconf 84' lang='lat' dir='ltr'><strong>Deus,</strong></span> <span class='ocrx_word' id='word_1_356' title='bbox 1720 2414 1774 2455; x_wconf 86' lang='lat' dir='ltr'><strong>nec</strong></span> 
     </span>
    </p>
   </div>
   <div class='ocr_carea' id='block_1_11' title="bbox 58 2483 1900 2738">
    <p class='ocr_par' dir='ltr' id='par_1_14' title="bbox 58 2483 1900 2738">
     <span class='ocr_line' id='line_1_27' title="bbox 58 2483 1885 2561; baseline -0.001 -14"><span class='ocrx_word' id='word_1_357' title='bbox 58 2505 147 2547; x_wconf 85' lang='lat' dir='ltr'><strong>esso:</strong></span> <span class='ocrx_word' id='word_1_358' title='bbox 168 2489 246 2561; x_wconf 89' lang='lat' dir='ltr'><strong>quod</strong></span> <span class='ocrx_word' id='word_1_359' title='bbox 263 2503 321 2543; x_wconf 91' lang='lat' dir='ltr'><strong>non</strong></span> <span class='ocrx_word' id='word_1_360' title='bbox 336 2493 381 2543; x_wconf 90' lang='lat' dir='ltr'><strong>est</strong></span> <span class='ocrx_word' id='word_1_361' title='bbox 395 2486 627 2554; x_wconf 85' lang='lat' dir='ltr'><strong>concedendum,</strong></span> <span class='ocrx_word' id='word_1_362' title='bbox 648 2485 718 2557; x_wconf 85' lang='lat' dir='ltr'><strong>quis</strong></span> <span class='ocrx_word' id='word_1_363' title='bbox 737 2499 794 2540; x_wconf 92' lang='lat' dir='ltr'><strong>non</strong></span> <span class='ocrx_word' id='word_1_364' title='bbox 815 2483 891 2539; x_wconf 81' lang='lat' dir='ltr'><strong>dunt</strong></span> <span class='ocrx_word' id='word_1_365' title='bbox 945 2488 1050 2556; x_wconf 91' lang='lat' dir='ltr'><strong>potest.</strong></span> <span class='ocrx_word' id='word_1_366' title='bbox 1068 2484 1146 2541; x_wconf 88' lang='lat' dir='ltr'><strong>Idem</strong></span> <span class='ocrx_word' id='word_1_367' title='bbox 1162 2484 1192 2540; x_wconf 91' lang='lat' dir='ltr'><strong>in</strong></span> <span class='ocrx_word' id='word_1_368' title='bbox 1208 2483 1312 2541; x_wconf 80' lang='lat' dir='ltr'><strong>tibiis</strong></span> <span class='ocrx_word' id='word_1_369' title='bbox 1328 2484 1466 2558; x_wconf 78' lang='lat' dir='ltr'><strong>symbolo</strong></span> <span class='ocrx_word' id='word_1_370' title='bbox 1479 2502 1486 2540; x_wconf 91' lang='lat'><strong>:</strong></span> <span class='ocrx_word' id='word_1_371' title='bbox 1498 2488 1775 2560; x_wconf 88' lang='lat' dir='ltr'><strong>Dousomaipotens</strong></span> <span class='ocrx_word' id='word_1_372' title='bbox 1878 2484 1885 2491; x_wconf 83' lang='grc'><strong>’</strong></span> 
     </span>
     <span class='ocr_line' id='line_1_28' title="bbox 59 2572 1900 2659; baseline -0.002 -22"><span class='ocrx_word' id='word_1_373' title='bbox 59 2578 139 2637; x_wconf 86' lang='lat' dir='ltr'><strong>maia</strong></span> <span class='ocrx_word' id='word_1_374' title='bbox 153 2595 187 2635; x_wconf 93' lang='lat' dir='ltr'><strong>eo</strong></span> <span class='ocrx_word' id='word_1_375' title='bbox 203 2583 330 2634; x_wconf 86' lang='lat' dir='ltr'><strong>auctore.</strong></span> <span class='ocrx_word' id='word_1_376' title='bbox 348 2577 403 2632; x_wconf 85' lang='lat' dir='ltr'><strong>Sed</strong></span> <span class='ocrx_word' id='word_1_377' title='bbox 420 2580 515 2648; x_wconf 89' lang='lat' dir='ltr'><strong>potest</strong></span> <span class='ocrx_word' id='word_1_378' title='bbox 526 2575 594 2640; x_wconf 90' lang='lat' dir='ltr'><strong>dici,</strong></span> <span class='ocrx_word' id='word_1_379' title='bbox 608 2575 686 2648; x_wconf 91' lang='lat' dir='ltr'><strong>quod</strong></span> <span class='ocrx_word' id='word_1_380' title='bbox 700 2573 767 2630; x_wconf 86' lang='lat' dir='ltr'><strong>tacit</strong></span> <span class='ocrx_word' id='word_1_381' title='bbox 778 2572 889 2631; x_wconf 83' lang='lat' dir='ltr'><strong>malum</strong></span> <span class='ocrx_word' id='word_1_382' title='bbox 945 2590 1003 2629; x_wconf 91' lang='lat' dir='ltr'><strong>non</strong></span> <span class='ocrx_word' id='word_1_383' title='bbox 1017 2576 1113 2646; x_wconf 89' lang='lat' dir='ltr'><strong>potest</strong></span> <span class='ocrx_word' id='word_1_384' title='bbox 1127 2573 1214 2642; x_wconf 84' lang='lat' dir='ltr'><strong>mori,</strong></span> <span class='ocrx_word' id='word_1_385' title='bbox 1229 2591 1286 2631; x_wconf 90' lang='lat' dir='ltr'><strong>non</strong></span> <span class='ocrx_word' id='word_1_386' title='bbox 1303 2577 1398 2646; x_wconf 90' lang='lat' dir='ltr'><strong>potest</strong></span> <span class='ocrx_word' id='word_1_387' title='bbox 1415 2574 1487 2645; x_wconf 79' lang='lat' dir='ltr'><strong>ratri,</strong></span> <span class='ocrx_word' id='word_1_388' title='bbox 1498 2592 1555 2631; x_wconf 91' lang='lat' dir='ltr'><strong>non</strong></span> <span class='ocrx_word' id='word_1_389' title='bbox 1570 2578 1667 2647; x_wconf 88' lang='lat' dir='ltr'><strong>potest</strong></span> <span class='ocrx_word' id='word_1_390' title='bbox 1685 2577 1776 2635; x_wconf 81' lang='lat' dir='ltr'><strong>miser</strong></span> <span class='ocrx_word' id='word_1_391' title='bbox 1870 2608 1876 2659; x_wconf 91' lang='lat'><strong>&#39;.</strong></span> <span class='ocrx_word' id='word_1_392' title='bbox 1885 2628 1900 2637; x_wconf 92' lang='grc'><strong>,.</strong></span> 
     </span>
     <span class='ocr_line' id='line_1_29' title="bbox 59 2661 1893 2738; baseline -0.002 -12"><span class='ocrx_word' id='word_1_393' title='bbox 59 2684 127 2726; x_wconf 83' lang='grc' dir='ltr'><strong>εεεε</strong></span> <span class='ocrx_word' id='word_1_394' title='bbox 144 2668 221 2725; x_wconf 86' lang='lat' dir='ltr'><strong>sicut</strong></span> <span class='ocrx_word' id='word_1_395' title='bbox 235 2668 366 2733; x_wconf 70' lang='lat' dir='ltr'><strong>bonum</strong></span> <span class='ocrx_word' id='word_1_396' title='bbox 384 2666 446 2738; x_wconf 91' lang='lat' dir='ltr'><strong>ipse</strong></span> <span class='ocrx_word' id='word_1_397' title='bbox 460 2666 539 2722; x_wconf 91' lang='lat' dir='ltr'><strong>euim</strong></span> <span class='ocrx_word' id='word_1_398' title='bbox 562 2669 700 2737; x_wconf 89' lang='lat' dir='ltr'><strong>operatur</strong></span> <span class='ocrx_word' id='word_1_399' title='bbox 720 2661 831 2719; x_wconf 89' lang='lat' dir='ltr'><strong>malum</strong></span> <span class='ocrx_word' id='word_1_400' title='bbox 858 2664 889 2720; x_wconf 92' lang='lat' dir='ltr'><strong>in</strong></span> <span class='ocrx_word' id='word_1_401' title='bbox 944 2663 1018 2734; x_wconf 86' lang='lat' dir='ltr'><strong>iteri,</strong></span> <span class='ocrx_word' id='word_1_402' title='bbox 1034 2679 1092 2719; x_wconf 88' lang='lat' dir='ltr'><strong>non</strong></span> <span class='ocrx_word' id='word_1_403' title='bbox 1108 2667 1201 2735; x_wconf 88' lang='lat' dir='ltr'><strong>potest</strong></span> <span class='ocrx_word' id='word_1_404' title='bbox 1215 2663 1302 2720; x_wconf 72' lang='lat' dir='ltr'><strong>unci.</strong></span> <span class='ocrx_word' id='word_1_405' title='bbox 1317 2667 1383 2719; x_wconf 82' lang='lat' dir='ltr'><strong>tirso</strong></span> <span class='ocrx_word' id='word_1_406' title='bbox 1399 2663 1499 2736; x_wconf 85' lang='lat' dir='ltr'><strong>itaquo</strong></span> <span class='ocrx_word' id='word_1_407' title='bbox 1514 2671 1542 2721; x_wconf 92' lang='lat' dir='ltr'><strong>et</strong></span> <span class='ocrx_word' id='word_1_408' title='bbox 1555 2666 1724 2738; x_wconf 87' lang='lat' dir='ltr'><strong>hujusmodi</strong></span> <span class='ocrx_word' id='word_1_409' title='bbox 1740 2671 1774 2723; x_wconf 92' lang='lat' dir='ltr'><strong>ut</strong></span> <span class='ocrx_word' id='word_1_410' title='bbox 1889 2690 1893 2695; x_wconf 96' lang='lat'>·</span> 
     </span>
    </p>
   </div>
   <div class='ocr_carea' id='block_1_12' title="bbox 62 2752 1772 2922">
    <p class='ocr_par' dir='ltr' id='par_1_15' title="bbox 62 2752 1772 2922">
     <span class='ocr_line' id='line_1_30' title="bbox 62 2752 1771 2824; baseline -0.001 -9"><span class='ocrx_word' id='word_1_411' title='bbox 62 2759 187 2817; x_wconf 91' lang='lat' dir='ltr'><strong>bouum.</strong></span> <span class='ocrx_word' id='word_1_412' title='bbox 945 2752 1039 2824; x_wconf 89' lang='lat' dir='ltr'><strong>possit</strong></span> <span class='ocrx_word' id='word_1_413' title='bbox 1052 2752 1248 2824; x_wconf 87' lang='lat' dir='ltr'><strong>omnipotens,</strong></span> <span class='ocrx_word' id='word_1_414' title='bbox 1263 2767 1298 2808; x_wconf 86' lang='lat' dir='ltr'><strong>ao</strong></span> <span class='ocrx_word' id='word_1_415' title='bbox 1313 2769 1364 2824; x_wconf 90' lang='lat' dir='ltr'><strong>per</strong></span> <span class='ocrx_word' id='word_1_416' title='bbox 1381 2753 1434 2809; x_wconf 89' lang='lat' dir='ltr'><strong>boe</strong></span> <span class='ocrx_word' id='word_1_417' title='bbox 1449 2770 1507 2810; x_wconf 89' lang='lat' dir='ltr'><strong>non</strong></span> <span class='ocrx_word' id='word_1_418' title='bbox 1523 2754 1618 2811; x_wconf 90' lang='lat' dir='ltr'><strong>solum</strong></span> <span class='ocrx_word' id='word_1_419' title='bbox 1641 2754 1771 2813; x_wconf 89' lang='lat' dir='ltr'><strong>ostendit</strong></span> 
     </span>
     <span class='ocr_line' id='line_1_31' title="bbox 96 2841 1772 2922; baseline -0.004 -16"><span class='ocrx_word' id='word_1_420' title='bbox 96 2851 139 2906; x_wconf 85' lang='lat' dir='ltr'><strong>De</strong></span> <span class='ocrx_word' id='word_1_421' title='bbox 153 2847 348 2922; x_wconf 78' lang='lat' dir='ltr'><strong>preceptione</strong></span> <span class='ocrx_word' id='word_1_422' title='bbox 363 2851 392 2903; x_wconf 93' lang='grc' dir='ltr'><strong>ει</strong></span> <span class='ocrx_word' id='word_1_423' title='bbox 408 2844 606 2918; x_wconf 88' lang='lat' dir='ltr'><strong>prohibitione</strong></span> <span class='ocrx_word' id='word_1_424' title='bbox 621 2845 695 2902; x_wconf 88' lang='lat' dir='ltr'><strong>solet</strong></span> <span class='ocrx_word' id='word_1_425' title='bbox 711 2844 751 2900; x_wconf 85' lang='lat' dir='ltr'><strong>ita</strong></span> <span class='ocrx_word' id='word_1_426' title='bbox 761 2844 888 2916; x_wconf 87' lang='lat' dir='ltr'><strong>opponi:</strong></span> <span class='ocrx_word' id='word_1_427' title='bbox 944 2841 1052 2897; x_wconf 78' lang='lat' dir='ltr'><strong>raritas</strong></span> <span class='ocrx_word' id='word_1_428' title='bbox 1066 2841 1296 2911; x_wconf 90' lang='lat' dir='ltr'><strong>omnipotentem</strong></span> <span class='ocrx_word' id='word_1_429' title='bbox 1313 2856 1388 2908; x_wconf 88' lang='lat' dir='ltr'><strong>esso,</strong></span> <span class='ocrx_word' id='word_1_430' title='bbox 1406 2842 1485 2913; x_wconf 86' lang='lat' dir='ltr'><strong>quod</strong></span> <span class='ocrx_word' id='word_1_431' title='bbox 1508 2842 1565 2898; x_wconf 88' lang='lat' dir='ltr'><strong>ista</strong></span> <span class='ocrx_word' id='word_1_432' title='bbox 1586 2857 1643 2899; x_wconf 88' lang='lat' dir='ltr'><strong>non</strong></span> <span class='ocrx_word' id='word_1_433' title='bbox 1664 2844 1772 2916; x_wconf 87' lang='lat' dir='ltr'><strong>possit,</strong></span> 
     </span>
    </p>
   </div>
   <div class='ocr_carea' id='block_1_13' title="bbox 59 2929 1894 3009">
    <p class='ocr_par' dir='ltr' id='par_1_16' title="bbox 59 2929 1894 3009">
     <span class='ocr_line' id='line_1_32' title="bbox 59 2929 1894 3009; baseline -0.006 -11"><span class='ocrx_word' id='word_1_434' title='bbox 59 2938 201 3009; x_wconf 81' lang='lat' dir='ltr'><strong>Praecepit</strong></span> <span class='ocrx_word' id='word_1_435' title='bbox 214 2944 292 2995; x_wconf 87' lang='lat' dir='ltr'><strong>Deus</strong></span> <span class='ocrx_word' id='word_1_436' title='bbox 304 2937 380 3009; x_wconf 89' lang='lat' dir='ltr'><strong>quod</strong></span> <span class='ocrx_word' id='word_1_437' title='bbox 396 2953 453 2992; x_wconf 92' lang='lat' dir='ltr'><strong>non</strong></span> <span class='ocrx_word' id='word_1_438' title='bbox 464 2933 524 2990; x_wconf 86' lang='lat' dir='ltr'><strong>vult</strong></span> <span class='ocrx_word' id='word_1_439' title='bbox 535 2950 609 3000; x_wconf 83' lang='lat' dir='ltr'><strong>csse,</strong></span> <span class='ocrx_word' id='word_1_440' title='bbox 621 2934 692 3006; x_wconf 82' lang='lat' dir='ltr'><strong>quia</strong></span> <span class='ocrx_word' id='word_1_441' title='bbox 703 2932 807 2990; x_wconf 90' lang='lat' dir='ltr'><strong>multis</strong></span> <span class='ocrx_word' id='word_1_442' title='bbox 817 2949 888 3006; x_wconf 85' lang='lat' dir='ltr'><strong>prra-</strong></span> <span class='ocrx_word' id='word_1_443' title='bbox 945 2929 997 2986; x_wconf 91' lang='lat' dir='ltr'><strong>sed</strong></span> <span class='ocrx_word' id='word_1_444' title='bbox 1011 2929 1098 2985; x_wconf 87' lang='lat' dir='ltr'><strong>etiam</strong></span> <span class='ocrx_word' id='word_1_445' title='bbox 1115 2929 1193 3002; x_wconf 81' lang='lat' dir='ltr'><strong>cogit</strong></span> <span class='ocrx_word' id='word_1_446' title='bbox 1204 2929 1311 2987; x_wconf 84' lang='lat' dir='ltr'><strong>veritas</strong></span> <span class='ocrx_word' id='word_1_447' title='bbox 1326 2931 1433 3003; x_wconf 80' lang='lat' dir='ltr'><strong>[fateri]</strong></span> <span class='ocrx_word' id='word_1_448' title='bbox 1457 2932 1690 3003; x_wconf 87' lang='lat' dir='ltr'><strong>omnipotentem</strong></span> <span class='ocrx_word' id='word_1_449' title='bbox 1715 2949 1775 2989; x_wconf 85' lang='lat' dir='ltr'><strong>aon</strong></span> <span class='ocrx_word' id='word_1_450' title='bbox 1877 2930 1894 2953; x_wconf 82' lang='grc'><strong>’·</strong></span> 
     </span>
    </p>
   </div>
   <div class='ocr_carea' id='block_1_14' title="bbox 57 2998 1779 3369">
    <p class='ocr_par' dir='ltr' id='par_1_17' title="bbox 57 2998 1779 3369">
     <span class='ocr_line' id='line_1_33' title="bbox 58 2998 1779 3104; baseline -0.004 -17"><span class='ocrx_word' id='word_1_451' title='bbox 58 3030 209 3104; x_wconf 86' lang='lat' dir='ltr'><strong>cipiantur</strong></span> <span class='ocrx_word' id='word_1_452' title='bbox 224 3029 301 3084; x_wconf 86' lang='lat' dir='ltr'><strong>bons</strong></span> <span class='ocrx_word' id='word_1_453' title='bbox 316 3042 380 3099; x_wconf 81' lang='lat' dir='ltr'><strong>qus</strong></span> <span class='ocrx_word' id='word_1_454' title='bbox 395 3024 451 3097; x_wconf 90' lang='lat' dir='ltr'><strong>ipsi</strong></span> <span class='ocrx_word' id='word_1_455' title='bbox 468 3041 525 3079; x_wconf 89' lang='lat' dir='ltr'><strong>uon</strong></span> <span class='ocrx_word' id='word_1_456' title='bbox 549 3022 670 3090; x_wconf 80' lang='lat' dir='ltr'><strong>iaciunt,</strong></span> <span class='ocrx_word' id='word_1_457' title='bbox 693 3023 710 3079; x_wconf 86' lang='lat' dir='ltr'>J</span> <span class='ocrx_word' id='word_1_458' title='bbox 715 3022 805 3078; x_wconf 77' lang='lat' dir='ltr'><strong>adsis</strong></span> <span class='ocrx_word' id='word_1_459' title='bbox 831 2998 925 3078; x_wconf 74' lang='lat' dir='ltr'><strong>sas-C</strong></span> <span class='ocrx_word' id='word_1_460' title='bbox 944 3037 1008 3078; x_wconf 87' lang='lat' dir='ltr'><strong>esso</strong></span> <span class='ocrx_word' id='word_1_461' title='bbox 1023 3020 1072 3091; x_wconf 89' lang='lat' dir='ltr'><strong>qui</strong></span> <span class='ocrx_word' id='word_1_462' title='bbox 1089 3020 1144 3077; x_wconf 91' lang='lat' dir='ltr'><strong>hoo</strong></span> <span class='ocrx_word' id='word_1_463' title='bbox 1160 3021 1265 3091; x_wconf 87' lang='lat' dir='ltr'><strong>possit.</strong></span> <span class='ocrx_word' id='word_1_464' title='bbox 1282 3025 1367 3078; x_wconf 85' lang='lat' dir='ltr'><strong>Patet</strong></span> <span class='ocrx_word' id='word_1_465' title='bbox 1381 3022 1481 3095; x_wconf 87' lang='lat' dir='ltr'><strong>itaque</strong></span> <span class='ocrx_word' id='word_1_466' title='bbox 1497 3023 1574 3095; x_wconf 78' lang='lat' dir='ltr'><strong>quod</strong></span> <span class='ocrx_word' id='word_1_467' title='bbox 1586 3028 1631 3079; x_wconf 89' lang='lat' dir='ltr'><strong>est</strong></span> <span class='ocrx_word' id='word_1_468' title='bbox 1645 3024 1779 3096; x_wconf 88' lang='lat' dir='ltr'><strong>omnipo·</strong></span> 
     </span>
     <span class='ocr_line' id='line_1_34' title="bbox 57 3109 1775 3193; baseline -0.003 -17"><span class='ocrx_word' id='word_1_469' title='bbox 57 3120 179 3193; x_wconf 86' lang='lat' dir='ltr'><strong>pissime</strong></span> <span class='ocrx_word' id='word_1_470' title='bbox 195 3117 331 3190; x_wconf 76' lang='lat' dir='ltr'><strong>precepit</strong></span> <span class='ocrx_word' id='word_1_471' title='bbox 346 3116 424 3188; x_wconf 89' lang='lat' dir='ltr'><strong>quod</strong></span> <span class='ocrx_word' id='word_1_472' title='bbox 440 3130 498 3170; x_wconf 90' lang='lat' dir='ltr'><strong>aon</strong></span> <span class='ocrx_word' id='word_1_473' title='bbox 512 3113 645 3170; x_wconf 86' lang='lat' dir='ltr'><strong>iecerunt</strong></span> <span class='ocrx_word' id='word_1_474' title='bbox 658 3131 666 3181; x_wconf 71' lang='grc' dir='ltr'><strong>ς</strong></span> <span class='ocrx_word' id='word_1_475' title='bbox 677 3111 729 3168; x_wconf 87' lang='lat' dir='ltr'><strong>sed</strong></span> <span class='ocrx_word' id='word_1_476' title='bbox 744 3128 802 3168; x_wconf 89' lang='lat' dir='ltr'><strong>non</strong></span> <span class='ocrx_word' id='word_1_477' title='bbox 826 3118 888 3167; x_wconf 84' lang='lat' dir='ltr'><strong>erat</strong></span> <span class='ocrx_word' id='word_1_478' title='bbox 938 3116 1016 3176; x_wconf 85' lang='lat' dir='ltr'><strong>teus,</strong></span> <span class='ocrx_word' id='word_1_479' title='bbox 1033 3109 1103 3181; x_wconf 86' lang='lat' dir='ltr'><strong>quia</strong></span> <span class='ocrx_word' id='word_1_480' title='bbox 1118 3112 1215 3181; x_wconf 89' lang='lat' dir='ltr'><strong>potest</strong></span> <span class='ocrx_word' id='word_1_481' title='bbox 1229 3109 1329 3166; x_wconf 87' lang='lat' dir='ltr'><strong>omnia</strong></span> <span class='ocrx_word' id='word_1_482' title='bbox 1344 3127 1408 3181; x_wconf 80' lang='lat' dir='ltr'><strong>qus</strong></span> <span class='ocrx_word' id='word_1_483' title='bbox 1423 3112 1506 3179; x_wconf 84' lang='lat' dir='ltr'><strong>vuit;</strong></span> <span class='ocrx_word' id='word_1_484' title='bbox 1524 3110 1658 3168; x_wconf 82' lang='lat' dir='ltr'><strong>absolute</strong></span> <span class='ocrx_word' id='word_1_485' title='bbox 1686 3113 1775 3170; x_wconf 85' lang='lat' dir='ltr'><strong>etiam</strong></span> 
     </span>
     <span class='ocr_line' id='line_1_35' title="bbox 57 3197 1774 3280; baseline -0.003 -17"><span class='ocrx_word' id='word_1_486' title='bbox 57 3210 90 3265; x_wconf 92' lang='lat' dir='ltr'><strong>in</strong></span> <span class='ocrx_word' id='word_1_487' title='bbox 106 3206 289 3280; x_wconf 84' lang='lat' dir='ltr'><strong>beneplacito</strong></span> <span class='ocrx_word' id='word_1_488' title='bbox 304 3205 356 3262; x_wconf 83' lang='lat' dir='ltr'><strong>Dei</strong></span> <span class='ocrx_word' id='word_1_489' title='bbox 372 3205 449 3277; x_wconf 88' lang='lat' dir='ltr'><strong>quod</strong></span> <span class='ocrx_word' id='word_1_490' title='bbox 467 3203 517 3258; x_wconf 88' lang='lat' dir='ltr'><strong>ilia</strong></span> <span class='ocrx_word' id='word_1_491' title='bbox 532 3202 672 3267; x_wconf 85' lang='lat' dir='ltr'><strong>tacerent,</strong></span> <span class='ocrx_word' id='word_1_492' title='bbox 688 3199 733 3258; x_wconf 91' lang='lat' dir='ltr'><strong>vei</strong></span> <span class='ocrx_word' id='word_1_493' title='bbox 748 3200 828 3272; x_wconf 93' lang='lat' dir='ltr'><strong>quod</strong></span> <span class='ocrx_word' id='word_1_494' title='bbox 839 3199 889 3256; x_wconf 87' lang='lat' dir='ltr'><strong>iila</strong></span> <span class='ocrx_word' id='word_1_495' title='bbox 941 3202 1034 3270; x_wconf 86' lang='lat' dir='ltr'><strong>potest</strong></span> <span class='ocrx_word' id='word_1_496' title='bbox 1048 3197 1105 3254; x_wconf 88' lang='lat' dir='ltr'><strong>diei</strong></span> <span class='ocrx_word' id='word_1_497' title='bbox 1121 3198 1199 3269; x_wconf 86' lang='lat' dir='ltr'><strong>quod</strong></span> <span class='ocrx_word' id='word_1_498' title='bbox 1215 3199 1315 3257; x_wconf 88' lang='lat' dir='ltr'><strong>omnia</strong></span> <span class='ocrx_word' id='word_1_499' title='bbox 1332 3199 1434 3268; x_wconf 86' lang='lat' dir='ltr'><strong>possit,</strong></span> <span class='ocrx_word' id='word_1_500' title='bbox 1451 3216 1545 3272; x_wconf 86' lang='lat' dir='ltr'><strong>neque</strong></span> <span class='ocrx_word' id='word_1_501' title='bbox 1560 3205 1657 3257; x_wconf 84' lang='lat' dir='ltr'><strong>temen</strong></span> <span class='ocrx_word' id='word_1_502' title='bbox 1675 3206 1774 3274; x_wconf 88' lang='lat' dir='ltr'><strong>potest</strong></span> 
     </span>
     <span class='ocr_line' id='line_1_36' title="bbox 59 3286 1771 3369; baseline -0.006 -13"><span class='ocrx_word' id='word_1_503' title='bbox 59 3302 173 3364; x_wconf 85' lang='lat' dir='ltr'><strong>assent,</strong></span> <span class='ocrx_word' id='word_1_504' title='bbox 187 3296 267 3369; x_wconf 85' lang='lat' dir='ltr'><strong>quia,</strong></span> <span class='ocrx_word' id='word_1_505' title='bbox 284 3295 431 3364; x_wconf 76' lang='lat' dir='ltr'><strong>aientium</strong></span> <span class='ocrx_word' id='word_1_506' title='bbox 442 3292 578 3358; x_wconf 83' lang='lat' dir='ltr'><strong>diximus,</strong></span> <span class='ocrx_word' id='word_1_507' title='bbox 586 3289 802 3364; x_wconf 88' lang='lat' dir='ltr'><strong>quidquidvuit</strong></span> <span class='ocrx_word' id='word_1_508' title='bbox 814 3294 888 3345; x_wconf 83' lang='lat' dir='ltr'><strong>oeus</strong></span> <span class='ocrx_word' id='word_1_509' title='bbox 941 3302 1071 3361; x_wconf 86' lang='lat' dir='ltr'><strong>peccare,</strong></span> <span class='ocrx_word' id='word_1_510' title='bbox 1088 3286 1159 3359; x_wconf 86' lang='lat' dir='ltr'><strong>quia</strong></span> <span class='ocrx_word' id='word_1_511' title='bbox 1173 3286 1230 3343; x_wconf 86' lang='lat' dir='ltr'><strong>hoo</strong></span> <span class='ocrx_word' id='word_1_512' title='bbox 1246 3303 1303 3343; x_wconf 88' lang='lat' dir='ltr'><strong>non</strong></span> <span class='ocrx_word' id='word_1_513' title='bbox 1319 3295 1364 3344; x_wconf 89' lang='lat' dir='ltr'><strong>ast</strong></span> <span class='ocrx_word' id='word_1_514' title='bbox 1375 3287 1486 3360; x_wconf 84' lang='lat' dir='ltr'><strong>aliquid</strong></span> <span class='ocrx_word' id='word_1_515' title='bbox 1496 3289 1532 3344; x_wconf 91' lang='lat' dir='ltr'><strong>de</strong></span> <span class='ocrx_word' id='word_1_516' title='bbox 1544 3289 1771 3356; x_wconf 62' lang='lat' dir='ltr'><strong>omnihussed,</strong></span> 
     </span>
    </p>
   </div>
   <div class='ocr_carea' id='block_1_15' title="bbox 58 3377 1891 3459">
    <p class='ocr_par' dir='ltr' id='par_1_18' title="bbox 58 3377 1891 3459">
     <span class='ocr_line' id='line_1_37' title="bbox 58 3377 1891 3459; baseline -0.004 -17"><span class='ocrx_word' id='word_1_517' title='bbox 58 3377 886 3458; x_wconf 61' lang='lat' dir='ltr'><strong>emmaumomnispossit,illudtotumest[factumesth</strong></span> <span class='ocrx_word' id='word_1_518' title='bbox 940 3378 1774 3451; x_wconf 84' lang='lat' dir='ltr'><strong>siopponiturdesctionibusnostris‚utambulareetc.,</strong></span> <span class='ocrx_word' id='word_1_519' title='bbox 1817 3452 1821 3459; x_wconf 32' lang='grc' dir='ltr'>Ι</span> <span class='ocrx_word' id='word_1_520' title='bbox 1888 3396 1891 3401; x_wconf 94' lang='grc'><em>·</em></span> 
     </span>
    </p>
   </div>
   <div class='ocr_carea' id='block_1_16' title="bbox 59 3467 1769 3546">
    <p class='ocr_par' dir='ltr' id='par_1_19' title="bbox 59 3467 1769 3546">
     <span class='ocr_line' id='line_1_38' title="bbox 59 3467 1769 3546; baseline -0.002 -16"><span class='ocrx_word' id='word_1_521' title='bbox 59 3474 192 3546; x_wconf 84' lang='lat' dir='ltr'><strong>alioquin</strong></span> <span class='ocrx_word' id='word_1_522' title='bbox 207 3472 355 3545; x_wconf 87' lang='lat' dir='ltr'><strong>impotens</strong></span> <span class='ocrx_word' id='word_1_523' title='bbox 370 3471 496 3537; x_wconf 70' lang='lat' dir='ltr'><strong>estetsi</strong></span> <span class='ocrx_word' id='word_1_524' title='bbox 516 3469 602 3526; x_wconf 87' lang='lat' dir='ltr'><strong>veliet</strong></span> <span class='ocrx_word' id='word_1_525' title='bbox 626 3468 737 3539; x_wconf 78' lang='lat' dir='ltr'><strong>aliquid</strong></span> <span class='ocrx_word' id='word_1_526' title='bbox 759 3484 833 3535; x_wconf 86' lang='lat' dir='ltr'><strong>esse,</strong></span> <span class='ocrx_word' id='word_1_527' title='bbox 860 3470 889 3525; x_wconf 90' lang='grc' dir='ltr'><strong>ει</strong></span> <span class='ocrx_word' id='word_1_528' title='bbox 941 3471 1035 3538; x_wconf 88' lang='lat' dir='ltr'><strong>potest</strong></span> <span class='ocrx_word' id='word_1_529' title='bbox 1048 3467 1105 3523; x_wconf 85' lang='lat' dir='ltr'><strong>dici</strong></span> <span class='ocrx_word' id='word_1_530' title='bbox 1122 3467 1200 3540; x_wconf 86' lang='lat' dir='ltr'><strong>quod</strong></span> <span class='ocrx_word' id='word_1_531' title='bbox 1216 3468 1253 3523; x_wconf 83' lang='lat' dir='ltr'><strong>ad</strong></span> <span class='ocrx_word' id='word_1_532' title='bbox 1271 3467 1430 3537; x_wconf 82' lang='lat' dir='ltr'><strong>potentiam</strong></span> <span class='ocrx_word' id='word_1_533' title='bbox 1441 3469 1507 3535; x_wconf 89' lang='lat' dir='ltr'><strong>ejus</strong></span> <span class='ocrx_word' id='word_1_534' title='bbox 1517 3468 1769 3537; x_wconf 82' lang='lat' dir='ltr'><strong>pertineant,lioet</strong></span> 
     </span>
    </p>
   </div>
   <div class='ocr_carea' id='block_1_17' title="bbox 58 3556 1889 3633">
    <p class='ocr_par' dir='ltr' id='par_1_20' title="bbox 58 3556 1889 3633">
     <span class='ocr_line' id='line_1_39' title="bbox 58 3556 1889 3633; baseline -0.001 -14"><span class='ocrx_word' id='word_1_535' title='bbox 58 3560 470 3621; x_wconf 74' lang='lat' dir='ltr'><strong>iitudnouosset.b‘imititer</strong></span> <span class='ocrx_word' id='word_1_536' title='bbox 495 3558 604 3614; x_wconf 89' lang='lat' dir='ltr'><strong>malum</strong></span> <span class='ocrx_word' id='word_1_537' title='bbox 631 3557 766 3630; x_wconf 87' lang='lat' dir='ltr'><strong>prohibet</strong></span> <span class='ocrx_word' id='word_1_538' title='bbox 794 3558 888 3613; x_wconf 85' lang='lat' dir='ltr'><strong>iacere</strong></span> <span class='ocrx_word' id='word_1_539' title='bbox 939 3557 1332 3629; x_wconf 87' lang='lat' dir='ltr'><strong>insehaberenonpossit.</strong></span> <span class='ocrx_word' id='word_1_540' title='bbox 1354 3556 1417 3614; x_wconf 91' lang='lat' dir='ltr'><strong>Non</strong></span> <span class='ocrx_word' id='word_1_541' title='bbox 1447 3558 1550 3615; x_wconf 74' lang='lat'><strong>1⁰4⁰</strong></span> <span class='ocrx_word' id='word_1_542' title='bbox 1575 3558 1651 3616; x_wconf 86' lang='lat' dir='ltr'><strong>anim</strong></span> <span class='ocrx_word' id='word_1_543' title='bbox 1677 3565 1770 3633; x_wconf 85' lang='lat' dir='ltr'><strong>potest</strong></span> <span class='ocrx_word' id='word_1_544' title='bbox 1879 3578 1889 3609; x_wconf 88' lang='grc'><strong>·.</strong></span> 
     </span>
    </p>
   </div>
   <div class='ocr_carea' id='block_1_18' title="bbox 53 3646 1773 5335">
    <p class='ocr_par' dir='ltr' id='par_1_21' title="bbox 53 3646 1773 5335">
     <span class='ocr_line' id='line_1_40' title="bbox 55 3646 1713 3719; baseline -0.002 -9"><span class='ocrx_word' id='word_1_545' title='bbox 55 3652 156 3716; x_wconf 84' lang='lat' dir='ltr'><strong>alicui,</strong></span> <span class='ocrx_word' id='word_1_546' title='bbox 174 3657 206 3707; x_wconf 93' lang='lat' dir='ltr'><strong>ut</strong></span> <span class='ocrx_word' id='word_1_547' title='bbox 220 3653 330 3707; x_wconf 84' lang='lat' dir='ltr'><strong>etatem</strong></span> <span class='ocrx_word' id='word_1_548' title='bbox 344 3649 456 3705; x_wconf 75' lang='lat' dir='ltr'><strong>iudeis</strong></span> <span class='ocrx_word' id='word_1_549' title='bbox 471 3647 646 3719; x_wconf 75' lang='lat' dir='ltr'><strong>sepissime,</strong></span> <span class='ocrx_word' id='word_1_550' title='bbox 662 3652 769 3701; x_wconf 85' lang='lat' dir='ltr'><strong>etcum</strong></span> <span class='ocrx_word' id='word_1_551' title='bbox 781 3646 889 3701; x_wconf 83' lang='lat' dir='ltr'><strong>iaceret</strong></span> <span class='ocrx_word' id='word_1_552' title='bbox 939 3646 1100 3715; x_wconf 83' lang='lat' dir='ltr'><strong>ambulare,</strong></span> <span class='ocrx_word' id='word_1_553' title='bbox 1116 3650 1145 3702; x_wconf 89' lang='grc' dir='ltr'><strong>ει</strong></span> <span class='ocrx_word' id='word_1_554' title='bbox 1160 3651 1258 3702; x_wconf 86' lang='lat' dir='ltr'><strong>tamen</strong></span> <span class='ocrx_word' id='word_1_555' title='bbox 1275 3651 1372 3718; x_wconf 88' lang='lat' dir='ltr'><strong>potest</strong></span> <span class='ocrx_word' id='word_1_556' title='bbox 1385 3647 1479 3703; x_wconf 82' lang='lat' dir='ltr'><strong>tacere</strong></span> <span class='ocrx_word' id='word_1_557' title='bbox 1494 3649 1713 3707; x_wconf 87' lang='lat' dir='ltr'><strong>utambutetur.</strong></span> 
     </span>
     <span class='ocr_line' id='line_1_41' title="bbox 56 3733 1772 3810; baseline -0.001 -11"><span class='ocrx_word' id='word_1_558' title='bbox 56 3742 145 3809; x_wconf 86' lang='lat' dir='ltr'><strong>iliud,</strong></span> <span class='ocrx_word' id='word_1_559' title='bbox 157 3740 274 3796; x_wconf 85' lang='lat' dir='ltr'><strong>volebat</strong></span> <span class='ocrx_word' id='word_1_560' title='bbox 285 3738 355 3794; x_wconf 87' lang='lat' dir='ltr'><strong>iilud</strong></span> <span class='ocrx_word' id='word_1_561' title='bbox 367 3738 445 3794; x_wconf 88' lang='lat' dir='ltr'><strong>Deus</strong></span> <span class='ocrx_word' id='word_1_562' title='bbox 455 3753 530 3804; x_wconf 86' lang='lat' dir='ltr'><strong>esso,</strong></span> <span class='ocrx_word' id='word_1_563' title='bbox 543 3737 610 3806; x_wconf 85' lang='lat' dir='ltr'><strong>quia</strong></span> <span class='ocrx_word' id='word_1_564' title='bbox 622 3733 695 3790; x_wconf 91' lang='lat' dir='ltr'><strong>nihil</strong></span> <span class='ocrx_word' id='word_1_565' title='bbox 707 3738 887 3806; x_wconf 87' lang='lat' dir='ltr'><strong>potestesse,</strong></span> <span class='ocrx_word' id='word_1_566' title='bbox 975 3735 1394 3804; x_wconf 85' lang='lat' dir='ltr'><strong>Considerandumsrbitrur‚si</strong></span> <span class='ocrx_word' id='word_1_567' title='bbox 1403 3737 1772 3810; x_wconf 83' lang='lat' dir='ltr'><strong>Deusplurapossitiaoere</strong></span> 
     </span>
     <span class='ocr_line' id='line_1_42' title="bbox 60 3823 1773 3900; baseline -0.003 -11"><span class='ocrx_word' id='word_1_568' title='bbox 60 3832 119 3889; x_wconf 90' lang='lat' dir='ltr'><strong>nisi</strong></span> <span class='ocrx_word' id='word_1_569' title='bbox 135 3837 212 3888; x_wconf 81' lang='lat' dir='ltr'><strong>Deus</strong></span> <span class='ocrx_word' id='word_1_570' title='bbox 227 3829 294 3884; x_wconf 82' lang='lat' dir='ltr'><strong>vetit</strong></span> <span class='ocrx_word' id='word_1_571' title='bbox 309 3826 384 3883; x_wconf 89' lang='lat' dir='ltr'><strong>iliud</strong></span> <span class='ocrx_word' id='word_1_572' title='bbox 398 3843 472 3882; x_wconf 87' lang='lat' dir='ltr'><strong>esse.</strong></span> <span class='ocrx_word' id='word_1_573' title='bbox 488 3825 569 3883; x_wconf 89' lang='lat' dir='ltr'><strong>Unde</strong></span> <span class='ocrx_word' id='word_1_574' title='bbox 584 3827 715 3895; x_wconf 83' lang='lat' dir='ltr'><strong>apparet,</strong></span> <span class='ocrx_word' id='word_1_575' title='bbox 728 3823 807 3895; x_wconf 83' lang='lat' dir='ltr'><strong>quod</strong></span> <span class='ocrx_word' id='word_1_576' title='bbox 820 3840 888 3893; x_wconf 81' lang='lat' dir='ltr'><strong>pror·</strong></span> <span class='ocrx_word' id='word_1_577' title='bbox 940 3842 1030 3899; x_wconf 85' lang='lat' dir='ltr'><strong>quam</strong></span> <span class='ocrx_word' id='word_1_578' title='bbox 1046 3825 1232 3892; x_wconf 79' lang='lat' dir='ltr'><strong>vetitionem,</strong></span> <span class='ocrx_word' id='word_1_579' title='bbox 1250 3825 1293 3881; x_wconf 83' lang='lat' dir='ltr'><strong>vei</strong></span> <span class='ocrx_word' id='word_1_580' title='bbox 1310 3826 1408 3883; x_wconf 85' lang='lat' dir='ltr'><strong>iaciat.</strong></span> <span class='ocrx_word' id='word_1_581' title='bbox 1426 3827 1611 3900; x_wconf 80' lang='lat' dir='ltr'><strong>Augustinus</strong></span> <span class='ocrx_word' id='word_1_582' title='bbox 1628 3827 1657 3883; x_wconf 91' lang='lat' dir='ltr'><strong>in</strong></span> <span class='ocrx_word' id='word_1_583' title='bbox 1669 3827 1773 3884; x_wconf 79' lang='lat' dir='ltr'><strong>Euchi-</strong></span> 
     </span>
     <span class='ocr_line' id='line_1_43' title="bbox 59 3911 1772 3993; baseline -0.002 -16"><span class='ocrx_word' id='word_1_584' title='bbox 59 3921 138 3993; x_wconf 89' lang='lat' dir='ltr'><strong>cepit</strong></span> <span class='ocrx_word' id='word_1_585' title='bbox 153 3917 241 3974; x_wconf 87' lang='lat' dir='ltr'><strong>alicui</strong></span> <span class='ocrx_word' id='word_1_586' title='bbox 255 3917 334 3989; x_wconf 84' lang='lat' dir='ltr'><strong>quod</strong></span> <span class='ocrx_word' id='word_1_587' title='bbox 350 3915 412 3971; x_wconf 90' lang='lat' dir='ltr'><strong>vuit</strong></span> <span class='ocrx_word' id='word_1_588' title='bbox 426 3932 501 3984; x_wconf 88' lang='lat' dir='ltr'><strong>esse,</strong></span> <span class='ocrx_word' id='word_1_589' title='bbox 515 3920 544 3970; x_wconf 90' lang='lat' dir='ltr'><strong>et</strong></span> <span class='ocrx_word' id='word_1_590' title='bbox 568 3912 702 3985; x_wconf 89' lang='lat' dir='ltr'><strong>prohibet</strong></span> <span class='ocrx_word' id='word_1_591' title='bbox 724 3912 801 3984; x_wconf 89' lang='lat' dir='ltr'><strong>quod</strong></span> <span class='ocrx_word' id='word_1_592' title='bbox 827 3911 890 3968; x_wconf 89' lang='lat' dir='ltr'><strong>vult</strong></span> <span class='ocrx_word' id='word_1_593' title='bbox 941 3915 1035 3971; x_wconf 87' lang='lat' dir='ltr'><strong>ridio:</strong></span> <span class='ocrx_word' id='word_1_594' title='bbox 1052 3914 1269 3987; x_wconf 84' lang='lat' dir='ltr'><strong>omnipotentis</strong></span> <span class='ocrx_word' id='word_1_595' title='bbox 1282 3912 1420 3971; x_wconf 82' lang='lat' dir='ltr'><strong>voluntas</strong></span> <span class='ocrx_word' id='word_1_596' title='bbox 1437 3915 1532 3971; x_wconf 87' lang='lat' dir='ltr'><strong>multa</strong></span> <span class='ocrx_word' id='word_1_597' title='bbox 1547 3914 1641 3972; x_wconf 88' lang='lat' dir='ltr'><strong>iacere</strong></span> <span class='ocrx_word' id='word_1_598' title='bbox 1664 3920 1772 3988; x_wconf 85' lang='lat' dir='ltr'><strong>potest,</strong></span> 
     </span>
     <span class='ocr_line' id='line_1_44' title="bbox 57 4000 1772 4082; baseline -0.002 -19"><span class='ocrx_word' id='word_1_599' title='bbox 57 4025 124 4065; x_wconf 85' lang='lat' dir='ltr'><strong>esse</strong></span> <span class='ocrx_word' id='word_1_600' title='bbox 139 4007 173 4082; x_wconf 71' lang='lat' dir='ltr'><strong>[s.</strong></span> <span class='ocrx_word' id='word_1_601' title='bbox 189 4005 251 4063; x_wconf 91' lang='lat' dir='ltr'><strong>rult</strong></span> <span class='ocrx_word' id='word_1_602' title='bbox 266 4022 323 4062; x_wconf 91' lang='lat' dir='ltr'><strong>non</strong></span> <span class='ocrx_word' id='word_1_603' title='bbox 341 4005 434 4077; x_wconf 81' lang='lat' dir='ltr'><strong>essa];</strong></span> <span class='ocrx_word' id='word_1_604' title='bbox 450 4004 512 4074; x_wconf 89' lang='lat' dir='ltr'><strong>sad,</strong></span> <span class='ocrx_word' id='word_1_605' title='bbox 524 4002 547 4059; x_wconf 89' lang='lat' dir='ltr'><strong>si</strong></span> <span class='ocrx_word' id='word_1_606' title='bbox 560 4000 622 4056; x_wconf 87' lang='lat' dir='ltr'><strong>vult</strong></span> <span class='ocrx_word' id='word_1_607' title='bbox 633 4016 707 4069; x_wconf 85' lang='lat' dir='ltr'><strong>esse,</strong></span> <span class='ocrx_word' id='word_1_608' title='bbox 720 4016 810 4073; x_wconf 83' lang='lat' dir='ltr'><strong>quare</strong></span> <span class='ocrx_word' id='word_1_609' title='bbox 820 4016 887 4073; x_wconf 91' lang='lat' dir='ltr'><strong>pro·</strong></span> <span class='ocrx_word' id='word_1_610' title='bbox 941 4020 1004 4076; x_wconf 76' lang='lat' dir='ltr'><strong>qum</strong></span> <span class='ocrx_word' id='word_1_611' title='bbox 1020 4019 1073 4058; x_wconf 89' lang='lat' dir='ltr'><strong>neo</strong></span> <span class='ocrx_word' id='word_1_612' title='bbox 1087 4003 1160 4073; x_wconf 85' lang='lat' dir='ltr'><strong>vuit,</strong></span> <span class='ocrx_word' id='word_1_613' title='bbox 1177 4019 1231 4059; x_wconf 89' lang='lat' dir='ltr'><strong>noo</strong></span> <span class='ocrx_word' id='word_1_614' title='bbox 1247 4003 1324 4060; x_wconf 84' lang='lat' dir='ltr'><strong>iacit.</strong></span> <span class='ocrx_word' id='word_1_615' title='bbox 1341 4003 1439 4059; x_wconf 87' lang='lat' dir='ltr'><strong>Potuit</strong></span> <span class='ocrx_word' id='word_1_616' title='bbox 1454 4004 1533 4059; x_wconf 90' lang='lat' dir='ltr'><strong>enim</strong></span> <span class='ocrx_word' id='word_1_617' title='bbox 1548 4005 1641 4058; x_wconf 80' lang='lat' dir='ltr'><strong>tacere</strong></span> <span class='ocrx_word' id='word_1_618' title='bbox 1654 4009 1686 4059; x_wconf 91' lang='lat' dir='ltr'><strong>ut</strong></span> <span class='ocrx_word' id='word_1_619' title='bbox 1700 4006 1772 4060; x_wconf 92' lang='lat' dir='ltr'><strong>duo·</strong></span> 
     </span>
     <span class='ocr_line' id='line_1_45' title="bbox 59 4087 1769 4164; baseline -0.001 -13"><span class='ocrx_word' id='word_1_620' title='bbox 59 4096 164 4152; x_wconf 79' lang='lat' dir='ltr'><strong>hibet?</strong></span> <span class='ocrx_word' id='word_1_621' title='bbox 179 4102 209 4152; x_wconf 90' lang='lat' dir='ltr'><strong>et</strong></span> <span class='ocrx_word' id='word_1_622' title='bbox 223 4096 247 4151; x_wconf 89' lang='lat' dir='ltr'><strong>si</strong></span> <span class='ocrx_word' id='word_1_623' title='bbox 264 4112 320 4151; x_wconf 90' lang='lat' dir='ltr'><strong>non</strong></span> <span class='ocrx_word' id='word_1_624' title='bbox 332 4092 394 4148; x_wconf 84' lang='lat' dir='ltr'><strong>vult</strong></span> <span class='ocrx_word' id='word_1_625' title='bbox 406 4109 481 4162; x_wconf 86' lang='lat' dir='ltr'><strong>esse,</strong></span> <span class='ocrx_word' id='word_1_626' title='bbox 493 4108 582 4164; x_wconf 86' lang='lat' dir='ltr'><strong>quare</strong></span> <span class='ocrx_word' id='word_1_627' title='bbox 594 4089 795 4162; x_wconf 76' lang='lat' dir='ltr'><strong>praecipitirtd</strong></span> <span class='ocrx_word' id='word_1_628' title='bbox 810 4087 888 4160; x_wconf 90' lang='lat' dir='ltr'><strong>quod</strong></span> <span class='ocrx_word' id='word_1_629' title='bbox 940 4091 1032 4148; x_wconf 87' lang='lat' dir='ltr'><strong>decim</strong></span> <span class='ocrx_word' id='word_1_630' title='bbox 1049 4090 1177 4163; x_wconf 87' lang='lat' dir='ltr'><strong>legiones</strong></span> <span class='ocrx_word' id='word_1_631' title='bbox 1190 4092 1359 4163; x_wconf 89' lang='lat' dir='ltr'><strong>augelorum</strong></span> <span class='ocrx_word' id='word_1_632' title='bbox 1382 4097 1548 4164; x_wconf 83' lang='lat' dir='ltr'><strong>pugnarent</strong></span> <span class='ocrx_word' id='word_1_633' title='bbox 1575 4096 1679 4147; x_wconf 86' lang='lat' dir='ltr'><strong>contra</strong></span> <span class='ocrx_word' id='word_1_634' title='bbox 1701 4092 1769 4150; x_wconf 87' lang='lat' dir='ltr'><strong>iilos</strong></span> 
     </span>
     <span class='ocr_line' id='line_1_46' title="bbox 58 4177 1768 4260; baseline -0.002 -19"><span class='ocrx_word' id='word_1_635' title='bbox 58 4189 160 4260; x_wconf 90' lang='lat' dir='ltr'><strong>potest</strong></span> <span class='ocrx_word' id='word_1_636' title='bbox 175 4184 243 4253; x_wconf 86' lang='lat' dir='ltr'><strong>dici,</strong></span> <span class='ocrx_word' id='word_1_637' title='bbox 259 4184 336 4256; x_wconf 89' lang='lat' dir='ltr'><strong>quod</strong></span> <span class='ocrx_word' id='word_1_638' title='bbox 353 4182 417 4238; x_wconf 89' lang='lat' dir='ltr'><strong>ideo</strong></span> <span class='ocrx_word' id='word_1_639' title='bbox 440 4180 569 4254; x_wconf 75' lang='lat' dir='ltr'><strong>precipit</strong></span> <span class='ocrx_word' id='word_1_640' title='bbox 585 4179 668 4248; x_wconf 86' lang='lat' dir='ltr'><strong>iliud,</strong></span> <span class='ocrx_word' id='word_1_641' title='bbox 684 4177 754 4252; x_wconf 87' lang='lat' dir='ltr'><strong>quia</strong></span> <span class='ocrx_word' id='word_1_642' title='bbox 777 4180 887 4235; x_wconf 90' lang='lat' dir='ltr'><strong>bonum</strong></span> <span class='ocrx_word' id='word_1_643' title='bbox 941 4180 1080 4254; x_wconf 85' lang='lat' dir='ltr'><strong>quicum</strong></span> <span class='ocrx_word' id='word_1_644' title='bbox 1104 4190 1253 4254; x_wconf 88' lang='lat' dir='ltr'><strong>ceperunt.</strong></span> <span class='ocrx_word' id='word_1_645' title='bbox 1280 4184 1311 4239; x_wconf 92' lang='lat' dir='ltr'><strong>In</strong></span> <span class='ocrx_word' id='word_1_646' title='bbox 1337 4180 1491 4253; x_wconf 74' lang='lat' dir='ltr'><strong>Evangelio</strong></span> <span class='ocrx_word' id='word_1_647' title='bbox 1520 4180 1670 4236; x_wconf 73' lang='lat' dir='ltr'><strong>Matthaei:</strong></span> <span class='ocrx_word' id='word_1_648' title='bbox 1693 4203 1708 4232; x_wconf 75' lang='grc' dir='ltr'><strong>ε</strong></span> <span class='ocrx_word' id='word_1_649' title='bbox 1723 4187 1768 4238; x_wconf 78' lang='lat' dir='ltr'><strong>An</strong></span> 
     </span>
     <span class='ocr_line' id='line_1_47' title="bbox 62 4269 1771 4344; baseline -0.003 -13"><span class='ocrx_word' id='word_1_650' title='bbox 62 4279 119 4344; x_wconf 83' lang='grc' dir='ltr'><strong>εει,</strong></span> <span class='ocrx_word' id='word_1_651' title='bbox 135 4278 164 4330; x_wconf 88' lang='grc' dir='ltr'><strong>ει</strong></span> <span class='ocrx_word' id='word_1_652' title='bbox 178 4273 290 4330; x_wconf 88' lang='lat' dir='ltr'><strong>domini</strong></span> <span class='ocrx_word' id='word_1_653' title='bbox 305 4276 350 4327; x_wconf 90' lang='lat' dir='ltr'><strong>est</strong></span> <span class='ocrx_word' id='word_1_654' title='bbox 367 4270 520 4342; x_wconf 79' lang='lat' dir='ltr'><strong>precipere</strong></span> <span class='ocrx_word' id='word_1_655' title='bbox 536 4285 619 4325; x_wconf 87' lang='lat' dir='ltr'><strong>servo</strong></span> <span class='ocrx_word' id='word_1_656' title='bbox 630 4270 708 4341; x_wconf 89' lang='lat' dir='ltr'><strong>quod</strong></span> <span class='ocrx_word' id='word_1_657' title='bbox 721 4270 829 4325; x_wconf 89' lang='lat' dir='ltr'><strong>bouum</strong></span> <span class='ocrx_word' id='word_1_658' title='bbox 843 4271 889 4325; x_wconf 90' lang='grc' dir='ltr'><strong>εει</strong></span> <span class='ocrx_word' id='word_1_659' title='bbox 940 4276 1027 4344; x_wconf 89' lang='lat' dir='ltr'><strong>putas</strong></span> <span class='ocrx_word' id='word_1_660' title='bbox 1042 4272 1112 4344; x_wconf 82' lang='lat' dir='ltr'><strong>quia</strong></span> <span class='ocrx_word' id='word_1_661' title='bbox 1127 4287 1185 4327; x_wconf 90' lang='lat' dir='ltr'><strong>non</strong></span> <span class='ocrx_word' id='word_1_662' title='bbox 1202 4271 1310 4342; x_wconf 88' lang='lat' dir='ltr'><strong>possim</strong></span> <span class='ocrx_word' id='word_1_663' title='bbox 1337 4285 1439 4341; x_wconf 85' lang='lat' dir='ltr'><strong>rogare</strong></span> <span class='ocrx_word' id='word_1_664' title='bbox 1467 4269 1577 4326; x_wconf 88' lang='lat' dir='ltr'><strong>Patrem</strong></span> <span class='ocrx_word' id='word_1_665' title='bbox 1606 4285 1715 4336; x_wconf 85' lang='lat' dir='ltr'><strong>mcum,</strong></span> <span class='ocrx_word' id='word_1_666' title='bbox 1742 4278 1771 4326; x_wconf 89' lang='lat' dir='ltr'><strong>ot</strong></span> 
     </span>
     <span class='ocr_line' id='line_1_48' title="bbox 56 4358 1770 4450; baseline -0.002 -30"><span class='ocrx_word' id='word_1_667' title='bbox 56 4365 87 4420; x_wconf 91' lang='lat' dir='ltr'><strong>in</strong></span> <span class='ocrx_word' id='word_1_668' title='bbox 103 4380 145 4433; x_wconf 83' lang='lat' dir='ltr'><strong>se,</strong></span> <span class='ocrx_word' id='word_1_669' title='bbox 161 4368 190 4420; x_wconf 88' lang='grc' dir='ltr'><strong>ει</strong></span> <span class='ocrx_word' id='word_1_670' title='bbox 204 4363 283 4436; x_wconf 86' lang='lat' dir='ltr'><strong>quod</strong></span> <span class='ocrx_word' id='word_1_671' title='bbox 301 4363 410 4418; x_wconf 92' lang='lat' dir='ltr'><strong>bouum</strong></span> <span class='ocrx_word' id='word_1_672' title='bbox 435 4368 475 4415; x_wconf 84' lang='lat' dir='ltr'><strong>est</strong></span> <span class='ocrx_word' id='word_1_673' title='bbox 503 4358 545 4414; x_wconf 89' lang='lat' dir='ltr'><strong>iili</strong></span> <span class='ocrx_word' id='word_1_674' title='bbox 569 4359 615 4414; x_wconf 89' lang='lat' dir='ltr'><strong>cui</strong></span> <span class='ocrx_word' id='word_1_675' title='bbox 642 4359 784 4431; x_wconf 77' lang='lat' dir='ltr'><strong>precipit,</strong></span> <span class='ocrx_word' id='word_1_676' title='bbox 808 4361 837 4413; x_wconf 91' lang='grc' dir='ltr'><strong>ει</strong></span> <span class='ocrx_word' id='word_1_677' title='bbox 861 4358 886 4413; x_wconf 86' lang='grc' dir='ltr'><strong>εἰ</strong></span> <span class='ocrx_word' id='word_1_678' title='bbox 902 4385 924 4450; x_wconf 73' lang='lat' dir='ltr'>D</span> <span class='ocrx_word' id='word_1_679' title='bbox 941 4361 1090 4417; x_wconf 85' lang='lat' dir='ltr'><strong>exhibebit</strong></span> <span class='ocrx_word' id='word_1_680' title='bbox 1106 4361 1176 4417; x_wconf 86' lang='lat' dir='ltr'><strong>inihi</strong></span> <span class='ocrx_word' id='word_1_681' title='bbox 1194 4361 1280 4417; x_wconf 88' lang='lat' dir='ltr'><strong>modo</strong></span> <span class='ocrx_word' id='word_1_682' title='bbox 1297 4359 1455 4432; x_wconf 88' lang='lat' dir='ltr'><strong>piusquam</strong></span> <span class='ocrx_word' id='word_1_683' title='bbox 1472 4358 1626 4415; x_wconf 88' lang='lat' dir='ltr'><strong>duodecim</strong></span> <span class='ocrx_word' id='word_1_684' title='bbox 1640 4358 1770 4431; x_wconf 83' lang='lat' dir='ltr'><strong>legiones</strong></span> 
     </span>
     <span class='ocr_line' id='line_1_49' title="bbox 57 4445 1772 4525; baseline -0.002 -17"><span class='ocrx_word' id='word_1_685' title='bbox 57 4452 268 4525; x_wconf 86' lang='lat' dir='ltr'><strong>piscetjurare</strong></span> <span class='ocrx_word' id='word_1_686' title='bbox 282 4466 399 4507; x_wconf 89' lang='lat' dir='ltr'><strong>servum</strong></span> <span class='ocrx_word' id='word_1_687' title='bbox 414 4448 517 4504; x_wconf 68' lang='lat' dir='ltr'><strong>totu</strong></span> <span class='ocrx_word' id='word_1_688' title='bbox 533 4451 565 4503; x_wconf 91' lang='lat' dir='ltr'><strong>ut</strong></span> <span class='ocrx_word' id='word_1_689' title='bbox 578 4446 651 4503; x_wconf 90' lang='lat' dir='ltr'><strong>iliud</strong></span> <span class='ocrx_word' id='word_1_690' title='bbox 676 4447 772 4514; x_wconf 82' lang='lat' dir='ltr'><strong>iaciat,</strong></span> <span class='ocrx_word' id='word_1_691' title='bbox 799 4445 885 4503; x_wconf 84' lang='lat' dir='ltr'><strong>mise·</strong></span> <span class='ocrx_word' id='word_1_692' title='bbox 940 4448 1134 4524; x_wconf 75' lang='lat' dir='ltr'><strong>angelorum?</strong></span> <span class='ocrx_word' id='word_1_693' title='bbox 1148 4448 1254 4523; x_wconf 73' lang='lat' dir='ltr'><strong>(bottis.</strong></span> <span class='ocrx_word' id='word_1_694' title='bbox 1269 4464 1346 4519; x_wconf 82' lang='lat' dir='ltr'><strong>xxvi,</strong></span> <span class='ocrx_word' id='word_1_695' title='bbox 1360 4447 1419 4521; x_wconf 79' lang='lat'>53.)</span> <span class='ocrx_word' id='word_1_696' title='bbox 1437 4469 1451 4498; x_wconf 85' lang='lat' dir='ltr'><strong>n</strong></span> <span class='ocrx_word' id='word_1_697' title='bbox 1479 4447 1510 4504; x_wconf 89' lang='lat' dir='ltr'><strong>la</strong></span> <span class='ocrx_word' id='word_1_698' title='bbox 1535 4450 1635 4504; x_wconf 83' lang='lat' dir='ltr'><strong>eodem</strong></span> <span class='ocrx_word' id='word_1_699' title='bbox 1654 4465 1662 4505; x_wconf 91' lang='lat'>:</span> <span class='ocrx_word' id='word_1_700' title='bbox 1688 4449 1772 4507; x_wconf 83' lang='lat' dir='ltr'><strong>Tunc</strong></span> 
     </span>
     <span class='ocr_line' id='line_1_50' title="bbox 58 4535 1770 4611; baseline -0.001 -14"><span class='ocrx_word' id='word_1_701' title='bbox 58 4542 185 4599; x_wconf 87' lang='lat' dir='ltr'><strong>ricordia</strong></span> <span class='ocrx_word' id='word_1_702' title='bbox 200 4546 263 4609; x_wconf 87' lang='lat' dir='ltr'><strong>est;</strong></span> <span class='ocrx_word' id='word_1_703' title='bbox 282 4539 307 4596; x_wconf 91' lang='lat' dir='ltr'><strong>si</strong></span> <span class='ocrx_word' id='word_1_704' title='bbox 323 4555 381 4595; x_wconf 91' lang='lat' dir='ltr'><strong>uon</strong></span> <span class='ocrx_word' id='word_1_705' title='bbox 397 4535 742 4610; x_wconf 78' lang='lat' dir='ltr'><strong>piacetjuvare‚1ustitia</strong></span> <span class='ocrx_word' id='word_1_706' title='bbox 764 4539 820 4592; x_wconf 87' lang='lat' dir='ltr'><strong>est.</strong></span> <span class='ocrx_word' id='word_1_707' title='bbox 844 4535 886 4592; x_wconf 85' lang='lat' dir='ltr'><strong>si·</strong></span> <span class='ocrx_word' id='word_1_708' title='bbox 940 4540 969 4595; x_wconf 90' lang='lat' dir='ltr'><strong>iu</strong></span> <span class='ocrx_word' id='word_1_709' title='bbox 985 4538 1150 4596; x_wconf 83' lang='lat' dir='ltr'><strong>clarissima</strong></span> <span class='ocrx_word' id='word_1_710' title='bbox 1165 4538 1229 4594; x_wconf 90' lang='lat' dir='ltr'><strong>luce</strong></span> <span class='ocrx_word' id='word_1_711' title='bbox 1245 4536 1394 4610; x_wconf 75' lang='lat' dir='ltr'><strong>sapientie</strong></span> <span class='ocrx_word' id='word_1_712' title='bbox 1410 4536 1567 4604; x_wconf 85' lang='lat' dir='ltr'><strong>uidebitur,</strong></span> <span class='ocrx_word' id='word_1_713' title='bbox 1590 4538 1669 4611; x_wconf 87' lang='lat' dir='ltr'><strong>quod</strong></span> <span class='ocrx_word' id='word_1_714' title='bbox 1691 4555 1770 4595; x_wconf 87' lang='lat' dir='ltr'><strong>nuno</strong></span> 
     </span>
     <span class='ocr_line' id='line_1_51' title="bbox 60 4625 1766 4703; baseline -0.002 -16"><span class='ocrx_word' id='word_1_715' title='bbox 60 4631 171 4687; x_wconf 86' lang='lat' dir='ltr'><strong>militer</strong></span> <span class='ocrx_word' id='word_1_716' title='bbox 186 4629 321 4703; x_wconf 88' lang='lat' dir='ltr'><strong>prohihet</strong></span> <span class='ocrx_word' id='word_1_717' title='bbox 337 4627 446 4685; x_wconf 88' lang='lat' dir='ltr'><strong>malum</strong></span> <span class='ocrx_word' id='word_1_718' title='bbox 463 4643 556 4693; x_wconf 81' lang='lat' dir='ltr'><strong>servo,</strong></span> <span class='ocrx_word' id='word_1_719' title='bbox 573 4625 643 4697; x_wconf 87' lang='lat' dir='ltr'><strong>quia</strong></span> <span class='ocrx_word' id='word_1_720' title='bbox 658 4625 686 4679; x_wconf 91' lang='lat' dir='ltr'><strong>iu</strong></span> <span class='ocrx_word' id='word_1_721' title='bbox 704 4642 736 4682; x_wconf 90' lang='lat' dir='ltr'><strong>ae</strong></span> <span class='ocrx_word' id='word_1_722' title='bbox 762 4626 884 4693; x_wconf 84' lang='lat' dir='ltr'><strong>maium,</strong></span> <span class='ocrx_word' id='word_1_723' title='bbox 940 4630 1055 4701; x_wconf 90' lang='lat' dir='ltr'><strong>piorum</strong></span> <span class='ocrx_word' id='word_1_724' title='bbox 1072 4628 1144 4685; x_wconf 89' lang='lat' dir='ltr'><strong>tides</strong></span> <span class='ocrx_word' id='word_1_725' title='bbox 1159 4627 1257 4695; x_wconf 87' lang='lat' dir='ltr'><strong>habet,</strong></span> <span class='ocrx_word' id='word_1_726' title='bbox 1273 4643 1361 4700; x_wconf 87' lang='lat' dir='ltr'><strong>quam</strong></span> <span class='ocrx_word' id='word_1_727' title='bbox 1378 4625 1766 4684; x_wconf 84' lang='lat' dir='ltr'><strong>immutabiliseteiiioaois·</strong></span> 
     </span>
     <span class='ocr_line' id='line_1_52' title="bbox 58 4713 1768 4789; baseline -0.001 -14"><span class='ocrx_word' id='word_1_728' title='bbox 58 4725 87 4776; x_wconf 90' lang='lat' dir='ltr'><strong>et</strong></span> <span class='ocrx_word' id='word_1_729' title='bbox 103 4718 144 4775; x_wconf 89' lang='lat' dir='ltr'><strong>rlii</strong></span> <span class='ocrx_word' id='word_1_730' title='bbox 159 4719 271 4774; x_wconf 88' lang='lat' dir='ltr'><strong>maium</strong></span> <span class='ocrx_word' id='word_1_731' title='bbox 287 4717 334 4775; x_wconf 91' lang='lat' dir='ltr'><strong>cui</strong></span> <span class='ocrx_word' id='word_1_732' title='bbox 351 4716 495 4789; x_wconf 83' lang='lat' dir='ltr'><strong>prohibet,</strong></span> <span class='ocrx_word' id='word_1_733' title='bbox 511 4720 539 4771; x_wconf 88' lang='lat' dir='ltr'><strong>et</strong></span> <span class='ocrx_word' id='word_1_734' title='bbox 554 4713 667 4770; x_wconf 88' lang='lat' dir='ltr'><strong>domini</strong></span> <span class='ocrx_word' id='word_1_735' title='bbox 683 4717 728 4771; x_wconf 89' lang='lat' dir='ltr'><strong>est</strong></span> <span class='ocrx_word' id='word_1_736' title='bbox 742 4730 885 4772; x_wconf 85' lang='lat' dir='ltr'><strong>serruma</strong></span> <span class='ocrx_word' id='word_1_737' title='bbox 939 4716 1369 4789; x_wconf 77' lang='lat' dir='ltr'><strong>simssitroluntasbei3qunm</strong></span> <span class='ocrx_word' id='word_1_738' title='bbox 1379 4716 1768 4788; x_wconf 85' lang='lat' dir='ltr'><strong>mrrltapossit,etuonveiit‚</strong></span> 
     </span>
     <span class='ocr_line' id='line_1_53' title="bbox 58 4803 1768 4880; baseline 0.001 -15"><span class='ocrx_word' id='word_1_739' title='bbox 58 4807 137 4865; x_wconf 87' lang='lat' dir='ltr'><strong>mulo</strong></span> <span class='ocrx_word' id='word_1_740' title='bbox 154 4809 317 4880; x_wconf 89' lang='lat' dir='ltr'><strong>prohibere,</strong></span> <span class='ocrx_word' id='word_1_741' title='bbox 334 4811 368 4862; x_wconf 92' lang='lat' dir='ltr'><strong>ut</strong></span> <span class='ocrx_word' id='word_1_742' title='bbox 383 4822 440 4863; x_wconf 92' lang='lat' dir='ltr'><strong>non</strong></span> <span class='ocrx_word' id='word_1_743' title='bbox 455 4806 561 4861; x_wconf 84' lang='lat' dir='ltr'><strong>habeat</strong></span> <span class='ocrx_word' id='word_1_744' title='bbox 577 4804 645 4860; x_wconf 90' lang='lat' dir='ltr'><strong>inde</strong></span> <span class='ocrx_word' id='word_1_745' title='bbox 655 4803 883 4862; x_wconf 83' lang='lat' dir='ltr'><strong>exeusationem.</strong></span> <span class='ocrx_word' id='word_1_746' title='bbox 940 4807 1012 4864; x_wconf 91' lang='lat' dir='ltr'><strong>nihil</strong></span> <span class='ocrx_word' id='word_1_747' title='bbox 1025 4811 1123 4864; x_wconf 89' lang='lat' dir='ltr'><strong>autern</strong></span> <span class='ocrx_word' id='word_1_748' title='bbox 1133 4806 1201 4863; x_wconf 87' lang='lat' dir='ltr'><strong>velit</strong></span> <span class='ocrx_word' id='word_1_749' title='bbox 1211 4808 1288 4880; x_wconf 87' lang='lat' dir='ltr'><strong>quod</strong></span> <span class='ocrx_word' id='word_1_750' title='bbox 1299 4822 1358 4862; x_wconf 91' lang='lat' dir='ltr'><strong>non</strong></span> <span class='ocrx_word' id='word_1_751' title='bbox 1370 4805 1768 4878; x_wconf 78' lang='lat' dir='ltr'><strong>possitliisauctoritstibua</strong></span> 
     </span>
     <span class='ocr_line' id='line_1_54' title="bbox 93 4893 1772 4969; baseline 0.001 -16"><span class='ocrx_word' id='word_1_752' title='bbox 93 4902 144 4955; x_wconf 79' lang='lat' dir='ltr'><strong>Est</strong></span> <span class='ocrx_word' id='word_1_753' title='bbox 158 4904 187 4955; x_wconf 95' lang='lat' dir='ltr'><strong>et</strong></span> <span class='ocrx_word' id='word_1_754' title='bbox 202 4898 247 4955; x_wconf 87' lang='lat' dir='ltr'><strong>bic</strong></span> <span class='ocrx_word' id='word_1_755' title='bbox 263 4898 434 4964; x_wconf 88' lang='lat' dir='ltr'><strong>videndum,</strong></span> <span class='ocrx_word' id='word_1_756' title='bbox 451 4895 528 4967; x_wconf 92' lang='lat' dir='ltr'><strong>quod</strong></span> <span class='ocrx_word' id='word_1_757' title='bbox 544 4893 612 4951; x_wconf 90' lang='lat' dir='ltr'><strong>licet</strong></span> <span class='ocrx_word' id='word_1_758' title='bbox 637 4894 746 4950; x_wconf 90' lang='lat' dir='ltr'><strong>bonum</strong></span> <span class='ocrx_word' id='word_1_759' title='bbox 774 4895 812 4950; x_wconf 91' lang='lat' dir='ltr'><strong>sit</strong></span> <span class='ocrx_word' id='word_1_760' title='bbox 835 4893 884 4951; x_wconf 89' lang='lat' dir='ltr'><strong>isti</strong></span> <span class='ocrx_word' id='word_1_761' title='bbox 940 4898 1105 4969; x_wconf 85' lang='lat' dir='ltr'><strong>patetquod</strong></span> <span class='ocrx_word' id='word_1_762' title='bbox 1117 4896 1209 4954; x_wconf 88' lang='lat' dir='ltr'><strong>multa</strong></span> <span class='ocrx_word' id='word_1_763' title='bbox 1221 4897 1313 4968; x_wconf 90' lang='lat' dir='ltr'><strong>possit</strong></span> <span class='ocrx_word' id='word_1_764' title='bbox 1325 4898 1402 4953; x_wconf 81' lang='lat' dir='ltr'><strong>Deus</strong></span> <span class='ocrx_word' id='word_1_765' title='bbox 1415 4913 1479 4969; x_wconf 82' lang='lat' dir='ltr'><strong>quae</strong></span> <span class='ocrx_word' id='word_1_766' title='bbox 1494 4913 1552 4953; x_wconf 90' lang='lat' dir='ltr'><strong>uon</strong></span> <span class='ocrx_word' id='word_1_767' title='bbox 1565 4896 1772 4955; x_wconf 82' lang='lat' dir='ltr'><strong>vult.Ratiouo</strong></span> 
     </span>
     <span class='ocr_line' id='line_1_55' title="bbox 56 4982 1770 5062; baseline 0 -18"><span class='ocrx_word' id='word_1_768' title='bbox 56 4989 136 5062; x_wconf 90' lang='lat' dir='ltr'><strong>quod</strong></span> <span class='ocrx_word' id='word_1_769' title='bbox 154 4988 322 5061; x_wconf 76' lang='lat' dir='ltr'><strong>praecipitur</strong></span> <span class='ocrx_word' id='word_1_770' title='bbox 337 4987 374 5055; x_wconf 88' lang='lat' dir='ltr'><strong>ei,</strong></span> <span class='ocrx_word' id='word_1_771' title='bbox 390 5002 446 5042; x_wconf 90' lang='lat' dir='ltr'><strong>non</strong></span> <span class='ocrx_word' id='word_1_772' title='bbox 462 4989 559 5041; x_wconf 90' lang='lat' dir='ltr'><strong>tamen</strong></span> <span class='ocrx_word' id='word_1_773' title='bbox 570 4986 678 5039; x_wconf 89' lang='lat' dir='ltr'><strong>bonurn</strong></span> <span class='ocrx_word' id='word_1_774' title='bbox 690 4982 757 5057; x_wconf 89' lang='lat' dir='ltr'><strong>[ost]</strong></span> <span class='ocrx_word' id='word_1_775' title='bbox 770 4984 884 5041; x_wconf 89' lang='lat' dir='ltr'><strong>univer·</strong></span> <span class='ocrx_word' id='word_1_776' title='bbox 920 4987 969 5043; x_wconf 91' lang='lat' dir='ltr'><strong>.id</strong></span> <span class='ocrx_word' id='word_1_777' title='bbox 985 4991 1076 5057; x_wconf 86' lang='lat' dir='ltr'><strong>potest</strong></span> <span class='ocrx_word' id='word_1_778' title='bbox 1090 4988 1217 5059; x_wconf 87' lang='lat' dir='ltr'><strong>probari.</strong></span> <span class='ocrx_word' id='word_1_779' title='bbox 1233 4987 1296 5044; x_wconf 90' lang='lat' dir='ltr'><strong>Non</strong></span> <span class='ocrx_word' id='word_1_780' title='bbox 1312 4986 1372 5042; x_wconf 86' lang='lat' dir='ltr'><strong>ruit</strong></span> <span class='ocrx_word' id='word_1_781' title='bbox 1390 4985 1468 5043; x_wconf 88' lang='lat' dir='ltr'><strong>Deus</strong></span> <span class='ocrx_word' id='word_1_782' title='bbox 1482 4986 1770 5058; x_wconf 84' lang='lat' dir='ltr'><strong>omnesjustiticare‚</strong></span> 
     </span>
     <span class='ocr_line' id='line_1_56' title="bbox 55 5071 1769 5151; baseline -0.001 -16"><span class='ocrx_word' id='word_1_783' title='bbox 55 5079 150 5144; x_wconf 75' lang='lat' dir='ltr'><strong>citati,</strong></span> <span class='ocrx_word' id='word_1_784' title='bbox 166 5085 196 5133; x_wconf 91' lang='grc' dir='ltr'><strong>ει</strong></span> <span class='ocrx_word' id='word_1_785' title='bbox 210 5077 287 5150; x_wconf 86' lang='lat' dir='ltr'><strong>quod</strong></span> <span class='ocrx_word' id='word_1_786' title='bbox 304 5076 437 5148; x_wconf 90' lang='lat' dir='ltr'><strong>prohibet</strong></span> <span class='ocrx_word' id='word_1_787' title='bbox 450 5076 487 5143; x_wconf 72' lang='lat' dir='ltr'><strong>ei,</strong></span> <span class='ocrx_word' id='word_1_788' title='bbox 504 5075 570 5130; x_wconf 90' lang='lat' dir='ltr'><strong>iicet</strong></span> <span class='ocrx_word' id='word_1_789' title='bbox 583 5073 608 5129; x_wconf 91' lang='lat' dir='ltr'><strong>ei</strong></span> <span class='ocrx_word' id='word_1_790' title='bbox 626 5071 749 5140; x_wconf 81' lang='lat' dir='ltr'><strong>maium,</strong></span> <span class='ocrx_word' id='word_1_791' title='bbox 775 5074 883 5132; x_wconf 86' lang='lat' dir='ltr'><strong>bouum</strong></span> <span class='ocrx_word' id='word_1_792' title='bbox 938 5082 967 5135; x_wconf 90' lang='grc' dir='ltr'><strong>ει</strong></span> <span class='ocrx_word' id='word_1_793' title='bbox 981 5082 1080 5133; x_wconf 86' lang='lat' dir='ltr'><strong>taruan</strong></span> <span class='ocrx_word' id='word_1_794' title='bbox 1096 5078 1165 5150; x_wconf 86' lang='lat' dir='ltr'><strong>quis</strong></span> <span class='ocrx_word' id='word_1_795' title='bbox 1180 5078 1296 5134; x_wconf 87' lang='lat' dir='ltr'><strong>dubitat</strong></span> <span class='ocrx_word' id='word_1_796' title='bbox 1311 5094 1378 5133; x_wconf 90' lang='lat' dir='ltr'><strong>eum</strong></span> <span class='ocrx_word' id='word_1_797' title='bbox 1399 5076 1509 5150; x_wconf 78' lang='lat' dir='ltr'><strong>posset</strong></span> <span class='ocrx_word' id='word_1_798' title='bbox 1530 5076 1713 5151; x_wconf 65' lang='lat' dir='ltr'><strong>Augustinus</strong></span> <span class='ocrx_word' id='word_1_799' title='bbox 1738 5078 1769 5136; x_wconf 90' lang='lat' dir='ltr'><strong>ia</strong></span> 
     </span>
     <span class='ocr_line' id='line_1_57' title="bbox 55 5163 1768 5241; baseline -0.002 -15"><span class='ocrx_word' id='word_1_800' title='bbox 55 5177 100 5226; x_wconf 86' lang='grc' dir='ltr'><strong>εει</strong></span> <span class='ocrx_word' id='word_1_801' title='bbox 118 5166 302 5224; x_wconf 82' lang='lat' dir='ltr'><strong>universitati</strong></span> <span class='ocrx_word' id='word_1_802' title='bbox 316 5183 325 5234; x_wconf 87' lang='lat'><strong>;</strong></span> <span class='ocrx_word' id='word_1_803' title='bbox 340 5170 368 5222; x_wconf 92' lang='grc' dir='ltr'><strong>ει</strong></span> <span class='ocrx_word' id='word_1_804' title='bbox 384 5165 462 5238; x_wconf 88' lang='lat' dir='ltr'><strong>quod</strong></span> <span class='ocrx_word' id='word_1_805' title='bbox 480 5164 575 5233; x_wconf 85' lang='lat' dir='ltr'><strong>majus</strong></span> <span class='ocrx_word' id='word_1_806' title='bbox 597 5163 707 5220; x_wconf 85' lang='lat' dir='ltr'><strong>bonum</strong></span> <span class='ocrx_word' id='word_1_807' title='bbox 732 5167 787 5230; x_wconf 82' lang='lat' dir='ltr'><strong>ost,</strong></span> <span class='ocrx_word' id='word_1_808' title='bbox 807 5166 883 5232; x_wconf 77' lang='lat' dir='ltr'><strong>quod</strong></span> <span class='ocrx_word' id='word_1_809' title='bbox 939 5166 1013 5223; x_wconf 90' lang='lat' dir='ltr'><strong>iibro</strong></span> <span class='ocrx_word' id='word_1_810' title='bbox 1028 5171 1069 5224; x_wconf 82' lang='lat' dir='ltr'><strong>Do</strong></span> <span class='ocrx_word' id='word_1_811' title='bbox 1083 5171 1227 5224; x_wconf 79' lang='lat' dir='ltr'><strong>naturast</strong></span> <span class='ocrx_word' id='word_1_812' title='bbox 1236 5167 1331 5241; x_wconf 86' lang='lat' dir='ltr'><strong>gratia</strong></span> <span class='ocrx_word' id='word_1_813' title='bbox 1344 5183 1351 5225; x_wconf 93' lang='lat'><strong>:</strong></span> <span class='ocrx_word' id='word_1_814' title='bbox 1366 5167 1508 5224; x_wconf 84' lang='lat' dir='ltr'><strong>Dominus</strong></span> <span class='ocrx_word' id='word_1_815' title='bbox 1521 5170 1659 5224; x_wconf 74' lang='lat' dir='ltr'><strong>Lazarum</strong></span> <span class='ocrx_word' id='word_1_816' title='bbox 1671 5167 1768 5223; x_wconf 86' lang='lat' dir='ltr'><strong>susci·</strong></span> 
     </span>
     <span class='ocr_line' id='line_1_58' title="bbox 53 5251 1768 5335; baseline -0.001 -19"><span class='ocrx_word' id='word_1_817' title='bbox 53 5259 149 5318; x_wconf 89' lang='lat' dir='ltr'><strong>totius</strong></span> <span class='ocrx_word' id='word_1_818' title='bbox 161 5274 253 5332; x_wconf 86' lang='lat' dir='ltr'><strong>quarn</strong></span> <span class='ocrx_word' id='word_1_819' title='bbox 268 5256 346 5330; x_wconf 89' lang='lat' dir='ltr'><strong>quod</strong></span> <span class='ocrx_word' id='word_1_820' title='bbox 369 5255 472 5328; x_wconf 85' lang='lat' dir='ltr'><strong>partis,</strong></span> <span class='ocrx_word' id='word_1_821' title='bbox 496 5259 524 5310; x_wconf 92' lang='lat' dir='ltr'><strong>et</strong></span> <span class='ocrx_word' id='word_1_822' title='bbox 549 5251 647 5311; x_wconf 82' lang='lat' dir='ltr'><strong>minue</strong></span> <span class='ocrx_word' id='word_1_823' title='bbox 672 5251 783 5312; x_wconf 87' lang='lat' dir='ltr'><strong>maium</strong></span> <span class='ocrx_word' id='word_1_824' title='bbox 805 5254 882 5326; x_wconf 84' lang='lat' dir='ltr'><strong>quod</strong></span> <span class='ocrx_word' id='word_1_825' title='bbox 938 5256 1011 5314; x_wconf 83' lang='lat' dir='ltr'><strong>tavit</strong></span> <span class='ocrx_word' id='word_1_826' title='bbox 1023 5257 1054 5316; x_wconf 87' lang='lat' dir='ltr'><strong>to</strong></span> <span class='ocrx_word' id='word_1_827' title='bbox 1067 5272 1187 5332; x_wconf 87' lang='lat' dir='ltr'><strong>corpora</strong></span> <span class='ocrx_word' id='word_1_828' title='bbox 1200 5274 1208 5326; x_wconf 85' lang='lat'>;</span> <span class='ocrx_word' id='word_1_829' title='bbox 1223 5256 1356 5335; x_wconf 88' lang='lat' dir='ltr'><strong>uunquid</strong></span> <span class='ocrx_word' id='word_1_830' title='bbox 1383 5256 1541 5317; x_wconf 87' lang='lat' dir='ltr'><strong>dicendum</strong></span> <span class='ocrx_word' id='word_1_831' title='bbox 1558 5272 1566 5314; x_wconf 79' lang='lat' dir='ltr'><strong>r</strong></span> <span class='ocrx_word' id='word_1_832' title='bbox 1582 5254 1646 5314; x_wconf 82' lang='lat' dir='ltr'><strong>Non</strong></span> <span class='ocrx_word' id='word_1_833' title='bbox 1672 5254 1768 5331; x_wconf 85' lang='lat' dir='ltr'><strong>potuit</strong></span> 
     </span>
    </p>
   </div>
   <div class='ocr_carea' id='block_1_19' title="bbox 90 5435 626 5511">
    <p class='ocr_par' dir='ltr' id='par_1_22' title="bbox 90 5435 626 5511">
     <span class='ocr_line' id='line_1_59' title="bbox 90 5435 626 5511; baseline -0.017 -15"><span class='ocrx_word' id='word_1_834' title='bbox 90 5440 149 5511; x_wconf 77' lang='lat' dir='ltr'><strong>(att</strong></span> <span class='ocrx_word' id='word_1_835' title='bbox 165 5436 199 5495; x_wconf 87' lang='lat' dir='ltr'><strong>ln</strong></span> <span class='ocrx_word' id='word_1_836' title='bbox 213 5436 380 5511; x_wconf 66' lang='lat' dir='ltr'><strong>appendice</strong></span> <span class='ocrx_word' id='word_1_837' title='bbox 395 5439 416 5492; x_wconf 88' lang='lat' dir='ltr'><strong>t.</strong></span> <span class='ocrx_word' id='word_1_838' title='bbox 432 5435 481 5504; x_wconf 89' lang='lat'>111,</span> <span class='ocrx_word' id='word_1_839' title='bbox 500 5436 581 5505; x_wconf 83' lang='lat' dir='ltr'><strong>parto</strong></span> <span class='ocrx_word' id='word_1_840' title='bbox 594 5447 626 5488; x_wconf 89' lang='grc' dir='ltr'><strong>ιι.</strong></span> 
     </span>
    </p>
   </div>
   <div class='ocr_carea' id='block_1_20' title="bbox 0 0 1906 6030">
    <p class='ocr_par' dir='ltr' id='par_1_23' title="bbox 0 0 1906 6030">
     <span class='ocr_line' id='line_1_60' title="bbox 0 0 1906 6030; baseline 0 0"><span class='ocrx_word' id='word_1_841' title='bbox 0 0 1906 6030; x_wconf 95' lang='lat' dir='ltr'><strong> </strong></span> 
     </span>
    </p>
   </div>
  </div>
 </body>
</html>
