3802 6030
67 253 69 257 ,
165 176 243 243 iiis

641 173 749 237 suit.
771 170 1011 236 sinuessam
1031 169 1234 237 schonau.
1255 172 1379 236 celse.
1794 172 1875 237 lire

169 329 281 372 cenam
297 310 402 368 iratres
417 310 452 367 ad
469 308 541 365 illud
553 306 756 381 accipiendum
774 305 928 364 convenire
942 305 1035 376 ἀεὶ-Α
1049 306 1143 364 bersa
1158 308 1330 381 quotidiana
1339 306 1636 365 medicinaliomiuici
1650 307 1785 381 corporis
1796 325 1877 382 sepe·

167 405 314 473 bent‚aut
342 399 384 455 sic
400 398 545 454 iaciebant
569 413 643 469 quos
673 396 826 472 Apostolus
855 396 952 468 arguit
965 399 994 452 et
1048 414 1122 456 rare.
1139 398 1257 456 Rectius
1285 400 1425 456 intereos
1454 398 1578 455 tortasse
1604 398 1733 470 quisque
1762 398 1876 455 dirimit

167 491 301 549 emendet
316 488 428 544 mensis
439 487 551 543 sanctis
561 487 618 543 ista
633 485 903 544 miscere.Selvetor
914 500 994 541 nam·
1047 485 1246 557 thennim
1259 488 1309 561 qui
1325 493 1425 545 monet
1436 492 1470 544 ut
1484 488 1629 561 precipue
1640 488 1669 543 iu
1684 486 1796 544 Christi
1807 504 1878 560 pace

165 598 221 652 que
237 596 293 651 quo
317 576 518 634 vehementius
535 577 754 634 commendaret
766 574 898 649 mysterii
912 572 993 631 illias
1047 582 1256 649 permaneant;
1274 578 1361 634 iaciat
1375 583 1474 635 sutem
1492 577 1701 650 unusquisque
1730 578 1815 649 quod
1831 594 1877 634 se·

169 669 367 738 silitudinem,
385 668 521 723 ultimum
537 667 592 724 boe
612 665 705 723 uoluit
718 665 841 740 infigere
856 663 993 721 cordibus
1047 668 1176 724 cundum
1190 666 1278 724 fidem
1296 684 1379 724 suam
1400 668 1447 739 pis
1463 666 1556 724 credit
1571 665 1751 722 iaciendum.
1768 665 1877 725 Neuter

166 763 195 814 et
214 756 362 813 memorie
379 755 602 830 discipulorum,
618 756 754 828 aquibus
769 755 806 811 ad
823 753 993 826 passionem
1046 757 1124 811 enim
1141 772 1242 814 eorum
1257 755 1393 813 exhorret
1404 772 1509 827 corpus
1520 763 1547 812 ct
1561 754 1733 826 sauguinem
1743 755 1875 827 Domini,

164 847 355 919 digressurus
371 851 443 913 erat,
460 862 517 901 uon
540 846 688 919 precepit,
704 850 732 902 et
747 844 811 902 ideo
838 860 895 916 quo
910 842 994 899 dein·
1047 845 1098 901 sed
1114 844 1340 901 saluberrimum
1356 845 1714 901 sacramentumcertatim
1726 843 1872 901 honorare

163 953 235 1007 ceps
249 934 352 991 ordine
368 939 531 1007 sumerent,
548 938 580 990 ut
594 933 728 1006 apostoli,
743 950 795 1007 per
809 948 883 1004 quos
898 929 993 988 Eccls·
1047 935 1280 1007 crcdnnt.Nequs
1294 935 1373 991 enim
1388 935 1576 1008 litigaverunt
1588 935 1664 991 inter
1677 939 1777 1007 se,aut
1792 934 1874 1008 qnis-

167 1027 228 1082 sias
247 1024 446 1097 dispositurus
461 1028 534 1092 erat,
562 1027 712 1080 servarent
737 1022 817 1079 hunc
831 1021 928 1079 locum
960 1021 992 1094 [s.
1047 1041 1105 1099 que
1119 1042 1219 1083 curum
1231 1042 1262 1084 se
1279 1024 1362 1083 alteri
1375 1026 1532 1100 preposuit
1543 1024 1679 1083 zacheus
1696 1029 1725 1083 et
1738 1025 1793 1082 ills
1808 1040 1873 1082 cen·

163 1114 279 1186 ritum].
1046 1115 1137 1183 tario,
1155 1131 1222 1172 cum
1240 1130 1317 1172 unus
1331 1131 1431 1171 eorum
1448 1115 1581 1188 gaudeus
1596 1115 1625 1171 in
1640 1115 1765 1171 domum
1792 1130 1873 1172 suam

262 1206 357 1262 Utrum
371 1203 494 1277 qnotidie
508 1202 640 1260 sumenda
654 1202 691 1259 sit
704 1201 893 1259 Eucharistin.
1046 1207 1211 1279 susceperit
1224 1204 1392 1272 Dominam,
1403 1203 1478 1261 alter
1491 1204 1616 1261 dixerit:
1634 1227 1648 1256 u
1663 1204 1729 1261 Non
1744 1220 1815 1262 sam
1830 1204 1873 1261 di·

199 1304 311 1360 Dixerit
326 1303 433 1375 aliquis
448 1320 506 1358 nnn
522 1301 654 1374 quotidie
667 1300 866 1374 accipiendam
883 1300 992 1358 eucha·
1047 1309 1123 1367 gaus
1140 1298 1174 1350 at
1187 1294 1242 1351 sub
1258 1298 1368 1351 tectum
1386 1310 1484 1352 meam
1500 1293 1590 1352 intres
1604 1293 1709 1367 (Mettis
1727 1310 1781 1351 rur
1796 1294 1837 1364 8).
1859 1316 1872 1344 ιι

164 1393 547 1464 ristiam.0uaesierisquare
559 1395 571 1448 i
581 1391 736 1461 Quoniam,
748 1391 854 1464 iuquit,
866 1391 993 1464 eligendi
1045 1384 1139 1440 Ambo
1154 1384 1332 1441 salvatorem
1356 1381 1584 1441 honorificantes
1600 1382 1714 1440 diverso
1730 1388 1759 1440 st
1789 1384 1872 1455 quasi

165 1489 235 1542 suut
252 1483 359 1540 diesin
376 1483 484 1554 quihus
509 1481 595 1538 homo
612 1481 717 1555 purius
732 1480 993 1554 continentiusque
1046 1471 1192 1546 contrario
1217 1472 1324 1536 modo:
1349 1472 1435 1530 ambo
1462 1472 1590 1546 peccetis
1615 1473 1735 1542 miseri;
1766 1474 1871 1530 lm

167 1575 316 1646 vivat‚quo
329 1573 365 1629 ad
378 1576 490 1629 tautum
506 1575 724 1628 sacramentum
736 1571 990 1644 digniusaccedat.
1046 1563 1371 1621 ambomiscricordiam
1385 1563 1544 1621 consecuti.
1555 1563 1640 1620 Valet
1649 1562 1737 1620 etiam
1750 1565 1787 1620 ad
1800 1563 1874 1621 bane

164 1663 243 1732 «Qui
255 1662 333 1718 enim
347 1661 507 1718 munducat
517 1669 544 1716 ei
555 1660 630 1716 bibit
642 1659 990 1734 indigos,judiciumsibi
1003 1684 1030 1750 B
1045 1653 1269 1710 similitudinem
1282 1653 1358 1726 quod
1375 1653 1405 1709 in
1418 1654 1513 1727 primo
1523 1653 1630 1727 popolo
1646 1653 1810 1727 unicuique
1825 1671 1874 1711 eo·

165 1753 324 1809 manducet
338 1757 367 1807 et
382 1751 456 1807 bibit
471 1751 494 1823 (l
510 1752 574 1808 Cor.
590 1749 699 1821 v1,29).
715 1772 730 1800 u
752 1748 834 1806 Alius
849 1766 864 1806 e
879 1752 989 1805 eontra.

164 1842 237 1907 lino,
254 1841 388 1912 inquit,si
406 1845 488 1897 tants
502 1845 547 1897 est
558 1839 642 1913 plaga
656 1839 780 1913 peccati,
796 1843 881 1911 atque
897 1839 990 1912 impe·

164 1934 213 1987 tus
230 1930 337 2000 morbi,
357 1935 389 1985 ut
416 1931 633 1986 medicamenta
648 1927 718 1984 talia
734 1928 895 1985 ditiercnde
920 1929 989 1995 sint,

168 2020 342 2077 auctoritate
359 2019 500 2077 antistitis
516 2019 601 2076 debet
627 2021 752 2091 quisque
767 2017 803 2073 ab
828 2017 929 2075 alterio
945 2034 990 2076 re·

162 2109 273 2167 moveri
291 2110 326 2165 ad
344 2109 486 2181 agendam
505 2108 718 2180 penitentiam,
734 2111 762 2163 et
776 2108 877 2164 eadem
890 2112 991 2165 aucto-

163 2200 248 2257 ritate
264 2198 460 2256 reconciliari.
477 2198 537 2255 Hoc
552 2203 597 2254 est
611 2198 689 2254 enim
707 2196 825 2270 indigne
848 2198 989 2271 accipere,

1046 1759 1110 1799 rum
1123 1742 1286 1800 secundum
1302 1742 1449 1816 propriam
1461 1741 1640 1800 voluntatem
1657 1759 1768 1800 manna
1783 1744 1814 1800 in
1826 1760 1874 1800 ors

1045 1831 1277 1904 sapiebatsicin
1292 1831 1591 1905 oreuniuscujasque
1601 1832 1760 1890 christiani
1776 1848 1874 1889 sacra-

1045 1930 1177 1978 mentum
1204 1920 1287 1992 illud,
1303 1938 1360 1993 quo
1376 1921 1552 1995 subJugatus
1567 1927 1612 1979 est
1638 1923 1781 1979 mundus.
1800 1926 1871 1979 Nam

1044 2010 1094 2067 ille
1109 2011 1281 2068 honorando
1297 2028 1354 2067 non
1371 2013 1460 2068 audet
1473 2012 1605 2084 quotidie
1633 2028 1762 2079 sumere,
1779 2017 1809 2069 ct
1824 2013 1872 2070 ills

1044 2099 1216 2157 honorando
1231 2117 1288 2156 uun
1304 2100 1392 2157 audet
1404 2100 1463 2157 ullo
1479 2100 1525 2157 die
1538 2101 1774 2174 praetermittere.
1796 2101 1871 2158 Con·

1043 2194 1191 2263 temptum
1203 2189 1298 2247 solum
1315 2205 1373 2247 non
1389 2187 1450 2246 vult
1466 2189 1550 2247 cibus
1574 2190 1638 2260 iste,
1654 2189 1730 2248 sicut
1761 2206 1872 2247 manna

161 2290 188 2345 si
204 2306 238 2346 on
259 2294 391 2363 tempora
405 2288 529 2362 accipiat
544 2304 602 2361 quo
631 2288 716 2345 dehet
739 2304 824 2361 agere
846 2288 989 2361 poenilcn-
1044 2280 1207 2337 fastidium.
1220 2281 1291 2337 tude
1301 2282 1379 2337 enim
1391 2284 1420 2337 ct
1433 2280 1592 2354 Apostolus
1606 2280 1728 2354 indigne
1740 2281 1814 2337 dicit
1828 2298 1873 2337 ac·

163 2378 247 2445 tiam,
263 2395 323 2435 nnn
353 2382 387 2434 ut
402 2378 522 2435 arbitrio
538 2394 604 2446 suo,
620 2392 687 2434 cum
712 2376 793 2444 libet,
819 2378 933 2434 auferat
958 2394 989 2435 aa
1044 2375 1162 2442 ceptum
1178 2370 1214 2427 ab
1225 2370 1267 2427 ets
1281 2370 1331 2443 qui
1348 2387 1404 2427 non
1416 2369 1621 2426 discernebant
1635 2386 1652 2426 a
1667 2370 1781 2427 ceteris
1796 2370 1871 2426 cibis

160 2468 424 2537 communioni,vel
440 2468 554 2525 reddat.
567 2469 707 2524 Ceterum
717 2468 742 2525 si
754 2471 835 2525 tante
850 2485 907 2524 non
919 2474 990 2525 sunt
1043 2459 1229 2517 tenerrimo
1243 2458 1432 2532 singulariter
1446 2459 1556 2515 debite·

159 2561 193 2613 ut
209 2557 510 2614 excommunicandus
521 2558 648 2630 quisque
662 2558 886 2630 judiceturmon
897 2575 928 2616 se
939 2559 989 2615 de·

754 2656 877 2728 Explicit
893 2657 964 2713 liber
978 2656 1157 2731 repositionis
1171 2658 1273 2714 misse.

627 2820 666 2880 IN
689 2818 866 2892 SEOUENS
889 2821 1025 2882 ΡΟΕΜΔ
1048 2820 1176 2882 seete
1198 2820 1394 2883 MONl'l'UM.

196 2955 308 3018 Varios
319 2954 350 3016 in
362 2955 456 3016 variis
467 2954 628 3017 codicibus
651 2954 874 3035 manuscriptis
898 2961 930 3018 et
944 2954 1135 3017 editionibus
1160 2954 1268 3017 titulos
1283 2955 1414 3017 sortitur
1429 2954 1493 3018 hoc
1509 2973 1633 3036 poema.
1650 2954 1758 3018 Editio
1773 2954 1868 3017 Pari-

159 3035 269 3097 siensis
285 3055 336 3098 an.
352 3036 563 3099 michahel:
581 3037 624 3098 Dr
638 3035 796 3097 cuncordia
811 3041 917 3097 ceteris
930 3055 966 3098 cc
979 3037 1051 3098 nnec'
1066 3035 1221 3115 sacrificii.
1239 3037 1456 3117 Antuerpiaua
1475 3056 1528 3098 an.
1546 3035 1625 3100 1560
1643 3055 1662 3097 a
1677 3034 1866 3115 Woltangio

157 3118 260 3187 Lario,
275 3125 306 3178 et
317 3118 446 3198 qnidam
460 3117 682 3197 manuscripti:
702 3116 806 3178 Versus
818 3115 1001 3199 dempseris
1016 3117 1121 3179 nu'ssae.
1134 3117 1333 3179 Ebroicensis
1343 3118 1458 3178 codex:
1479 3116 1546 3178 lnci
1566 3119 1590 3178 it
1610 3115 1683 3178 tiber
1693 3115 1867 3177 Hildeberti

158 3198 192 3260 cic
203 3199 306 3260 missa.
318 3199 513 3260 Coloniensis
534 3205 657 3260 etnosa
676 3199 893 3277 Lugdunensis
911 3217 963 3260 an.
976 3199 1054 3260 1677
1072 3216 1079 3258 :
1099 3196 1270 3260 Hildeberii
1289 3196 1468 3259 Turonensis
1483 3138 1701 3280 arcii'episcopi
1717 3216 1820 3259 verses
1834 3194 1868 3257 de

158 3280 299 3359 mysterio
314 3282 418 3341 nitere.
436 3280 494 3351 Qui
509 3279 636 3358 quidem
653 3279 764 3341 titulus
774 3280 905 3341 innuere
915 3277 1265 3340 videtarHildebertum
1278 3278 1338 3339 hoc
1355 3297 1416 3339 non
1429 3278 1563 3339 edidisse
1577 3296 1702 3359 poema,
1718 3278 1780 3339 uisi
1795 3295 1865 3338 cum

160 3361 325 3421 Turouiere
340 3362 406 3421 sedi
422 3368 583 3439 preesset,
596 3367 795 3439 postennum
820 3360 938 3420 scilicet
958 3360 1059 3421 etatis
1079 3378 1145 3420 aure
1166 3360 1443 3439 septuagesimum,
1459 3366 1490 3420 et
1509 3378 1625 3419 annum
1646 3358 1865 3431 constitere,

161 3440 261 3519 quod,
273 3440 382 3503 habits
394 3442 515 3502 ratione
525 3440 694 3501 senectutis
704 3439 782 3518 ejus,
793 3445 823 3500 et
839 3440 1095 3519 grauissimorum
1111 3441 1310 3518 negotiorum
1326 3439 1440 3518 quibus
1451 3439 1556 3500 statim
1570 3445 1741 3519 postauam
1752 3439 1786 3500 in
1801 3443 1866 3502 Tu·

162 3540 326 3583 conensem
343 3523 448 3582 sedem
464 3520 725 3582 instaurationem
741 3519 923 3582 incumbere
946 3521 1127 3600 compulsus
1142 3525 1200 3594 est,
1214 3519 1316 3580 minus
1336 3519 1499 3599 probabile
1514 3519 1646 3581 videtur.
1663 3519 1865 3582 Probabitius

161 3608 268 3662 autem
284 3609 330 3662 est
344 3602 422 3662 illud
439 3600 661 3680 composuisse,
674 3599 724 3661 vel
735 3618 805 3661 cum
820 3599 924 3661 adhuc
940 3601 997 3662 sub
1012 3607 1122 3663 sancto
1138 3600 1420 3679 HugoucCluniaci
1435 3600 1675 3674 moreretar‚eel
1686 3619 1759 3662 cnm
1769 3599 1863 3662 scho-

159 3680 280 3741 liareha
294 3684 537 3742 Cenomanensis
551 3680 681 3742 effectus
700 3686 757 3754 est,
773 3685 837 3742 tum
857 3699 928 3742 cnm
943 3681 1033 3744 illum
1054 3682 1187 3743 multum
1203 3682 1362 3755 intererat,
1380 3691 1413 3742 ut
1428 3681 1468 3742 ab
1483 3681 1642 3743 erroribus
1656 3681 1851 3761 Berengarii,

158 3758 248 3837 cajus
259 3761 291 3820 in
302 3760 541 3821 humanioribus
556 3760 802 3834 auditorluerat,
814 3761 986 3823 immunem
1000 3762 1128 3825 omnino
1143 3779 1176 3823 se
1186 3766 1395 3841 prestaretet
1405 3761 1522 3843 scripto
1532 3762 1626 3823 etiam
1638 3762 1766 3843 publico
1777 3780 1851 3844 pro·

156 3838 246 3899 beret
258 3856 265 3912 ;
278 3843 362 3918 quud
374 3848 405 3901 et
415 3841 539 3901 duobus
549 3842 1002 3920 precedentibustractatibus,
1014 3843 1212 3922 etpraesenti,
1224 3842 1489 3923 subsequentique
1505 3847 1649 3923 poemate
1661 3843 1774 3905 eilecit.
1788 3848 1851 3906 Ce-

156 3924 269 3991 terum,
283 3939 354 3981 cnm
371 3941 427 3982 nec
436 3922 563 3982 illorum
574 3923 737 3984 titulorum
750 3923 956 4002 varietas,nec
968 3923 1117 4003 temporis
1127 3922 1286 4003 periodus,
1300 3941 1363 4002 qua
1372 3923 1428 3984 ills
1439 3924 1547 3998 edidit,
1560 3922 1666 4003 magni
1677 3924 1718 3985 sit
1727 3923 1768 3985 ad
1780 3943 1847 3986 rem

133 4079 135 4083 Ι
155 4001 398 4062 momentinihil
410 4002 449 4062 sd
462 4002 542 4061 hanc
553 4003 778 4064 discussionem
792 4005 951 4065 lectorem
965 4003 1170 4080 morabimur,
1182 4003 1211 4063 id
1224 4003 1326 4064 solum
1336 4010 1499 4065 mouentes
1509 4005 1593 4083 qaod
1606 4005 1667 4066 boc
1720 4023 1794 4068 ema
1808 4007 1847 4067 ad

153 4098 207 4140 sex
224 4084 453 4162 manuscriptos
467 4083 595 4162 uptimae
607 4091 687 4145 notae
699 4084 821 4144 codices
837 4085 1023 4146 recensitum
1039 4092 1069 4147 et
1085 4085 1298 4157 emendatum,
1310 4089 1342 4145 et
1352 4084 1581 4164 quinquaginta
1595 4086 1676 4148 versi
1700 4105 1846 4148 asema-

151 4163 329 4241 nuscriptos
339 4164 466 4242 optimae
477 4171 560 4226 notae
572 4165 694 4225 codices
704 4165 888 4225 recensitum
900 4171 930 4226 st
941 4165 1154 4240 emendatum,
1167 4171 1198 4227 et
1209 4165 1440 4244 quinquaginta
1448 4165 1590 4228 versibus
1599 4184 1617 4228 e
1627 4167 1845 4248 manuscripto

151 4243 411 4306 Colbertin0610t
422 4244 1844 4327 auctumdamna,quorlquesummariaineditionibuspluribus,etiunovaipsaLugdunensi

149 4325 351 4397 omissa‚etin
362 4326 499 4388 editione
510 4326 763 4398 Parisieusi,utin
778 4327 992 4406 manuscripto
1010 4325 1117 4388 codice
1133 4325 1314 4387 Ebroiceusi
1330 4332 1439 4388 notata
1454 4327 1843 4392 duximusbicinsereuda.

148 4406 247 4466 Porro
258 4406 287 4465 iu
299 4408 513 4486 manuscripto
523 4406 1072 4488 Majoris·Monasterii‚num.ltidsie
1083 4425 1138 4486 pro
1150 4405 1398 4469 titulohabetur;
1407 4406 1845 4493 Libellusmetricecnrnporitre

147 4483 249 4546 domni
258 4485 429 4550 Hildeberrt
440 4488 669 4552 Cenomanensis
678 4488 817 4569 episcopi,
828 4487 864 4549 de
873 4486 1031 4551 concordie
1042 4487 1147 4549 ceteris
1159 4505 1195 4549 uc
1208 4487 1280 4549 novi
1290 4487 1555 4568 sacrifieiidr‘vini.
1565 4489 1688 4585 incipit.
1701 4492 1842 4555 Deinde:

205 4566 323 4628 Fratris
337 4570 422 4631 Petri
445 4570 596 4631 Paillerdi
610 4568 673 4649 (et)
689 4569 945 4710 Cenomeuepsis,
961 4569 994 4630 iu
1017 4568 1223 4633 Concordiam
1240 4568 1354 4630 veteris
1369 4587 1405 4630 ac
1420 4570 1492 4631 novi
1507 4570 1651 4633 sacrificii
1666 4571 1778 4647 divini,

849 4667 984 4729 aegium
999 4667 1137 4713 carmen.

482 4730 682 4793 Hildebertus
695 4730 784 4792 adest
797 4732 1008 4806 Cenomanos,
1021 4731 1157 4812 perlege,
1174 4730 1282 4804 lector,

521 4812 587 4872 Hoc
603 4829 682 4891 opus
695 4811 834 4891 ingenio,
850 4811 990 4874 moribus
1004 4811 1166 4874 eximium.

480 4889 619 4952 Moribus
633 4892 782 4953 eximium
796 4892 906 4955 deerat
919 4892 1097 4955 meminisse
1111 4892 1253 4955 libellum

520 4972 588 5042 Ouo
601 4969 717 5031 Christi
731 4990 829 5034 coenae
845 4974 977 5054 mystica
989 4980 1098 5036 macta
1111 4974 1208 5053 leges.

480 5050 611 5128 Mystica
625 5058 733 5113 sancta
748 5054 845 5133 leges,
860 5054 998 5130 missum,
1015 5055 1168 5117 solemnia
1182 5058 1267 5124 vote,

518 5131 574 5190 llic
589 5133 698 5192 credas
711 5151 818 5195 verum
832 5153 956 5216 semper
970 5135 1078 5199 adesse
1092 5139 1202 5199 Deum.

474 5208 603 5290 Semper
618 5213 727 5276 adesse
742 5217 840 5277 Deum
855 5234 980 5278 summa
993 5223 1041 5279 est
1054 5216 1233 5291 clementia,
1249 5214 1346 5277 caelos

516 5292 709 5356 Christicolis
723 5297 844 5360 confert
859 5296 961 5359 hostia
975 5314 1065 5360 sacre
1079 5298 1154 5359 suis.

274 5376 452 5434 mm
467 5372 578 5434 Hostia
593 5392 682 5437 saera
697 5376 760 5437 suis
774 5378 869 5438 vitum
888 5383 1022 5457 prestere
1037 5396 1206 5459 supernam

511 5456 567 5516 Est
581 5456 675 5535 potis,
693 5456 776 5518 hanc
791 5459 914 5527 veniam
929 5457 1088 5539 poscimus
1103 5466 1177 5521 ante
1192 5461 1304 5521 Deum.

472 5536 638 5598 Poscimus
653 5545 726 5599 ante
743 5541 841 5599 Deum
856 5539 994 5618 pellatur
1007 5545 1043 5602 ut
1057 5540 1186 5603 horrida
1202 5536 1301 5610 tabes,

514 5617 599 5688 Quas
613 5635 712 5696 genus
726 5616 902 5681 humanum
917 5617 1045 5696 labitur,
1061 5625 1157 5701 etque
1171 5619 1267 5682 cadit.

472 5695 616 5773 Labitur,
631 5701 729 5778 atqua
743 5698 828 5761 cedit
843 5704 1002 5782 peccator,
1014 5699 1119 5783 justas
1132 5700 1251 5781 abique
