3802 6030
154 206 216 271 otti
636 199 723 264 tun.
746 196 983 263 attenuabit
1004 196 1204 265 certonia.
1228 203 1351 269 misc.
1802 218 1864 278 epo

151 343 220 417 quia
232 342 344 398 levante
355 344 450 411 liepse
466 355 569 396 manus
582 353 668 410 super
682 336 805 408 lapidem
833 334 976 414 adjutorii,
992 337 1020 404 Α
1035 342 1091 392 tem
1107 344 1273 408 potestatem
1290 358 1436 415 maenam,
1458 354 1485 403 ει
1509 354 1584 405 terra
1605 350 1770 408 illuminata
1794 360 1869 410 osta

150 433 284 492 vincebat
299 431 429 488 Amalech
446 430 566 501 populus
581 433 639 493 liei,
655 426 978 498 cumaerodeponebat,
1034 426 1126 492 pieria
1148 430 1221 499 eius,
1249 438 1278 489 et
1302 434 1477 493 exclamavit
1500 439 1529 494 in
1554 439 1729 508 lentitudine,
1746 442 1867 499 diceus:

153 522 320 581 vincebatur
335 520 515 591 (Excitavit,
531 517 584 591 li).
600 518 733 574 letemus
749 519 909 588 ergocordu
926 530 977 571 no·
1032 517 1143 573 Cecidit
1170 519 1298 592 babylon
1323 541 1433 598 magna
1457 529 1555 601 (Apes.
1577 546 1658 598 itaut,
1676 531 1712 604 i).
1731 553 1744 581 a
1759 531 1810 588 ilic
1825 540 1867 588 est

150 621 208 669 stra
223 627 287 668 curn
306 609 440 665 arantibus
452 611 486 664 ad
505 608 655 665 borarirmm
678 608 706 663 in
723 606 838 672 eoelum,
854 609 977 669 absupe-
1032 604 1160 677 Angelus
1177 610 1328 685 utriusque
1352 622 1514 673 testamenti
1529 628 1607 674 aeter
1631 619 1664 690 [i.
1680 621 1800 691 auctori,
1816 618 1865 691 qui

148 701 278 757 rabimus
293 699 442 768 Amalech,
459 701 485 753 iri
498 703 542 755 est
553 699 709 767 demones,
725 697 894 767 sangttiuem
905 708 978 750 mor·
1032 691 1068 747 da
1081 697 1242 766 aequalitate
1257 709 1285 756 et
1299 702 1497 762 invisibilitate
1512 718 1637 778 paterere
1650 710 1801 779 maiestatis
1815 710 1866 766 de.

148 793 186 848 tis
200 799 304 849 nostrae
319 790 456 846 sitientes.
475 789 609 845 Paromus
624 804 674 844 uos
691 788 767 858 ipsos
783 785 933 856 templum,
950 787 977 839 et
1031 785 1154 853 scandit,
1170 788 1296 859 seipsum
1312 793 1503 851 exinaniendo
1529 797 1728 868 assumptione
1753 798 1865 855 servilis

147 876 976 946 domumbomine,nenobisdieaturquodperbggaeum
1031 870 1139 930 formas.
1175 875 1380 939 Verumtamen
1412 890 1577 955 potestatem
1612 902 1755 960 magnam,
1780 903 1865 959 quarn

147 970 312 1041 prophetam
325 969 464 1025 liominus
474 969 648 1038 improperat
661 965 842 1035 delinquenti
856 960 972 1039 populo²
1032 960 1104 1017 Patri
1113 965 1252 1035 aqualem
1266 968 1405 1039 babebat,
1421 988 1477 1029 nott
1489 973 1618 1030 adiment
1635 975 1668 1046 [s.
1686 992 1742 1032 non
1757 973 1864 1046 amisit]

73 1108 76 1113 .
144 1059 469 1133 Pepninsistedicrtza
497 1056 629 1113 Nondum
655 1054 976 1122 aenittempusdomus
1029 1058 1158 1122 interra,
1176 1054 1261 1112 idest
1293 1058 1434 1129 Ecclesia,
1459 1078 1531 1133 que,
1556 1073 1667 1135 recepto
1687 1066 1805 1132 semiue,
1823 1064 1865 1119 sp.

146 1150 259 1207 bomini
274 1149 451 1206 calificandae
465 1149 542 1219 (App.
560 1147 613 1220 ad)
628 1165 635 1215 ;
653 1170 664 1200 s
684 1150 718 1200 Ei
732 1146 807 1215 quod
823 1143 863 1199 eis
877 1142 975 1198 Domi·
1029 1139 1069 1194 cii
1083 1139 1208 1200 iructum
1224 1146 1412 1220 tricesimum,
1433 1153 1652 1223 sexagesimum,
1663 1156 1862 1209 centesimam.

145 1255 201 1297 nus
215 1240 413 1296 comminatur
429 1254 478 1309 per
493 1242 636 1304 eumdem,
652 1236 772 1292 dicens:
786 1256 800 1284 «
818 1232 973 1303 iiaspexisti
1029 1227 1193 1287 illuminata
1208 1241 1259 1302 est,
1277 1236 1367 1306 pulsis
1383 1239 1508 1295 tenebris
1532 1240 1663 1298 tiliorum
1679 1251 1707 1298 ει
1730 1243 1864 1313 ignoran-

145 1330 181 1387 ad
193 1327 328 1402 amplius,
344 1331 373 1386 ei
397 1341 464 1384 ecce
490 1326 596 1382 laetum
611 1333 653 1383 est
673 1326 779 1393 minus,
796 1331 821 1380 ει
836 1319 974 1379 intulistis
1028 1313 1085 1386 tiae,
1100 1320 1215 1391 agioria
1230 1324 1304 1393 ejus,
1320 1326 1347 1381 id
1363 1334 1404 1382 est
1420 1345 1436 1383 a
1451 1329 1585 1385 doctrina
1617 1332 1689 1400 ejus,
1716 1340 1742 1386 et
1765 1330 1863 1408 gratia,

144 1420 175 1479 iu
189 1421 318 1490 domum,
333 1424 361 1477 et
376 1416 534 1476 exsuiilasti
556 1416 638 1486 iilud,
654 1431 737 1488 quam
748 1413 785 1471 ob
799 1428 915 1470 causam
930 1411 973 1467 di·
1028 1414 1056 1463 ei
1070 1410 1210 1481 exempto.
1226 1412 1281 1469 iiie
1295 1418 1337 1470 esi
1351 1416 1430 1473 enim
1444 1418 1581 1475 [lominus
1606 1418 1666 1488 lile,
1677 1436 1761 1492 quem
1778 1419 1865 1476 isaias

144 1510 184 1567 cit
207 1509 358 1579 Dominus,
379 1508 444 1581 quia
464 1507 566 1564 domus
591 1521 653 1563 mea
678 1505 788 1562 deserta
814 1507 868 1570 esi,
882 1509 909 1558 ει
924 1516 974 1557 vos
1027 1496 1096 1553 vidit
1106 1499 1265 1568 sedentem,
1277 1508 1305 1559 ei
1313 1510 1491 1576 regnantem,
1505 1524 1563 1564 non
1577 1509 1660 1565 modo
1672 1509 1701 1564 in
1714 1508 1862 1578 omnibus,

143 1598 298 1657 festinastis
312 1598 508 1669 unusquisqne
519 1596 549 1652 in
565 1595 681 1652 domurn
704 1610 785 1651 suain
813 1590 891 1664 (ibid.
905 1590 942 1662 9).
955 1611 969 1640 a
1027 1587 1073 1643 sed
1084 1588 1169 1645 etiarn
1180 1606 1306 1662 superse
1317 1594 1473 1653 exaltatum
1493 1602 1525 1653 et
1546 1596 1697 1667 clevatum,
1710 1599 1820 1655 scilieet
1831 1599 1862 1655 in

180 1687 336 1755 Attendite,
352 1686 465 1754 iratres,
481 1684 633 1756 diligenter
656 1698 742 1757 quem
768 1681 891 1754 grauiter
906 1695 970 1751 per·
991 1676 1149 1767 Bangeiis,
1165 1679 1195 1736 in
1211 1681 1314 1752 quibus
1327 1685 1417 1752 sedet,
1429 1692 1458 1741 et
1474 1703 1523 1758 per
1539 1702 1610 1757 quos
1630 1688 1737 1758 judicia
1748 1704 1799 1744 sua
1815 1689 1865 1744 de·

144 1778 289 1836 ealluntur
303 1794 321 1833 a
336 1777 465 1842 Domino,
481 1776 528 1847 qui
544 1775 660 1831 domum
671 1789 752 1830 suam
781 1774 920 1828 desertam
937 1770 977 1824 ia·
1033 1768 1292 1842 cornit,qnimuito
1306 1774 1439 1832 celsiores
1449 1785 1517 1833 sunt
1530 1777 1704 1851 bominibus,
1716 1795 1803 1849 super
1813 1794 1863 1835 eos

145 1867 238 1936 ciunt,
257 1865 424 1922 festinantes
443 1864 474 1921 iu
499 1865 626 1935 proprias
645 1865 759 1919 domos,
783 1865 887 1917 bomos
911 1872 978 1913 sues
1032 1855 1132 1913 elevati
1156 1861 1314 1918 eminentia
1339 1863 1496 1934 dignitatis.
1524 1867 1558 1922 Et
1581 1865 1666 1938 plene
1682 1876 1740 1924 erat
1755 1867 1861 1924 domna

144 1955 299 2022 edilicant,
315 1953 362 2026 qui
376 1958 486 2010 tumore
502 1952 608 2009 mentis
623 1952 724 2020 iniisti,
741 1952 776 2007 da
794 1949 853 2005 suis
869 1946 977 2004 meritis
1032 1947 1103 2016 ejus,
1121 1947 1205 2004 idest
1222 1950 1358 2011 Ecclesia.
1374 1953 1439 2010 ilaec
1451 1961 1493 2011 est
1517 1956 1619 2013 domus
1640 1973 1722 2029 quam
1746 1957 1860 2029 sapiens

144 2048 335 2117 presumunt,
351 2043 469 2114 pralium
483 2041 664 2113 uincientes,
678 2056 728 2111 per
739 2040 813 2111 quod
826 2040 898 2094 liunt
912 2037 978 2092 alie-
1033 2034 1136 2092 mulier
1149 2039 1280 2101 edificat,
1297 2040 1437 2113 insipiens
1449 2045 1598 2116 dissipate
1621 2047 1769 2118 majestate
1786 2048 1859 2116 ejus,

144 2133 175 2190 nl
188 2150 206 2189 a
220 2134 305 2190 domo
320 2132 370 2189 Dei
385 2148 392 2188 :
409 2134 574 2188 deserentur
585 2132 662 2187 enim
676 2148 692 2186 a
705 2130 763 2187 Deo
780 2146 861 2185 mens
872 2137 899 2185 ει
913 2142 978 2187 εοιι.
1032 2123 1058 2179 id
1075 2132 1118 2181 est
1132 2124 1242 2185 lumine
1267 2132 1364 2200 gratie
1388 2131 1459 2203 ejus.
1486 2135 1548 2205 ipsa
1572 2135 1649 2191 enim
1675 2147 1715 2192 esp
1732 2137 1777 2192 tu,
1794 2153 1858 2192 pm

144 2223 265 2280 scientia
280 2238 390 2290 eorum,
407 2228 437 2277 ut
452 2223 510 2292 iarn
526 2237 583 2277 non
599 2221 739 2290 templum
763 2217 825 2286 Dei,
844 2234 902 2274 non
918 2233 978 2273 ura·
1031 2228 1092 2284 que
1110 2213 1252 2272 illuminat
1269 2235 1383 2276 omnem
1398 2222 1544 2279 bominem
1556 2225 1717 2281 venientem
1733 2224 1762 2280 in
1781 2225 1858 2281 bunc

143 2311 234 2368 tionis
248 2313 360 2376 domus,
385 2312 432 2366 seri
455 2311 592 2377 spelunca
623 2310 764 2364 latronum
790 2307 975 2367 reclametur:
1031 2303 1171 2359 mundum
1185 2322 1192 2373 ;
1208 2307 1242 2361 de
1258 2323 1312 2377 que
1327 2308 1443 2366 Simeon
1468 2310 1518 2368 ilie
1542 2329 1628 2369 senex
1643 2316 1700 2372 ait:
1718 2338 1731 2364 ι
1751 2315 1858 2371 iumen

145 2397 480 2456 ubiuonitabetlecum
498 2396 835 2462 Dortiinatoritomittus,
862 2396 977 2465 quiper
1030 2394 1063 2444 ad
1090 2394 1288 2450 revelationem
1311 2397 1449 2468 gentium,
1475 2404 1504 2456 ei
1535 2403 1653 2472 gloriam
1680 2403 1770 2474 piebis
1805 2411 1859 2458 tuae

146 2487 249 2544 isaiam
265 2489 323 2544 aii:
340 2509 354 2537 a
367 2490 405 2542 rid
432 2504 514 2558 quem
539 2503 700 2557 respiciam,
728 2487 783 2541 nisi
808 2487 841 2541 ad
859 2499 976 2554 pauper·
1032 2479 1116 2534 lsrael
1133 2482 1208 2548 (Luc.
1225 2498 1255 2547 rr,
1272 2483 1328 2555 32).
1347 2508 1358 2535 a
1376 2486 1490 2543 Simeon
1510 2490 1558 2545 iile
1573 2490 1657 2546 bouto
1674 2491 1763 2562 justus
1779 2499 1805 2547 aa
1823 2492 1858 2547 ιῑ.

145 2578 253 2645 cuium,
271 2589 296 2633 et
312 2576 468 2635 contritum
484 2576 598 2646 spiritu,
615 2585 640 2631 et
651 2584 819 2632 trementem
829 2584 976 2629 sermones
1030 2577 1166 2636 moratus,
1183 2571 1361 2643 quicupiens
1372 2577 1466 2631 videre
1479 2579 1553 2633 diem
1567 2580 1689 2647 bomini,
1708 2601 1722 2630 a
1739 2597 1858 2650 respon-

142 2682 223 2724 meos
241 2667 307 2738 (iso.
325 2682 395 2731 uiri.
409 2666 448 2735 li.
475 2687 490 2715 »
519 2664 646 2721 llumiiia
662 2667 739 2721 enirn
760 2664 874 2735 respicit
892 2664 974 2728 Dens,
1029 2673 1092 2713 sunt
1104 2669 1279 2729 acceperatis
1294 2662 1397 2731 Spiritu
1414 2672 1512 2721 sancto
1528 2683 1584 2722 non
1598 2668 1724 2725 visurum
1736 2686 1764 2724 se
1781 2685 1858 2723 mor.

144 2759 174 2814 et
187 2756 219 2814 iu
236 2755 392 2813 humilibus
408 2754 534 2811 habitat:
550 2754 608 2809 alta
626 2769 693 2809 vero
708 2753 743 2808 de
759 2752 845 2823 longe
866 2767 973 2823 eogno-
1029 2753 1097 2813 tem,
1113 2747 1167 2802 nisi
1183 2748 1291 2805 videret
1305 2751 1446 2808 Christum
1465 2755 1576 2811 Domini
1600 2755 1678 2826 (ibid.
1704 2758 1759 2827 26).
1778 2780 1791 2807 »
1804 2758 1858 2814 va.

144 2845 209 2917 ιείι,
225 2845 254 2902 id
269 2853 313 2903 esi
327 2844 475 2917 superbos,
499 2859 571 2914 quos
592 2841 668 2899 videi
692 2857 742 2913 per
767 2841 908 2909 notitiam,
925 2840 973 2896 sed
1029 2836 1215 2908 niensiteque
1228 2837 1256 2893 in
1268 2839 1406 2911 templum
1419 2842 1447 2898 itt
1459 2844 1571 2913 spiritu,
1584 2846 1759 2917 promissum
1775 2863 1857 2903 acce·

144 2950 204 2992 nou
230 2935 349 3008 respicii
374 2950 424 3007 per
449 2934 579 3005 gratiam.
606 2930 727 3003 Superbi
752 2931 838 3003 ipitur
851 2938 877 2987 ει
888 2945 972 2987 aare·
1028 2932 1137 2996 ptores,
1155 2925 1222 2981 ridit
1238 2929 1312 2998 qued
1326 2929 1516 3002 desiderabat,
1527 2935 1637 3006 accepit
1647 2952 1711 2992 eum
1725 2937 1754 2991 iu
1771 2936 1856 2993 ulnas

144 3027 258 3097 sanies,
275 3024 323 3096 qui
338 3022 442 3097 [iilam]
457 3039 516 3079 non
535 3029 712 3090 meruerunt,
738 3021 773 3078 ad
788 3020 912 3093 amplius
927 3034 972 3076 re·
1027 3030 1104 3081 suns,
1120 3022 1204 3086 atque
1218 3018 1337 3087 portarit
1352 3034 1435 3089 quem
1450 3022 1573 3091 amabat,
1599 3025 1697 3082 dicens
1716 3042 1723 3080 ι
1740 3048 1753 3075 «
1773 3024 1855 3083 Nunc

143 3112 280 3185 spiciunt,
295 3111 473 3170 ambulantes
487 3111 517 3166 iu
529 3110 641 3181 magnis
655 3116 682 3166 et
694 3108 874 3166 mirabilibus
888 3124 973 3181 super
1026 3103 1135 3160 scilicet
1150 3105 1417 3180 visoiiedempture)
1426 3109 1548 3167 dimittis
1559 3129 1672 3170 servum
1684 3119 1776 3186 tunm,
1789 3115 1850 3171 bo-

145 3217 196 3271 se;
211 3203 261 3260 sed
277 3198 523 3268 lieoexauillante,
540 3200 636 3256 minus
647 3197 677 3254 bt
693 3198 775 3265 iliud,
791 3205 818 3254 ει
833 3198 902 3271 quia
917 3196 972 3253 sibi
1026 3194 1105 3250 mine
1119 3192 1198 3266 (ibid.
1209 3194 1266 3268 29),
1285 3219 1296 3248 ι
1314 3196 1350 3251 ad
1365 3205 1483 3255 mortem
1499 3203 1605 3269 earnis,
1617 3219 1714 3275 quem,
1728 3212 1757 3259 ut
1773 3214 1799 3261 te
1815 3206 1854 3262 si·

143 3292 294 3353 temerarie
316 3292 539 3363 spoponderunt,
557 3289 677 3345 minime
705 3290 972 3359 essecommoda·
1027 3284 1135 3359 durem,
1152 3288 1294 3345 retinebas
1308 3289 1338 3346 iu
1364 3292 1420 3347 vita
1432 3309 1439 3360 ;
1451 3300 1477 3350 ει
1498 3294 1553 3352 bne
1571 3300 1720 3353 secandum
1738 3299 1849 3354 aer-bam

143 3400 260 3444 neamus
276 3383 361 3453 igitur
385 3397 421 3438 ne
448 3381 540 3436 instar
566 3378 676 3446 talium,
702 3380 820 3434 donnum
845 3377 894 3433 liei
921 3378 973 3433 de·
1026 3384 1103 3432 tuum
1117 3376 1219 3449 (tottii,
1235 3378 1262 3433 id
1280 3386 1332 3449 esi,
1349 3382 1568 3450 promissionem
1587 3392 1675 3455 luam,
1691 3389 1853 3443 ‹limittisut

143 3483 250 3534 aeriam
268 3473 406 3531 iaciamus
434 3471 464 3526 in
490 3469 582 3538 nubis,
607 3469 809 3526 contristantes
835 3467 972 3539 Spiritum
1026 3465 1207 3523 notauitteam
1225 3476 1342 3524 mortem
1368 3479 1543 3542 perpetuam,
1569 3476 1634 3544 quia
1658 3476 1739 3533 vine„
1766 3478 1852 3533 pipam

142 3573 275 3622 sunctum
293 3563 352 3628 liei,
369 3560 416 3633 qui
433 3568 568 3630 tanquam
584 3557 761 3613 inhabitator
787 3559 845 3612 veri
862 3558 970 3627 templi,
1026 3562 1171 3609 eternam.
1183 3577 1197 3604 a
1211 3555 1242 3611 ln
1254 3573 1321 3627 pace
1332 3573 1397 3629 ergo
1409 3561 1538 3632 simplis,
1552 3564 1620 3633 quia
1634 3564 1765 3621 ,Merum
1776 3567 1853 3624 oculi

143 3653 221 3713 m
237 3653 272 3709 ab
286 3649 420 3722 Apostolo
436 3646 598 3705 contristari
618 3645 735 3714 dicitnr,
746 3662 810 3703 cum
826 3645 862 3701 ob
888 3647 970 3702 iaedi·
1025 3645 1083 3699 mei
1094 3646 1217 3701 salutare
1229 3652 1318 3717 tuum,
1330 3648 1403 3718 quoti
1415 3653 1518 3720 parasti
1530 3661 1595 3709 anie
1606 3653 1708 3710 saepem
1722 3656 1852 3712 omnium

143 3751 230 3802 tatem
246 3738 428 3798 conscientiae
443 3743 525 3808 atque
540 3735 635 3808 operis
650 3738 750 3803 nostri,
765 3753 781 3792 a
795 3735 876 3791 nobis
892 3751 970 3793 rece·
1026 3734 1206 3808 populorum,
1223 3736 1321 3793 iumen
1347 3739 1381 3793 ed
1410 3742 1610 3798 revelationem
1626 3747 1753 3815 gentium
1771 3746 1851 3816 (ibid.

145 3834 195 3891 dit.
212 3834 264 3890 Sed
280 3832 453 3887 adornemus
469 3828 629 3885 thalamum
645 3827 748 3883 montis
769 3827 886 3886 cortinis
910 3827 969 3899 pia·
1024 3824 1081 3896 32).
1108 3846 1122 3875 a
1147 3825 1219 3882 Ecee
1243 3826 1368 3898 Angeias
1392 3830 1516 3897 consilii,
1540 3832 1568 3886 id
1595 3842 1637 3889 est
1662 3833 1801 3905 Christus,
1825 3844 1853 3892 et

143 3916 573 3991 rumcopitationumatpailiis
597 3920 969 3986 sanctorumactuumco·
1024 3914 1148 3970 salutare
1173 3918 1217 3971 est
1242 3922 1269 3971 ει
1293 3914 1408 3973 lumen:
1434 3917 1495 3989 ipse
1519 3922 1596 3977 enim
1621 3925 1762 3980 Dominus
1793 3925 1853 3980 sai-

145 4026 205 4068 ram
220 4006 385 4065 bominibus
400 4004 616 4076 refulgentium,
639 4013 668 4061 ut
682 4003 843 4076 glorificent
857 4002 970 4062 Patrem
1023 4019 1104 4070 rans,
1119 4011 1147 4060 ει
1162 4003 1208 4060 lux
1225 4003 1403 4063 illuminans.
1427 4009 1483 4065 iloc
1508 4009 1606 4067 iumen
1621 4014 1789 4083 grandevus
1803 4016 1852 4074 ilie

144 4098 362 4171 [nostrum]qui
390 4097 420 4154 in
449 4095 530 4152 cteiis
552 4101 605 4164 est,
630 4099 661 4150 ut
681 4092 711 4150 in
737 4095 842 4150 mantis
867 4103 970 4152 nostre
1023 4093 1098 4151 titt
1125 4093 1242 4150 Simeon
1266 4095 1296 4151 in
1322 4095 1399 4152 ulnis
1426 4100 1485 4154 suia
1516 4103 1645 4171 gestarit.
1672 4104 1752 4161 Unde
1778 4105 1853 4161 hane

144 4187 288 4254 cubiculo,
305 4194 441 4257 tanquam
455 4186 484 4240 in
500 4183 722 4245 deeoredomus.
747 4188 776 4238 et
796 4184 825 4239 in
842 4183 904 4240 ioco
919 4184 969 4240 ha·
1023 4184 1261 4240 consuetudinem
1286 4186 1375 4241 sancti
1409 4190 1507 4244 Patres
1532 4200 1697 4263 sanxerunt,
1728 4200 1758 4250 ut
1792 4192 1852 4267 [aa]

144 4280 288 4338 bitationis
302 4277 400 4351 gloriae
416 4275 477 4341 Dei,
494 4274 673 4330 mansionem
694 4273 780 4329 iaciat
808 4274 971 4331 ilenriuator
1023 4270 1200 4329 testivitatem
1233 4272 1397 4330 hodiernam
1430 4274 1527 4333 iumen
1564 4280 1696 4337 manibus
1724 4282 1854 4353 deportet

143 4362 710 4435 Dorulaus,etinpelusmaenieonsibi,
725 4362 762 4418 de
776 4378 832 4434 quo
847 4365 970 4420 loannes
1023 4368 1120 4417 sancta
1143 4360 1272 4416 Ecclesia
1295 4363 1363 4432 (l2),
1387 4362 1418 4419 in
1443 4380 1508 4420 cera
1530 4366 1600 4423 iilud
1627 4384 1726 4427 aeram
1751 4369 1851 4426 tumen

144 4460 200 4518 ait:
219 4482 233 4511 a
250 4460 314 4515 Vidi
330 4453 745 4530 Angelumtieseendentemde
759 4452 842 4523 coeio,
857 4453 960 4509 baben·
981 4442 1184 4523 Dsiguitieans
1202 4472 1216 4500 a
1242 4451 1315 4522 quoti
1341 4454 1451 4524 paravit
1478 4457 1552 4513 tipus
1571 4458 1606 4512 ,p
1645 4461 1850 4517 memnonem

181 4600 237 4672 (l2)
259 4603 407 4656 citreorum
428 4599 457 4652 in
483 4595 615 4652 inertibus
643 4594 814 4650 delationem
842 4595 966 4662 peranti-
1021 4596 1116 4651 batur.
1134 4593 1163 4648 ld
1179 4593 1264 4648 etiam
1281 4593 1372 4649 innuit
1399 4597 1469 4652 ritus
1495 4614 1551 4668 quo
1577 4601 1644 4655 oiirn
1663 4602 1757 4657 iiomae
1772 4603 1849 4660 eele-

145 4687 230 4744 qunm
249 4672 335 4726 tatae
351 4671 482 4739 pluribus
500 4669 596 4724 liceret
613 4667 742 4737 probare,
769 4668 842 4736 quod
861 4668 906 4723 bre
922 4673 967 4722 itt·
1020 4669 1155 4723 brabatur
1171 4665 1230 4719 itaec
1246 4666 1425 4736 supplicatio,
1441 4672 1476 4725 ati
1493 4687 1577 4742 quam
1593 4673 1648 4741 ipsi
1667 4690 1849 4744 sumrttrpan.

144 4746 213 4798 serit
229 4742 416 4806 illiricianus,
428 4743 475 4811 qui
487 4742 591 4795 sacculo
602 4739 880 4809 undecitttodegeus,
893 4738 966 4795 banc
1021 4740 1120 4807 tiiiees,
1137 4738 1295 4792 cardinales
1310 4746 1337 4793 et
1353 4740 1472 4810 prelati,
1500 4745 1626 4813 adeoque
1649 4746 1742 4800 clerus
1757 4758 1783 4802 et
1802 4765 1848 4815 pe·

143 4814 231 4887 jaina
255 4813 389 4868 Patribus
410 4815 550 4866 sancitam
570 4813 656 4865 inisse
683 4810 794 4873 asserii,
820 4812 887 4865 dnm
903 4812 967 4880 ejus
1020 4811 1116 4882 puiuo.
1133 4809 1248 4864 nonnisi
1261 4809 1346 4865 nudis
1357 4812 1476 4881 pedibus
1489 4815 1691 4882 procedebant.
1705 4817 1768 4874 Non
1780 4818 1848 4874 eiiu-

146 4889 310 4954 mysterium
340 4884 470 4955 explicat.
493 4882 557 4938 ttae
587 4897 669 4951 porro
706 4879 857 4951 processio,
880 4897 966 4953 qrram
1019 4883 1060 4953 git
1077 4881 1123 4937 bic
1139 4879 1319 4949 nudipebaiis
1342 4884 1413 4938 ritus
1438 4891 1566 4941 nostrum
1595 4887 1778 4957 Menenium,
1796 4891 1846 4960 qni

142 4955 498 5022 Justitrianusimperator,
523 4957 624 5009 nonin
656 4951 783 5008 Ecclesia
799 4954 919 5021 primus,
937 4961 967 5009 ut
1018 4969 1084 5010 eum
1110 4953 1139 5008 in
1164 4955 1284 5007 tractatu
1312 4951 1352 5008 lie
1376 4954 1481 5011 divinis
1506 4956 1618 5022 ciliciis,
1644 4976 1707 5030 cap.
1734 4962 1776 5025 15,
1796 4961 1845 5018 ubi

164 5029 260 5083 uidam
275 5027 384 5100 opinati
399 5035 475 5091 sunt,
493 5025 541 5080 sed
571 5027 693 5092 primum
717 5024 966 5096 Constantinopoli
1019 5022 1430 5093 agitdeiesioPuriiicatiouis
1458 5029 1546 5084 Beate
1570 5031 1675 5095 bieria,
1690 5047 1723 5087 ει
1739 5030 1848 5090 Ordine

143 5044 205 5155 gari
220 5101 354 5164 tiaererit,
371 5100 433 5154 iicet
452 5095 584 5153 nonnihil
600 5096 702 5150 haireat
717 5096 755 5166 pii
775 5095 854 5150 iilius
868 5096 964 5165 gaudii
1019 5097 1156 5159 Romano,
1173 5096 1276 5151 cencio
1291 5105 1415 5165 auctore,
1432 5113 1494 5169 cap.
1505 5101 1533 5160 2.
1565 5110 1592 5157 et
1606 5118 1638 5157 ei
1654 5102 1758 5158 iacebo
1774 5104 1848 5160 Gna.

142 5186 198 5242 qun
214 5172 311 5227 beatus
326 5187 410 5225 sanes
425 5173 541 5223 Simeon
557 5168 586 5221 in
602 5168 688 5222 atteris
716 5167 794 5234 pueri
814 5169 879 5225 iesu
903 5184 965 5223 am·
1020 5174 1098 5234 tatae,
1112 5182 1174 5234 cap.
1186 5167 1231 5231 78,
1250 5170 1332 5222 reiert
1354 5177 1380 5224 et
1399 5173 1506 5239 probat.
1533 5172 1610 5228 idem
1627 5175 1709 5230 educi
1741 5185 1850 5242 potesta

142 5245 271 5312 pleribus
286 5243 403 5297 allectus
426 5250 478 5300 est.
495 5252 592 5294 lamen
614 5238 812 5306 ptoentiettitnlr's
833 5241 967 5304 alienate·
1019 5241 1142 5307 rituque
1159 5238 1227 5291 elim
1253 5239 1281 5292 in
1308 5240 1414 5311 insigni
1440 5243 1565 5298 Ecclesia
1589 5246 1748 5301 Arelatensi
1771 5248 1847 5306 eele-

141 5330 196 5369 trus¹
212 5318 296 5370 inisse
312 5317 420 5369 otietur.
438 5310 516 5367 Hane
531 5312 606 5364 anim
623 5308 690 5374 inis,
708 5327 755 5364 sen
774 5312 964 5375 tttttntaltinits,
1018 5309 1155 5366 brabaiur
1171 5309 1230 5364 itaec
1246 5316 1400 5381 processio.
1418 5314 1438 5368 ii
1455 5318 1608 5373 ttttnttiieali
1624 5317 1700 5372 euim
1717 5319 1847 5387 ciusdem

138 5384 472 5457 queUrbamrastabat,
491 5386 622 5439 sedanda
645 5395 740 5448 causa,
766 5382 904 5438 celebrari
919 5383 966 5438 de-
1017 5382 1149 5439 Ecclesie
1181 5382 1250 5436 anni
1281 5385 1396 5440 circiter
1426 5386 1490 5452 500,
1525 5390 1730 5461 manuscripto,
1754 5389 1849 5463 liquet

138 5458 225 5515 crevit
240 5458 304 5530 piua
328 5457 377 5514 lile
395 5457 572 5527 imperator;
599 5468 659 5523 que
681 5452 771 5522 pratia
784 5470 801 5508 a
816 5454 871 5510 lieo
894 5454 964 5510 solis
1017 5454 1095 5526 qnod
1112 5454 1142 5509 in
1154 5450 1215 5519 iiia,
1230 5456 1355 5525 exceptis
1371 5456 1483 5514 duobus
1498 5457 1598 5530 pueris
1627 5460 1728 5518 sericis
1749 5465 1851 5535 cappis

140 5527 259 5588 humilis
273 5528 449 5604 penitentie
465 5526 596 5599 operibus
620 5525 766 5595 impetrari
794 5541 877 5596 posse
892 5526 966 5582 rida-
1018 5525 1136 5594 indutis,
1152 5531 1218 5581 ante
1232 5539 1348 5583 erucem
1363 5529 1601 5601 precedentibus,
1613 5536 1689 5590 totus
1700 5531 1808 5605 clerus,
1819 5544 1849 5597 et
