3802 6030
42 243 45 247 ·
99 216 160 279 689
589 213 678 276 VEN.
701 206 939 279 utnnnsssut
960 206 1164 273 cauculo.
1187 210 1310 276 uulso.
1749 214 1817 279 tto

99 347 282 421 desponsatio
296 346 446 420 accipitur,
461 346 504 402 vel
517 345 614 401 matris
626 346 670 405 vel
683 345 734 402 liiii
748 341 921 406 Salomonis,
936 339 964 408 Α
1014 343 1091 400 m
1109 344 1148 400 lix
1172 344 1323 416 superlicio
1343 347 1496 402 verborum
1520 344 1563 403 vel
1594 345 1729 415 historie,
1751 349 1810 407 tria

97 439 218 506 scilicet,
234 437 324 494 activa
340 434 381 491 vel
405 437 523 505 passive.
540 435 630 491 Mater
655 435 685 491 in
701 437 746 492 die
761 433 925 505 conceptio·
979 436 1218 490 commendantur
1237 434 1267 491 in
1284 434 1337 491 hac
1354 434 1483 492 minitere.
1507 434 1603 491 Virtus
1628 437 1811 508 hospitaliis·

100 528 157 596 nis,
190 529 219 584 ld
253 535 293 583 est
336 525 477 593 covvcapit,
518 523 574 581 aaa
617 525 800 594 desponsata.
845 521 926 580 vada
980 521 1026 591 tis,
1042 540 1114 595 opus
1129 525 1254 595 virtutis,
1276 541 1384 583 merces
1403 528 1505 597 operis.
1526 525 1625 583 Virtus
1651 528 1805 600 hospitali·

20 606 24 613 ¹
99 619 238 689 scripturn
249 615 331 671 estin
343 628 474 669 sermone
490 615 634 685 quodam:
649 637 663 665 a
679 615 853 685 Desponsata
863 627 927 668 sum
981 614 1047 669 tatis
1061 616 1288 683 commendatur,
1304 632 1369 673 aura
1385 631 1449 672 eum
1469 631 1564 672 secum
1588 618 1685 674 sedere
1701 621 1803 690 coegit.

105 702 810 772 hominiinDeo,etplacoisumm01leo.vDivina
824 701 927 775 quippe
983 704 1060 775 Opus
1086 705 1209 776 vlrtutis,
1236 721 1301 764 cum
1335 705 1437 763 Elisaeo
1465 708 1601 777 praediatn
1636 711 1813 779 preparavit,

99 796 203 852 virtvte
223 792 300 849 588
316 798 359 848 est
373 793 534 863 fecundata,
552 810 609 850 noo
626 794 754 851 humano
768 809 847 850 more
861 805 926 866 grs-
983 808 1125 863 mensam,
1141 800 1195 852 etc.
1213 795 1321 852 Meroen
1335 795 1442 865 operis,
1458 811 1522 852 cum
1535 797 1598 867 ejus
1613 795 1705 853 lilium
1721 799 1813 856 susci·

99 885 202 941 vidata.
218 885 320 940 Unde:
337 905 351 933 ιι
375 882 440 938 ideo
465 887 493 938 el
507 884 580 953 qvod
601 891 732 941 nascetur
756 884 787 940 in
813 886 842 938 te
856 885 929 938 San·
984 883 1060 939 tavit.
1076 883 1319 942 Commendabilis
1334 894 1378 942 est
1393 885 1481 941 virtus
1506 884 1717 956 hospitalitatis,
1741 903 1810 944 cum

99 981 178 1033 ctum
194 973 342 1032 vocabitur
358 972 448 1029 Filius
460 972 508 1028 oei
524 972 600 1043 (bac.
621 990 642 1042 1,
659 973 716 1046 35).
735 997 745 1026 ι
764 973 869 1029 liudem
884 971 930 1027 dte
983 973 1074 1045 quivis
1089 973 1213 1045 hospitio
1227 975 1401 1048 suscipitur;
1427 975 1474 1030 sed
1498 974 1758 1032 commendabilior
1782 982 1811 1034 et

101 1064 237 1122 Salomon
254 1071 350 1120 noster
371 1061 456 1118 iesvs
480 1061 610 1119 Christus
631 1063 815 1134 desponsavit
831 1061 927 1118 Eccle·
983 1062 1143 1134 gratiosior,
1159 1063 1272 1120 eumad
1290 1064 1505 1135 suscipiendum
1522 1065 1642 1135 cogitur.
1659 1065 1814 1123 Commen-

100 1154 184 1224 siam,
199 1152 362 1222 copulando
377 1149 433 1206 sibi
448 1167 511 1208 earn
528 1168 577 1222 per
603 1157 739 1209 naturam
755 1159 783 1208 et
797 1151 929 1224 gratiam·
984 1153 1065 1209 datur
1085 1154 1115 1209 in
1137 1152 1204 1211 ioth
1231 1154 1320 1210 virtus
1352 1153 1569 1225 hospitalitatis,
1594 1154 1629 1211 de
1642 1169 1696 1227 quo
1708 1153 1816 1226 legitur

31 1246 34 1252 '
102 1247 175 1300 Deus
190 1243 265 1298 enim
284 1240 414 1297 humana
430 1249 536 1297 nature
552 1242 723 1312 conjunctus
745 1243 786 1297 esi
803 1241 834 1296 in
848 1249 929 1295 utero
984 1243 1057 1312 quod
1072 1241 1188 1313 angelos
1202 1243 1317 1315 oppido,
1333 1244 1369 1298 ad
1392 1245 1594 1314 susceptionen
1610 1243 1730 1315 hospitii
1745 1260 1817 1302 coe·

99 1331 244 1405 virginsli,
270 1331 346 1388 vnde
372 1332 508 1401 processit
534 1331 575 1403 [ut
598 1335 728 1403 sponsus]
745 1333 780 1388 de
804 1329 930 1386 thalamo
985 1330 1115 1403 gitlssev.
1141 1332 1209 1403 ιιι).
1235 1331 1458 1389 Commendatnr
1478 1335 1507 1388 et
1530 1332 1560 1388 in
1588 1332 1751 1404 discipulis,
1765 1334 1815 1406 qui

99 1437 150 1479 suo
165 1421 249 1493 (Psoi.
267 1421 358 1490 xvru).
378 1419 526 1475 coronavit
543 1435 607 1476 evm
621 1423 706 1476 etiam
720 1423 812 1475 muter
824 1435 884 1487 aaa,
900 1417 930 1473 id
985 1435 1050 1476 curn
1067 1420 1140 1476 irent
1154 1420 1184 1475 in
1209 1420 1353 1490 Emmaus,
1364 1421 1503 1491 cogebant
1523 1420 1680 1477 Dotvvinum
1693 1437 1813 1480 manere

100 1519 142 1568 est
157 1510 317 1568 honestavit
330 1508 362 1565 iv
375 1508 536 1565 dieloetiticr
547 1508 648 1577 cordis,
665 1509 691 1565 id
707 1515 749 1566 esi
764 1507 930 1574 nativitatis,
985 1524 1051 1566 cum
1068 1508 1110 1565 uis
1126 1510 1203 1579 (ιιι.
1219 1510 1307 1580 xviv).
1324 1509 1380 1565 Cur
1394 1526 1461 1581 ergo
1476 1525 1535 1566 non
1560 1513 1811 1568 commendaretur

102 1601 174 1658 sicut
187 1601 216 1657 id
231 1601 277 1658 dle
291 1600 507 1672 conceptionis;
523 1615 586 1670 qne
600 1599 677 1656 enim
692 1598 755 1654 sine
768 1596 889 1653 libidine
904 1602 931 1652 et
986 1599 1015 1654 in
1042 1599 1233 1671 hospitalitate
1260 1597 1363 1655 mulier
1383 1614 1486 1670 magna
1509 1599 1689 1656 Sunamitis?
1709 1600 1811 1673 hlagna

102 1689 154 1747 viri
169 1705 254 1763 opere
268 1689 411 1761 concepit,
426 1697 595 1759 conceptum
611 1688 697 1745 etiam
712 1687 775 1745 sina
790 1686 887 1743 labore
902 1692 928 1741 et
944 1718 969 1784 B
987 1687 1084 1758 utique
1098 1686 1201 1743 dicitur
1215 1703 1266 1758 pro
1280 1687 1384 1744 virtute
1408 1687 1625 1760 hospitalitatis,
1646 1689 1690 1746 vel
1707 1705 1810 1761 magna

31 1848 37 1859 ⁶
103 1780 201 1837 dolore
215 1779 313 1847 edidit,
330 1781 407 1850 virgo
423 1777 453 1833 in
468 1777 667 1848 concipiendo,
678 1776 756 1849 virgo
772 1776 802 1831 in
814 1773 930 1846 parien-
984 1776 1088 1834 dieitur
1102 1776 1137 1832 ad
1152 1776 1355 1833 differentiam.
1372 1777 1423 1833 list
1442 1777 1521 1833 enim
1545 1777 1703 1835 Sunamitis
1717 1779 1811 1835 modi·

23 1928 26 1933 ,
104 1869 152 1941 do,
176 1885 239 1939 qun
267 1867 365 1925 latitia
393 1883 452 1923 non
478 1865 572 1922 carnis
596 1866 710 1933 dicitur,
735 1865 784 1922 sed
798 1863 885 1930 cordi,
901 1861 929 1918 id
984 1882 1028 1938 cs,
1052 1866 1125 1923 sieut
1148 1865 1305 1923 sunamitis
1330 1882 1443 1938 magns.
1471 1868 1581 1938 Legitur
1614 1868 1664 1940 tiit
1695 1869 1757 1940 lieo.
1792 1869 1813 1941 ri

103 1965 146 2015 est
160 1957 353 2015 discretionis.
369 1957 435 2023 Quae
463 1961 614 2026 alquanta
638 1954 736 2011 letitia
766 1952 817 2010 luit
843 1953 928 2010 matri
985 1957 1061 2014 enim
1086 1957 1159 2028 qnod
1178 1956 1279 2026 David,
1302 1971 1368 2013 cum
1401 1953 1552 2024 senuisset,
1585 1963 1614 2014 et
1636 1975 1693 2016 non
1719 1964 1814 2030 posset

21 2066 24 2071 ·
104 2046 234 2104 edessio
254 2045 346 2103 lucem
376 2045 505 2101 omnium
531 2042 647 2100 lucem!
678 2040 929 2114 Lucem[ter‹¹m·]
983 2045 1120 2115 calefieri,
1150 2047 1269 2119 quaesita
1288 2048 1370 2103 estei
1393 2049 1497 2103 mulier
1522 2046 1691 2114 sunamitis,
1717 2047 1812 2118 puelia

104 2150 165 2209 qne
178 2135 322 2192 illuminat
337 2150 450 2191 omnem
466 2132 613 2189 bominem
628 2132 789 2188 venientem
805 2134 835 2186 in
851 2130 929 2187 hunc
986 2135 1279 2204 modicaduodennis,
1295 2142 1322 2191 ct
1338 2135 1455 2192 inventa
1471 2144 1524 2201 est,
1540 2145 1564 2191 et
1585 2137 1615 2192 in
1631 2137 1735 2193 lectum
1750 2138 1813 2208 ejus

105 2227 244 2283 mundum
259 2226 287 2281 io
304 2240 384 2280 snam
396 2223 556 2280 etomnium
566 2222 708 2291 salutem;
726 2237 809 2277 soum
825 2228 852 2276 ιι
866 2236 930 2276 om·
985 2225 1160 2294 introducta,
1178 2229 1209 2279 ut
1222 2239 1288 2280 evm
1308 2224 1488 2281 calefaceret.
1515 2225 1583 2280 Eam
1595 2240 1660 2296 ergo
1675 2226 1812 2296 suscepit,

106 2314 187 2373 nium
213 2314 408 2381 Conditorem,
437 2313 600 2370 Genitorem
623 2316 653 2367 ei
682 2311 862 2368 salvatorem.
899 2309 928 2368 si
986 2327 1038 2370 nec
1062 2319 1159 2370 ιιιιιιιι
1181 2329 1245 2370 eam
1265 2314 1410 2385 cognovit.
1436 2314 1474 2369 ld
1494 2313 1813 2386 littersmergo,otita

38 2450 45 2463 .
107 2404 180 2475 ldagi
196 2405 362 2460 de'iovento
383 2402 474 2476 gavisi
497 2407 564 2457 sunt
587 2400 689 2470 gaudio
711 2416 815 2463 manno
830 2398 922 2465 valde,
985 2402 1090 2467 dicam,
1105 2404 1175 2458 duas
1186 2402 1348 2458 invenimus
1368 2402 1541 2460 sunamites.
1568 2403 1648 2459 ilaue
1671 2404 1814 2460 modicam

19 2540 23 2547 ,
66 2486 69 2491 ’
105 2509 203 2552 nonne
226 2494 315 2551 multo
339 2492 431 2564 magis
455 2491 633 2561 ipsavidens
655 2491 684 2546 in
710 2498 793 2559 se,et
822 2505 927 2560 porse,
984 2507 1045 2562 que
1062 2492 1148 2547 David
1162 2491 1344 2558 calefecit,et
1360 2492 1440 2548 illam
1456 2507 1588 2563 magnam
1602 2507 1665 2563 qnae
1680 2493 1813 2550 Elissam

27 2624 30 2629 -
103 2584 246 2655 completa
262 2581 464 2652 prophatarum
480 2577 606 2644 oracula,
622 2594 683 2648 que
700 2578 782 2649 longe
798 2586 866 2634 ante
881 2593 929 2632 no·
984 2583 1119 2651 suscepit.
1134 2581 1262 2638 Tertiam
1278 2597 1342 2638 vero
1355 2581 1480 2654 legimus
1494 2599 1511 2636 a
1525 2581 1676 2637 salomone
1691 2582 1720 2636 in
1737 2584 1814 2638 Can-

101 2679 177 2730 verat
193 2670 348 2742 praedictat
364 2670 442 2728 Unda
457 2669 520 2740 ipsa
533 2667 591 2724 ait:
608 2689 622 2718 ι
638 2667 795 2723 Exsultavit
812 2666 927 2735 spiritus
984 2674 1051 2740 tino,
1068 2671 1255 2730 ubidicitur:
1276 2695 1290 2723 a
1316 2674 1473 2738 Reverters,
1497 2678 1646 2739 revertere,
1671 2673 1809 2728 Sunami-

101 2775 182 2817 meus
206 2760 236 2817 ln
261 2765 316 2816 Deo
335 2760 455 2815 salutari
480 2773 543 2813 ¹⁰00
567 2756 644 2823 (lac.
667 2773 688 2823 ¹,
715 2755 772 2824 ⁴7l·
803 2777 818 2805 ι
839 2755 929 2826 Huius
984 2763 1021 2820 tis
1044 2762 1133 2836 [i'atp.
1164 2761 1333 2834 svlamitis],
1359 2769 1509 2828 revertere,
1532 2769 1681 2828 revertere,
1707 2768 1739 2816 nt
1763 2761 1813 2817 in-

101 2848 332 2921 desponsstionis
346 2862 448 2903 omnes
464 2861 516 2901 nos
530 2848 677 2901 consortes
693 2859 754 2900 esse
781 2843 927 2915 dehemus,
985 2857 1115 2908 tammus
1138 2861 1164 2907 ιι
1181 2849 1272 2922 (cant.
1299 2866 1336 2919 vr,
1358 2850 1414 2923 in).
1441 2868 1455 2903 ι
1480 2849 1536 2907 Sed
1556 2849 1609 2905 ista
1633 2858 1676 2906 ast
1701 2858 1813 2908 tantum

102 2943 169 3018 quis
185 2939 282 2998 fideles
296 2938 364 2995 unia
376 2937 567 3005 atagivimum
580 2934 831 3007 habentsponsum
847 2933 928 2990 Chri·
985 2940 1113 3007 saporatis
1128 2949 1154 2994 et
1172 2956 1229 2995 uon
1243 2938 1411 2996 Sunamitis.
1434 2939 1503 2996 Tres
1522 2937 1608 3009 igitur
1623 2936 1746 3009 legimus
1757 2938 1812 2996 Su-

101 3042 188 3099 slum,
210 3032 291 3103 juxta
316 3027 408 3084 illud:
432 3050 445 3076 o
466 3026 607 3095 Despondi
629 3041 677 3081 vos
707 3024 757 3079 uvi
775 3023 926 3094 virovirgi·
985 3031 1116 3086 narnites.
1145 3030 1237 3085 l’rima
1260 3034 1305 3084 est
1327 3027 1485 3085 sunamitis
1513 3030 1644 3097 modica;
1670 3029 1809 3096 secunda,

99 3130 287 3180 nemeastarn
310 3115 444 3173 exhibere
467 3115 577 3170 Christo
600 3114 637 3186 (il
655 3112 716 3171 Cor.
746 3130 785 3179 vv,
805 3087 1105 3186 2iraetcmapna;
1128 3119 1209 3174 tertia
1233 3119 1262 3173 in
1291 3119 1390 3181 ttanra.
1417 3117 1484 3174 Haec
1508 3119 1590 3175 tertia
1620 3118 1811 3190 gentilitatem

99 3210 249 3285 participes
265 3207 379 3273 laetitia,
407 3205 474 3276 quia
499 3225 513 3257 ιι
529 3203 625 3260 Gloria
639 3205 670 3259 in
693 3219 737 3259 es.
763 3202 797 3259 D.
813 3208 841 3260 et
864 3209 892 3258 in
905 3211 924 3259 t.
982 3209 1138 3281 signitioat,
1154 3223 1239 3279 quam
1252 3214 1350 3262 noster
1363 3208 1499 3279 paciticus
1514 3207 1648 3264 Salomon
1665 3209 1700 3262 ad
1725 3208 1811 3264 tidem

99 3320 126 3373 p.
152 3302 181 3357 h.
207 3299 235 3354 b.
262 3314 285 3352 v.
303 3301 380 3364 (ive.
403 3313 436 3364 ιι,
463 3294 504 3368 13)
537 3293 578 3367 [iu
601 3293 721 3349 excelsis
749 3294 815 3358 Deo,
843 3299 873 3348 et
896 3293 926 3348 in

98 3396 174 3446 tarra
189 3404 239 3458 pov
257 3385 424 3442 homiuibus
440 3384 521 3439 bonas
536 3381 711 3453 voluntatis].
729 3404 743 3430 a
757 3381 927 3438 Audivimus

98 3479 230 3536 dialema
246 3485 399 3549 praestitum
416 3491 432 3528 a
449 3482 538 3528 matre
560 3489 567 3539 ;
584 3482 626 3527 ast
651 3480 678 3526 et
698 3471 774 3525 aliut
801 3474 928 3527 datuma

101 3566 191 3625 l‘atro.
217 3567 297 3625 Unde
321 3582 360 3620 :a
386 3562 482 3620 Glairia
507 3569 534 3616 et
560 3561 667 3615 honore
690 3562 830 3615 coronasti
860 3578 927 3618 earn

96 3656 183 3731 (Prot.
201 3655 270 3728 vrri).
289 3678 302 3704 a
318 3656 397 3710 Sicut
413 3653 508 3707 unitus
524 3659 567 3705 ιιι
583 3657 763 3706 naturoenru
775 3659 873 3716 matre,
890 3650 929 3705 ita

100 3747 185 3803 unius
199 3756 241 3801 est
256 3741 411 3812 majestatis
426 3756 490 3797 euni
510 3739 589 3794 Patre
605 3749 662 3794 eta
686 3739 776 3796 Patre.
796 3738 926 3808 Egredie-

99 3851 164 3892 mur
191 3849 258 3905 ergo
283 3843 313 3887 ut
339 3845 433 3902 regem
457 3826 638 3884 Salomonem
663 3826 760 3884 videre
789 3831 930 3897 possimus

98 3920 131 3979 in
146 3923 259 3987 decore,
275 3919 338 3992 ipso
355 3922 517 3990 prestante,
539 3918 587 3988 qui
610 3917 680 3974 vivit
702 3909 730 3973 et
745 3924 853 3990 regnat,
869 3925 926 3975 stc

479 4042 563 4099 llill.

136 4174 166 4216 nt
180 4172 262 4214 rasso
285 4170 392 4212 sisere
414 4167 567 4210 esaovssm
591 4167 680 4208 sasso
704 4165 804 4210 navens
827 4150 895 4223 (49).

140 4311 151 4338 v
180 4288 251 4343 Dum
276 4285 411 4339 transiret
432 4281 552 4336 sttsaus
576 4295 626 4348 per
648 4278 753 4333 Sanam
776 4277 932 4344 civitatem,

106 4380 226 4438 «tenuit
240 4393 304 4434 eum
330 4374 433 4431 mulier
457 4370 627 4433 sunamitis,
653 4376 682 4424 ut
698 4368 859 4425 comederet
880 4386 931 4438 pa-

983 3307 1082 3359 vooit;
1100 3297 1166 3351 licat
1181 3313 1247 3361 ergo
1263 3294 1345 3350 nobis
1367 3301 1395 3350 ot
1418 3312 1571 3364 possumus
1589 3297 1712 3367 reliquas
1736 3297 1810 3352 duas

984 3385 1146 3442 Suoaavitvs
1162 3388 1190 3439 iu
1208 3386 1325 3441 tiauraav
1337 3385 1476 3446 accipere.
1487 3385 1589 3439 Otorvia
1601 3385 1676 3440 auito
1693 3386 1722 3439 in
1739 3384 1811 3453 sigu-

986 3492 1046 3532 rsm
1061 3477 1165 3530 Jodaeis
1181 3475 1393 3543 coritiagehaot.
1408 3475 1499 3529 Prrrva
1515 3491 1581 3541 ergo
1597 3472 1755 3530 Sunamiti's
1771 3482 1814 3531 esi

987 3566 1069 3633 Virgo
1095 3565 1228 3627 gloriosa.
1259 3563 1389 3618 sconarda
1415 3564 1494 3632 virgo
1517 3562 1671 3620 Gaooveia.
1705 3564 1811 3634 Tertia,

986 3654 1132 3723 garrulitas
1152 3668 1298 3716 conversa,
1328 3666 1391 3720 qum
1410 3651 1496 3707 etiam
1524 3653 1600 3723 virgo
1620 3654 1817 3724 diviturjunla

987 3744 1149 3816 Apostolum
1181 3757 1188 3796 ι
1215 3763 1229 3792 ιι
1258 3740 1400 3806 bespondi
1437 3756 1485 3796 vos
1509 3742 1557 3796 uni
1591 3742 1651 3798 viro
1676 3743 1816 3811 virginem

987 3839 1096 3891 castam
1121 3831 1255 3888 exhihere
1279 3827 1392 3886 Christo
1415 3830 1452 3901 (ll
1469 3828 1531 3885 Cor.
1553 3847 1593 3896 ιι,
1618 3831 1656 3902 2).
1685 3835 1753 3887 viis
1772 3831 1817 3888 his

987 3938 1054 3993 ergo
1069 3921 1159 3977 trihus
1174 3935 1335 3977 sermonem
1352 3922 1483 3976 nostrum
1498 3930 1693 3975 contexemus.
1711 3919 1816 3991 Dispo-

988 4012 1090 4068 sitione
1105 4013 1180 4065 anim
1197 4010 1321 4080 spiritns
1345 4009 1447 4078 sancti,
1469 4010 1599 4080 quamvis
1625 4015 1746 4079 secreta,
1763 4011 1815 4066 in·

988 4102 1129 4158 trinsecus
1144 4100 1177 4172 [s.
1200 4099 1325 4174 secvta]
1340 4108 1381 4154 est
1406 4099 1543 4154 transitus
1564 4098 1712 4155 Gonovela
1730 4100 1817 4172 virgi·

990 4192 1034 4249 nis
1049 4192 1105 4263 (50)
1123 4199 1182 4259 past
1198 4199 1308 4261 partum
1333 4192 1419 4244 haara
1449 4189 1571 4255 Virginis
1586 4190 1738 4246 Genitricis
1756 4191 1816 4258 uei,

987 4288 1014 4336 et
1036 4278 1398 4345 consenuituvnecessario
1428 4280 1537 4333 vocatio
1575 4278 1745 4343 aeottiitatis
1784 4279 1816 4336 in

988 4367 1157 4440 lipiphania.
1186 4368 1243 4424 lloe
1266 4366 1441 4424 ordinabas
1467 4366 1662 4424 solemnitates
1684 4368 1816 4425 observa·

103 4492 118 4522 a
135 4485 202 4527 nem
218 4482 345 4532 eumea;
359 4471 386 4520 et
400 4458 567 4534 preparavit
583 4472 722 4523 mensam,
740 4465 770 4512 et
789 4457 933 4526 sellam,et
948 4459 973 4525 D
989 4478 1061 4519 mus.
1087 4461 1138 4516 ssd
1165 4461 1212 4531 qui
1241 4468 1282 4515 est
1308 4462 1381 4531 qvod
1406 4475 1492 4528 puero
1517 4460 1611 4517 adhuc
1636 4461 1766 4532 vagiente
1782 4461 1814 4519 in

103 4582 118 4612 a
134 4559 253 4626 lectum,
269 4562 296 4610 et
311 4548 525 4608 tabernaculum
543 4547 592 4619 (lli
606 4546 669 4614 liep.
685 4561 722 4614 vv,
737 4545 776 4613 8).
795 4568 805 4595 a

153 4702 199 4774 is)
216 4701 254 4756 lix
282 4699 422 4767 lntlegav.
439 4723 473 4735 -·
490 4693 569 4747 linoc
591 4705 753 4746 sermonem
778 4688 932 4760 protulisse

104 4704 217 4833 viivtvr
228 4769 408 4828 Hildebertus
423 4766 452 4820 io
469 4764 530 4833 ipso
546 4763 632 4832 regali
651 4761 763 4818 &oete
783 4762 932 4818 Genavele

103 4844 274 4907 parisiensis
296 4836 480 4900 monasterio,
505 4849 599 4890 eoram
623 4833 693 4903 ipsis
719 4834 849 4903 ejusdem
883 4848 932 4904 par

105 4921 226 4979 celebris
245 4912 381 4970 Ecclesia
407 4906 554 4963 canonicis
579 4904 764 4976 regularibus.
791 4906 930 4962 Vixenim

104 4992 177 5048 alios
200 4986 346 5047 assignare
374 4980 474 5035 merito
500 4977 599 5042 passis,
625 4977 835 5046 constaretur
846 4976 932 5032 irate

107 5061 232 5135 i'v'rpivir
247 5054 392 5120 Gonoussa
405 5052 449 5120 (at
463 5048 606 5105 auditores
621 5064 689 5103 suits
703 5052 803 5114 vivant),
832 5058 932 5120 prater

107 5140 182 5191 viros
204 5130 261 5185 Deo
285 5126 337 5180 suh
370 5124 500 5191 ejusdum
521 5134 607 5175 sacrae
633 5120 749 5190 virginis
775 5120 933 5189 patrocinia

105 5208 225 5267 dicatos,
249 5211 353 5268 eosque
379 5205 447 5249 tuoe
469 5191 567 5249 forsan
594 5190 803 5257 temporalium,
830 5199 859 5246 ut
881 5192 931 5260 ait,

105 5271 299 5333 tribulatione,
315 5275 342 5322 ιι
363 5265 519 5321 amicorum
545 5262 710 5325 amissione,
734 5274 855 5320 vexatos.
871 5266 933 5330 Qua

103 5355 197 5406 auteur
214 5341 375 5403 occasions,
394 5337 434 5392 val
453 5351 508 5407 qvo
526 5343 652 5405 ternpore
680 5333 859 5391 llildehervus
882 5335 931 5390 l’a·

107 5420 191 5478 risios
212 5410 374 5478 accesserit,
396 5424 453 5464 non
478 5411 575 5479 aperte
604 5405 699 5476 liquet.
734 5405 810 5464 Nihil
837 5414 932 5463 tamen

105 5486 278 5558 obstatquin
305 5483 392 5545 huuc,
416 5481 486 5535 dum
511 5477 641 5536 cluniaci
665 5493 715 5548 per
730 5477 933 5550 plnresaonos

108 5566 235 5639 degeret,
251 5555 363 5616 vonisse
385 5552 508 5612 Parisios
530 5549 685 5623 aliquando
706 5550 866 5621 opinemur,
884 5548 934 5608 uhi

986 4548 1138 4607 cunabulis
1163 4549 1339 4605 interseritur
1365 4549 1461 4605 esitus
1482 4549 1630 4606 Genovele
1656 4550 1813 4623 virginis?

986 4707 1050 4748 oom
1082 4690 1156 4749 send
1182 4688 1274 4758 regale
1300 4689 1501 4745 monasterinm
1528 4690 1622 4747 Sancti
1642 4691 1756 4748 Martini
1779 4693 1816 4750 de

985 4762 1110 4831 Campis,
1137 4761 1349 4817 nobilissimum
1375 4762 1449 4817 sacri
1481 4762 1590 4818 ordinis
1615 4763 1812 4821 Cluniaesnsis

985 4837 1168 4901 asceterium,
1192 4849 1240 4902 per
1262 4832 1375 4904 aliquod
1402 4842 1523 4901 tempus,
1548 4835 1647 4903 etipse
1667 4835 1727 4903 jani
1752 4852 1814 4892 rno-

987 4906 1106 4972 naahus,
1117 4915 1144 4960 et
1159 4905 1347 4962 concionibus
1362 4903 1492 4969 celebris,
1509 4905 1632 4961 adhunc
1647 4922 1814 4964 sermonem

985 4981 1159 5048 erogantium
1184 4995 1198 5029 ιι
1225 4975 1361 5047 piissimis
1385 4976 1532 5032 canonicis
1558 4978 1640 5032 luerit
1661 4979 1813 5038 invitatus.

985 5051 1066 5118 Quod
1080 5051 1212 5104 etiamde
1235 5048 1345 5104 «luobus
1370 5047 1610 5118 subseqnentibus
1630 5051 1815 5108 sermonibus

985 5124 1141 5176 dasanetis
1155 5120 1280 5182 laccho:
1305 5119 1507 5188 christophoro
1532 5128 1558 5176 et
1577 5119 1721 5178 Germano
1744 5139 1815 5182 seue

986 5191 1137 5249 Parisieosi
1154 5193 1297 5262 episcopo,
1313 5191 1450 5260 suspicari
1468 5206 1526 5246 non
1552 5202 1685 5262 putamus
1711 5194 1815 5252 absur-

987 5264 1066 5319 dum.
1101 5264 1280 5335 conjecturas
1303 5271 1413 5320 nostras
1437 5263 1525 5319 lector
1564 5262 1706 5336 benignus
1736 5268 1812 5338 aqui

987 5335 1111 5404 bonique
1125 5334 1264 5391 coosulat.

1022 5407 1079 5478 (50l
1094 5407 1204 5478 Quippe
1217 5406 1265 5477 qni
1290 5405 1372 5461 tertia
1394 5403 1441 5461 dle
1462 5403 1604 5482 ianuarii,
1635 5407 1681 5464 die
1703 5407 1815 5468 scilieet

987 5476 1101 5536 decimo
1116 5487 1179 5547 post
1201 5492 1313 5535 sacram
1337 5475 1441 5533 Christi
1464 5476 1654 5546 Nativitatem,
1667 5487 1694 5536 et
1720 5482 1814 5540 trihus

986 5556 1053 5608 anta
1067 5549 1257 5624 Epiphaniam
1270 5547 1372 5609 diebvs
1385 5546 1556 5608 celebratur.
