3802 6030
62 242 65 246 ·
131 264 228 339 ωδ,
595 262 716 325 ω.
741 257 979 333 nrnnsssnrr
1000 256 1205 322 cescum.
1229 259 1352 327 serso.
1781 259 1860 323 ²⁰⁶⁰

184 410 227 467 Ne
239 409 290 465 des
305 402 427 477 impetui
443 399 536 457 libers
551 399 633 455 lrenn
647 403 710 455 tuo.
988 397 1015 465 Α
1065 397 1116 456 llst
1130 400 1288 473 querende
1301 397 1365 465 tibi,
1381 396 1430 454 sed
1446 396 1610 455 cohibenda
1624 394 1730 464 lemes,

151 502 185 558 Et
200 497 282 572 qussi
297 495 346 568 qni
363 490 488 549 tremulo
503 491 582 546 vsdit
598 505 649 562 per
663 485 776 543 lubrice
793 498 907 558 gressu,
1028 487 1091 544 Non
1107 506 1204 561 sapor,
1220 491 1279 546 imo
1295 490 1387 546 lsmss
1403 489 1489 546 debet
1505 488 1621 560 pulssre
1639 485 1787 560 palatum,

184 589 230 644 sin
247 600 333 658 pnssu
350 588 434 638 cnuto
450 581 521 638 siste
537 579 697 652 premendo
715 576 831 649 pedem·
1064 577 1122 636 Neo
1137 596 1169 636 se
1184 580 1310 636 distendi
1327 579 1387 635 vult
1400 579 1571 637 stomachus
1583 579 1635 635 sod
1651 576 1703 634 eli.

149 676 184 734 Ut
200 672 440 743 circumspiciens
455 668 568 743 qusvel
584 685 642 741 quo
655 664 862 740 progredieris,
1029 666 1120 731 Ouum
1136 667 1257 726 minimo
1273 670 1381 742 poteris
1397 670 1560 725 redimatur
1575 669 1639 724 dira
1654 665 1764 739 cupido

186 763 373 821 livsdasvitm
390 761 482 817 multe
498 757 605 833 pericle
620 763 689 813 tue.
1065 757 1132 822 Once
1150 759 1243 831 magis
1259 765 1363 815 utnon
1380 759 1430 825 sit,
1446 758 1532 814 debet
1546 759 1650 815 adesse
1665 755 1762 812 lsbor.

440 867 476 908 ns
490 864 686 906 sonmrunrun.
1030 846 1065 902 lit
1078 847 1115 902 sit
1130 848 1262 905 divinum
1278 850 1362 922 qussi
1378 852 1580 907 conformetur
1593 847 1631 904 sd
1646 847 1753 915 inetur,

151 944 182 1002 Si
198 943 244 1001 cui
261 957 327 999 vere
342 940 442 998 subest
457 939 548 995 euinri
564 931 729 994 constentie
747 930 841 999 sortis,
1068 935 1101 993 ln
1117 944 1260 1009 quantum
1278 941 1322 994 f„
1337 945 1380 994 θοι
1392 955 1465 994 03⁰0
1480 936 1575 994 carnis
1591 952 1677 992 onus,

188 1033 327 1092 Fidenter
340 1033 423 1098 vivit,
439 1030 514 1085 liber
530 1034 558 1085 et
573 1025 749 1098 intrepidus.
1031 1024 1060 1082 Si
1077 1026 1151 1082 bene
1165 1027 1278 1083 sobrius
1294 1043 1337 1092 es,
1351 1043 1408 1084 non
1425 1027 1462 1083 sit
1475 1031 1527 1082 tun
1542 1023 1699 1097 splendida
1711 1020 1808 1090 uultu,

152 1123 284 1182 libertas
299 1121 426 1178 alscrcm
443 1120 562 1184 leniens,
579 1115 688 1173 llduciu
703 1113 833 1180 llrmum,
1067 1115 1125 1171 Sed
1135 1121 1279 1188 prestans
1295 1116 1371 1190 lrugi
1387 1115 1595 1173 commoditate
1610 1114 1718 1169 domus
1731 1109 1787 1184 (3).

187 1217 223 1269 Et
237 1213 311 1269 bene
325 1211 442 1268 conscie
457 1225 540 1265 meus
556 1206 633 1263 houd
650 1202 795 1276 trepidare
808 1196 888 1254 flissll·
1032 1204 1091 1262 Nec
1105 1205 1167 1261 vult
1188 1205 1342 1274 sobrietas,
1357 1207 1407 1262 sed
1424 1221 1476 1262 nec
1491 1206 1574 1262 decet
1590 1209 1622 1260 ut
1637 1204 1746 1258 domus
1771 1200 1854 1256 addat

153 1302 384 1362 Grsndebonum
394 1287 977 1366 mentisllrmae,bouequaesibiconstens,
1068 1293 1208 1351 Notium
1223 1294 1357 1362 nomino,
1374 1296 1424 1352 sed
1440 1297 1582 1351 pompm„
1601 1291 1714 1350 domui,

189 1390 314 1448 Vivendi
330 1391 418 1446 finem
435 1388 559 1445 sustinet
575 1386 687 1457 obsquc
703 1388 792 1438 metu.
1033 1384 1096 1441 Non
1109 1383 1163 1440 tibi
1179 1385 1218 1441 sit
1233 1384 1324 1442 studii
1339 1386 1416 1457 quod
1431 1402 1490 1442 nou
1506 1384 1548 1441 sis
1564 1382 1636 1440 velle
1650 1380 1757 1449 videri,

156 1480 184 1537 Si
202 1480 243 1538 sis
260 1479 479 1553 magnenimus,
497 1476 562 1532 ledi
577 1479 605 1531 te
621 1489 706 1547 posse
719 1468 850 1542 negabis.
1070 1479 1128 1531 Neo
1141 1480 1168 1531 te
1184 1474 1251 1547 plus
1265 1491 1353 1547 quam
1369 1475 1411 1532 sis
1425 1474 1543 1531 linxeris
1557 1489 1623 1530 esse
1638 1472 1718 1546 quod
1733 1486 1777 1528 es.

192 1570 310 1627 Pectore
326 1568 376 1641 qui
393 1568 459 1624 lorti
471 1570 577 1623 cuncte
588 1562 709 1619 sinistre
724 1572 849 1633 premes,
1034 1563 1164 1621 observa
1178 1581 1215 1622 ne
1229 1566 1269 1621 sit
1283 1564 1337 1621 ribi
1352 1563 1534 1638 parcimonia
1548 1565 1683 1630 sordens,

158 1658 283 1716 lleludes
303 1657 402 1714 ridens
414 1654 531 1729 quundu
548 1652 691 1710 deserviet
707 1649 745 1723 (2)
759 1645 873 1714 hostis;
1071 1653 1112 1710 Ne
1132 1655 1171 1711 sit
1187 1661 1343 1727 pauperies
1358 1654 1504 1724 squalida,
1520 1654 1632 1710 munds
1648 1666 1767 1724 perum,

192 1748 277 1805 Dices
291 1762 298 1805 :
314 1752 376 1803 Non
396 1746 481 1816 lesit,
497 1745 600 1801 ledere
615 1742 666 1799 sed
681 1737 784 1796 voluit·
997 1743 1079 1836 BNo
1091 1744 1131 1800 sit
1144 1743 1320 1816 simplicitas
1335 1747 1455 1816 torpens
1469 1742 1647 1800 hebetudine
1656 1739 1761 1807 stulte,

158 1837 290 1911 Cumque
307 1836 366 1893 tuis
382 1836 521 1892 menibus
537 1832 622 1889 luerit
637 1827 820 1887 contraditus
836 1821 896 1890 ille,
1073 1831 1114 1889 Ne
1128 1834 1325 1890 mansuetudo
1338 1833 1531 1906 languiditate
1546 1838 1661 1904 tepens,

195 1927 229 1984 Et
242 1927 296 1983 tibi
308 1925 443 1983 vindicte
459 1924 566 1980 videris
580 1937 645 1979 0⁸⁸0
661 1920 769 1984 lovum,
1038 1927 1101 1981 Non
1115 1924 1175 1980 sint
1190 1929 1321 1997 anguste
1336 1923 1388 1980 tibi
1406 1940 1462 1990 res,
1478 1923 1546 1980 licet
1559 1922 1669 1995 exigue
1684 1919 1756 1976 sint.

161 2015 240 2074 Ultio
254 2017 408 2074 sulllcieus
421 2016 476 2073 erit
492 2013 595 2071 ulcisci
612 2010 761 2085 potuisso;
1075 2020 1234 2086 Paupertas
1248 2013 1351 2071 hiluris
1365 2014 1438 2069 ditia
1454 2028 1543 2086 regns
1555 2013 1641 2069 velet.

194 2106 267 2164 Nem
283 2107 357 2163 setis
372 2117 418 2164 eet
432 2104 510 2162 hosti
525 2118 644 2177 parcere
659 2115 745 2173 posse
760 2100 822 2153 luo·
1038 2103 1100 2161 Non
1116 2111 1168 2161 tua
1184 2121 1273 2178 perva
1287 2103 1350 2171 tibi,
1367 2120 1420 2160 nec
1435 2103 1558 2176 gremiis
1573 2100 1633 2158 sint
1647 2099 1762 2168 slieus;

160 2195 264 2254 Nobile
277 2196 411 2253 vindicis
423 2211 518 2269 genus
532 2200 576 2251 ost
588 2191 740 2266 ignoscere
753 2185 850 2252 vicem
1074 2194 1119 2250 Sit
1133 2202 1249 2267 gratum
1262 2194 1340 2267 quod
1357 2192 1458 2261 bsbes,
1474 2190 1685 2263 sulliciensqus
1714 2187 1780 2260 tibi,

195 2288 225 2344 Si
241 2287 352 2344 veniam
369 2285 564 2356 tribuss‚jsm
581 2283 653 2340 sutis
669 2279 750 2338 ullus
764 2277 833 2336 013³·
1039 2283 1147 2357 Turpis
1163 2283 1267 2339 nitebis
1282 2282 1364 2355 prius
1379 2299 1413 2339 ec
1426 2281 1595 2354 contingere
1612 2278 1740 2353 possint,

162 2376 281 2434 Nullum
294 2375 455 2442 subfodias,
471 2374 586 2430 nullum
603 2372 659 2429 sub
676 2383 829 2426 murmure
842 2363 942 2434 redu,
1076 2374 1206 2448 Plusque
1221 2374 1272 2428 tibi
1291 2389 1377 2445 quum
1395 2376 1444 2436 tu;
1462 2387 1546 2428 nemo
1561 2368 1708 2425 verendus
1722 2366 1788 2423 erit.

196 2464 298 2522 Oderis
314 2465 431 2521 inlldies
447 2464 595 2536 egrediere
610 2460 719 2533 pelam.
1039 2465 1151 2524 Cuncte
1167 2463 1287 2520 terenda
1302 2462 1366 2530 tibi,
1381 2461 1438 2518 nisi
1453 2477 1518 2533 que
1533 2460 1593 2516 siut
1608 2456 1720 2528 turpis,
1735 2454 1829 2512 crede.

163 2552 266 2610 Preliu
283 2571 342 2610 nou
360 2554 460 2621 lecics,
476 2553 501 2609 si
517 2568 575 2608 uon
591 2546 732 2606 indixeris
747 2550 829 2614 ente,
1075 2553 1182 2628 Turpia
1196 2559 1265 2609 sunt
1280 2557 1377 2608 nutem
1394 2550 1510 2607 teritur
1524 2547 1602 2605 unde
1616 2547 1721 2620 pudor.

198 2642 361 2698 Invalidum
379 2641 524 2713 siquidem
540 2639 618 2694 lurte
633 2636 752 2709 dolique
767 2635 878 2690 decent.
1040 2644 1099 2701 Neo
1111 2643 1208 2700 gotum
1224 2659 1329 2699 moneo
1346 2651 1371 2699 ιθ
1387 2641 1486 2713 turpia
1502 2641 1576 2696 lanta
1591 2653 1693 2696 cavere

163 2734 225 2788 Non
243 2736 287 2787 oet
303 2730 523 2802 mignenimum
541 2733 647 2784 temere
662 2725 791 2781 subiisse
803 2719 921 2795 pericle,
1075 2733 1184 2806 effipia
1196 2739 1266 2789 „unp
1278 2733 1366 2789 eptam
1383 2732 1471 2787 verba
1485 2729 1614 2787 cavenda
1628 2727 1692 2784 tini,

199 2818 256 2878 N⁸⁰
272 2836 377 2876 f⁰l³⁰⁸
393 2817 497 2891 lsslid⁰
514 2815 700 2889 lellimlstffl
718 2818 808 2869 melu·
1040 2821 1170 2887 Quorum
1187 2824 1212 2876 si
1230 2820 1308 2877 laxet
1322 2835 1458 2892 perversu
1472 2817 1596 2874 licentis
1611 2815 1702 2884 treas,

163 2907 236 2967 llam
254 2909 310 2965 nisi
327 2925 412 2964 mens
428 2909 514 2965 i'ucrit
528 2911 673 2978 corrupte
690 2902 807 2960 conscia
821 2899 896 2970 viis,
1075 2910 1220 2967 paularim
1236 2912 1326 2966 r'racro
1342 2911 1402 2966 virg
1417 2911 1527 2982 pudore
1543 2906 1623 2962 fluor.

195 2999 242 3058 Nil
258 3005 304 3057 est
319 3000 397 3057 unde
411 2999 468 3057 sibi
484 2999 577 3073 possit
592 2999 689 3053 inesse
707 2993 807 3051 timor·
1040 3000 1072 3056 ln
1087 3000 1183 3058 verbis
1197 2998 1331 3072 pbslerus
1347 3016 1404 3054 nou
1421 3015 1531 3070 quaere,
1543 2996 1593 3053 sed
1610 2994 1780 3060 utilitatem,

440 3104 475 3145 nc
491 3101 702 3145 rsurssaurra.
1074 3093 1217 3160 Tectaque
1231 3087 1347 3144 mellitis
1361 3088 1422 3143 sint
1437 3087 1489 3143 tibi
1503 3091 1588 3160 gruta
1603 3083 1698 3158 msgis

158 3178 242 3236 Nunc
257 3178 310 3235 tibi
324 3175 443 3236 virtutis
457 3178 595 3235 dabimus
611 3179 754 3249 precepta
770 3170 919 3239 modeste,
1000 3142 1210 3235 GAmtrranda
1225 3177 1260 3249 (t)
1275 3177 1329 3233 ribi
1341 3178 1409 3247 joce
1423 3181 1493 3233 suut
1509 3182 1574 3249 poor
1588 3174 1668 3231 soris
1681 3170 1827 3249 quaednm,

194 3271 263 3337 (ΜΦ
278 3275 376 3326 motus
391 3269 483 3326 enimi
501 3271 644 3340 temperet
659 3270 746 3337 fllqtffl
763 3259 879 3334 [tremil-
1077 3267 1132 3324 Sed
1152 3274 1247 3323 lernen
1262 3270 1290 3321 et
1305 3265 1400 3337 dignis
1415 3264 1480 3338 ipse
1494 3264 1622 3338 gerendo
1637 3263 1752 3321 modis.

20 3346 24 3353 ’
55 3379 63 3393 ’
158 3359 250 3424 Quum
267 3359 293 3416 si
309 3361 441 3426 secteris.
457 3358 606 3416 lluitsntis
621 3368 744 3427 qumque
760 3350 866 3419 recido,
1040 3356 1081 3413 Ne
1095 3374 1125 3412 sn
1142 3356 1292 3427 majestas,
1309 3371 1346 3412 ne
1361 3371 1391 3411 se
1407 3354 1567 3411 reverentis
1578 3352 1679 3409 lesem

195 3448 230 3504 Et
245 3449 401 3507 desideriis
418 3449 514 3505 insere
529 3446 613 3503 irene
628 3443 698 3500 tuis.
1075 3446 1198 3513 Sentiet,
1214 3445 1422 3501 epidamnum
1438 3445 1564 3516 perierat
1579 3443 1646 3499 inde
1662 3440 1770 3515 pudor.

159 3539 280 3612 Perpics
297 3540 369 3613 quid
386 3543 491 3594 nutura
509 3541 600 3609 petet,
617 3532 686 3606 quid
704 3545 793 3586 avers
806 3527 925 3601 cupido.
1040 3535 1113 3591 Nem
1129 3533 1285 3606 culpabilis
1297 3540 1342 3590 est
1358 3534 1446 3600 risus,
1463 3532 1488 3590 si
1503 3531 1548 3589 vel
1561 3531 1672 3588 nimius
1687 3531 1741 3600 sil,

196 3626 240 3683 ΠΗ
253 3630 384 3694 cedunt,
400 3627 476 3683 hullt>
490 3623 623 3682 cohibere
638 3623 729 3677 decti-
1076 3625 1126 3682 Vel
1142 3624 1252 3697 puerile
1268 3622 1374 3693 lluens,
1389 3623 1434 3682 vel
1452 3623 1592 3679 muliebre
1607 3639 1730 3679 sonans.

160 3717 190 3773 Si
206 3717 375 3774 moderatus
390 3716 443 3783 sis,
458 3715 509 3771 illo
522 3719 663 3769 venturus
678 3727 709 3767 cs
725 3724 825 3781 usquo,
1039 3715 1111 3772 Sunt
1126 3714 1211 3771 etism
1229 3716 1306 3770 risus
1319 3729 1393 3786 quos
1408 3713 1503 3786 gratis
1524 3731 1581 3770 non
1598 3712 1770 3781 comitetur,

197 3802 232 3860 Ut
243 3806 339 3876 possis
355 3805 445 3861 etium
462 3809 494 3861 tu
511 3803 583 3860 sutis
599 3817 662 3858 esse
678 3800 741 3856 libi·
1076 3805 1111 3861 Et
1126 3805 1235 3876 quibus
1248 3805 1361 3859 invisus
1374 3803 1519 3860 efficietur
1533 3802 1631 3859 homo.

160 3892 215 3959 Qui
231 3893 303 3949 Stlls
314 3900 359 3950 θῦῑ
373 3893 503 3961 sibimel,
520 3893 601 3949 dives
614 3900 701 3947 n⁸¹⁰⁸
718 3889 770 3944 full
784 3886 843 3956 illle
1039 3895 1156 3953 Scilicet
1170 3903 1221 3953 eut
1237 3895 1335 3952 clerus
1348 3894 1422 3951 dsus
1438 3895 1551 3950 meritis
1563 3895 1649 3967 signs
1669 3893 1798 3967 superbe
1818 3893 1860 3965 (5),

196 3980 247 4038 llls
262 3998 333 4040 suas
349 3999 448 4040 secum
465 3982 573 4038 detulit
587 3987 668 4038 crtus
682 3995 762 4052 opes.
1073 3991 1133 4042 Aut
1148 3986 1247 4040 lurtim
1267 3986 1360 4041 lectus
1376 3984 1464 4040 corde
1478 3983 1608 4056 maligna
1623 3989 1741 4054 notans,

160 4069 219 4128 llus
235 4086 288 4128 nec
300 4074 397 4145 prredo
414 4072 480 4142 sibi,
500 4087 551 4128 nec
569 4073 616 4127 lur
630 4071 744 4126 eut'erre
760 4064 877 4123 relebit·
1037 4079 1124 4133 Auta
1139 4074 1253 4131 deliciis
1266 4075 1327 4130 rivo
1341 4074 1485 4130 deductus
1499 4073 1612 4147 iniquo,

161 4159 211 4217 llis
225 4171 366 4232 qusntum
383 4162 459 4219 rivet
474 4159 670 4235 perfruiturus
682 4157 748 4216 erit.
1074 4167 1165 4232 ouem
1180 4165 1254 4220 solet
1269 4163 1390 4220 slterius
1405 4179 1481 4234 sepe
1496 4179 1594 4219 creare
1610 4162 1705 4218 dolor.

67 4262 70 4267 ·
159 4248 319 4308 sirmeum
334 4251 465 4325 optandi,
481 4252 587 4308 modus
602 4255 631 4306 ct
643 4247 688 4305 lex
703 4246 741 4303 sit
754 4242 900 4317 cupiendi,
1037 4255 1064 4310 st
1081 4255 1178 4310 vinnan
1193 4252 1282 4325 igitur
1292 4253 1361 4324 joca
1375 4252 1580 4310 convenientia
1595 4255 1695 4320 rebus,

194 4339 383 4415 destringunt
399 4341 501 4398 libitus
517 4341 617 4397 addite
633 4339 715 4394 frent
729 4351 827 4408 vegos·
1072 4347 1183 4400 Cautus
1198 4343 1226 4397 iu
1240 4341 1286 4398 bis
1302 4332 1394 4398 etism*
1407 4347 1434 4399 te
1451 4349 1617 4398 reverenter
1631 4341 1718 4399 hubo.

159 4429 258 4486 1th
277 4431 383 4489 Absint
398 4431 558 4497 blanditie,
574 4429 685 4502 quibus
701 4426 811 4482 irretita
825 4420 960 4496 voluptas
1037 4433 1074 4492 Ut
1088 4440 1116 4490 te
1132 4450 1185 4490 nec
1199 4432 1358 4504 qnisquam
1376 4431 1470 4487 nimiae
1486 4436 1565 4488 notet
1579 4431 1762 4503 asperitatis.

195 4521 326 4580 Occultis
340 4525 472 4581 animum
489 4522 633 4597 pertrabit
648 4517 804 4576 illecebris.
1003 4512 1028 4578 ll
1078 4520 1136 4577 Nec
1152 4524 1294 4593 tunquam
1307 4517 1394 4574 vilem
1411 4534 1549 4590 spernere
1564 4518 1628 4589 juro
1642 4521 1744 4590 quest.

159 4605 223 4665 Non
239 4608 398 4682 indigeries
415 4627 544 4684 unquum
561 4610 702 4680 subrepet
714 4603 825 4674 edenti,
1042 4608 1176 4667 Urbsnus
1193 4625 1251 4665 non
1267 4607 1371 4664 histrio
1387 4607 1439 4675 sis,
1457 4605 1604 4680 mediique
1618 4605 1726 4677 leporis
1741 4623 1749 4676 3

196 4695 260 4754 Non
276 4714 307 4755 se
317 4699 429 4772 potenti
445 4700 567 4756 miscent
581 4700 718 4755 ebrietes.
1078 4699 1169 4756 Dente
1185 4697 1262 4755 seles
1277 4701 1405 4766 csreent,
1421 4694 1600 4753 scurrilitnto
1611 4695 1683 4769 joci.

161 4786 241 4843 luter
255 4788 392 4846 convivus
407 4789 462 4846 boc
477 4789 634 4846 observsre
650 4787 808 4856 memento,
1043 4789 1144 4846 Sermo
1159 4787 1317 4844 clamorem
1330 4786 1409 4855 vitet,
1427 4785 1564 4859 risusque
1580 4785 1773 4854 cachinnum,

196 4879 238 4932 Ne
256 4892 344 4948 quem
361 4878 434 4934 torte
452 4894 556 4950 grsves
571 4876 731 4934 sobrietate
745 4879 807 4930 tus.
1080 4880 1215 4935 luccssus
1227 4876 1395 4948 strepitum,
1412 4885 1518 4933 cuncte
1534 4877 1687 4933 modestus
1702 4891 1766 4948 ego.

162 4967 202 5022 lle
217 4966 299 5036 qussi
315 4966 444 5023 sanctior
459 4965 517 5036 bis,
534 4964 599 5022 illos
613 4963 771 5032 dumnuns,
788 4960 924 5030 vidcuris,
1044 4968 1074 5025 si
1091 4973 1207 5039 tempus
1222 4972 1341 5023 monesi
1355 4983 1441 5022 curss
1457 4965 1554 5023 luxere
1569 4965 1678 5039 quiete,

199 5055 271 5111 lium
287 5055 378 5113 simili
391 5056 451 5113 vits
469 5073 525 5112 non
542 5053 670 5112 imiteris
686 5067 746 5109 eos.
1083 5056 1134 5113 llla
1148 5056 1232 5129 quies
1245 5071 1316 5112 sene
1331 5072 1389 5112 non
1405 5054 1456 5111 tibi
1475 5061 1575 5128 torpor
1589 5054 1654 5112 erit.

163 5142 225 5201 Non
241 5145 366 5203 nimium
380 5147 421 5204 sis
436 5147 551 5204 deliciis
565 5143 760 5220 presentibus
779 5142 904 5213 herous,
1045 5143 1260 5219 cumquojocis
1275 5144 1325 5201 elii
1340 5160 1404 5201 sese
1419 5143 1556 5217 ludisque
1570 5143 1735 5217 resolvunt,

200 5231 233 5289 dt
247 5251 312 5308 que
329 5252 387 5294 nou
402 5237 523 5303 adsunt,
539 5252 598 5294 non
612 5234 755 5291 inbiundu
771 5237 865 5304 petes.
1082 5239 1121 5291 Tu
1138 5234 1232 5292 suncti
1246 5235 1420 5307 quidquem,
1435 5235 1481 5290 vel
1499 5234 1615 5307 pietatis
1629 5249 1713 5307 sgss.

165 5325 267 5382 llenss
281 5325 334 5382 tibi
347 5343 436 5399 pervo
453 5330 579 5397 constet,
595 5342 653 5383 non
666 5324 735 5381 inde
749 5321 885 5394 voluptas
1047 5326 1077 5384 si
1093 5325 1168 5383 bene
1182 5324 1300 5382 sobrius
1314 5341 1357 5396 es,
1373 5341 1494 5399 prorsus
1510 5325 1619 5382 vitetur
1635 5323 1774 5394 eduluns,

213 5451 339 5519 2lForte
353 5453 492 5511 deserviet.
1048 5453 1118 5509 stari
1133 5467 1198 5524 csp.
1217 5455 1259 5507 De
1273 5451 1472 5523 temperastis.
1515 5496 1517 5500 »

214 5523 242 5597 3)
252 5526 299 5581 flio
309 5526 339 5581 in
356 5531 482 5584 tractatu
493 5523 669 5601 precedenti
682 5523 717 5578 ds
732 5518 856 5577 honesto
871 5524 901 5578 et
911 5521 995 5583 utili:
1084 5524 1122 5593 tlt
1136 5526 1222 5580 Forte
1237 5524 1428 5592 admiscendo,
1443 5521 1487 5580 vel
1498 5521 1678 5582 admittenda.

18 5582 24 5591 ’
93 5658 96 5663 ,
167 5592 549 5668 recomponensque
562 5597 678 5655 [lomim
692 5591 789 5649 domus
803 5590 883 5650 delet
911 5592 995 5656 dono·
1086 5593 1333 5667 thFortementis
1346 5597 1429 5668 cigno
1442 5594 1578 5671 superbie.
