3802 6030
132 224 192 288 aad
625 222 713 285 VEN.
737 216 976 285 utubuutlttul
997 215 1192 280 GENOMAN.
1216 213 1337 279 EPISG.
1778 211 1843 277 988

173 384 188 418 a
205 360 283 422 Huic
296 363 400 420 antem
417 358 455 418 de
473 357 542 417 llita
556 361 673 417 sancta
689 354 889 433 Radegundis
916 352 1068 432 opusculo
1099 370 1136 412 ex
1152 350 1251 412 altero
1280 349 1566 430 manuscriptorum
1582 343 1834 413 pictaviensium

135 442 311 520 desumpto,
328 459 390 499 non
404 439 459 498 aba
474 456 506 497 rc
522 438 587 497 fore
602 439 790 508 censuimus,
807 436 832 496 si
848 435 894 496 illi
909 442 1120 495 attexeremus
1134 430 1350 511 praefationum
1368 430 1482 509 legitur
1495 430 1612 520 inlitis
1625 428 1837 501 altero,uobia

136 524 237 584 amice
251 520 433 580 transmisso
449 537 467 578 a
483 524 590 578 nostro
606 521 642 580 D.
658 518 822 579 Leonardo
837 515 1026 588 Senemaud,
1044 513 1225 574 monasterii
1240 511 1348 574 Sancti
1373 511 1521 590 Cypriani
1534 509 1742 602 Pictavieusia
1758 529 1833 571 nos·

138 611 193 664 trec
208 600 460 678 congregationis
477 599 642 671 monacho,
657 617 676 660 a
694 605 801 678 quaet
818 597 939 658 iconem
955 602 1074 657 sancte
1091 594 1289 672 ltadegundis
1303 593 1334 652 in
1350 591 1439 652 initio
1456 593 1605 670 positam,
1621 596 1653 652 et
1666 610 1735 668 ejus
1751 609 1830 651 cura

135 681 285 762 graphice
299 681 488 759 descriptam
506 680 805 758 babuimus‚quippe
821 685 892 758 post
906 675 1145 757 stephanotium
1162 674 1309 754 praefatos
1326 673 1554 750 manuscriptos
1568 672 1682 732 iterum
1700 674 1836 733 exactis·

139 765 216 823 sime
231 761 398 822 recensuit.
416 762 488 823 llaec
504 768 608 821 autem
626 762 769 839 praefatio
786 760 888 819 favere
904 760 1029 818 videtur
1042 755 1157 817 celebri
1172 754 1257 834 apud
1273 753 1415 814 Pictavos
1430 753 1592 814 traditioni
1617 754 1657 813 de
1673 754 1827 813 miraculo

136 860 319 912 avenarum,
350 861 432 920 qnae,
452 850 485 901 ut
501 842 639 911 tradunt,
656 849 688 902 et
704 848 737 901 ut
752 840 802 900 bic
818 848 975 911 narratur,
992 838 1036 898 ita
1050 836 1153 897 subito
1181 835 1365 896 miraculose
1394 841 1610 905 excreverunt,
1628 846 1661 893 ut
1674 834 1757 894 inter
1784 852 1838 894 eas

139 922 246 985 abdita
262 922 356 982 fuerit
371 929 479 983 sancta
496 922 709 1001 Radegundis,
727 922 800 981 dum
817 938 923 999 regem
940 917 1185 989 Chlotocarium,
1202 917 1266 978 sive
1294 915 1477 986 Clutorium,
1495 915 1615 974 illame
1644 914 1837 976 monasterio

37 1072 40 1077 ,
136 1003 176 1065 ad
192 1003 345 1082 palatium
370 1008 402 1063 et
430 1003 596 1081 pristinum
627 1003 810 1082 conjugium
838 999 1325 1078 revocarccupientemfugeret.
1355 995 1834 1074 Cumtamenhujuscircams-

135 1085 243 1146 tantiae
258 1102 360 1162 neque
375 1084 540 1162 Gregorius
556 1084 747 1144 Turonensis
764 1081 949 1153 meminerit,
967 1098 1069 1159 neque
1084 1081 1400 1140 Fortunatussunctae
1414 1076 1529 1155 reginae
1545 1074 1766 1148 amicissimus,
1782 1093 1835 1135 ne·

136 1164 403 1245 quellaudonivia
417 1164 476 1243 ipsi
491 1163 622 1243 aequalis
636 1162 844 1225 etfamiliaris
860 1161 1026 1234 monacha,
1043 1160 1097 1239 qui
1126 1159 1164 1220 ad
1194 1159 1342 1219 minutias
1358 1175 1456 1236 usque
1471 1157 1566 1217 vitam
1583 1155 1651 1236 ejus
1666 1156 1840 1236 descripse-

134 1251 220 1319 runt,
237 1245 291 1306 sed
307 1263 408 1324 neque
424 1251 493 1322 post
506 1245 576 1325 ipso
591 1250 698 1306 noster
711 1243 921 1317 Hildebertus,
939 1242 1045 1304 videat
1060 1242 1157 1303 lector
1172 1239 1248 1320 quid
1268 1238 1307 1300 de
1324 1238 1506 1316 hujusmodi
1519 1236 1688 1299 traditione
1703 1236 1835 1318 judicet.

138 1325 188 1389 Sic
204 1330 309 1388 autem
325 1343 357 1388 ae
373 1324 468 1387 babet
480 1325 541 1388 ista
556 1325 714 1405 proefatio.

177 1517 249 1584 Quis
263 1520 431 1574 sanctorum
449 1516 734 1575 miraculafldelibus
747 1517 782 1572 ad
798 1514 961 1572 aedificatio·
976 1516 999 1582 Α
1018 1513 1105 1570 beata
1117 1512 1271 1570 confestim
1296 1511 1351 1568 iter
1366 1510 1522 1583 arripiens,
1549 1508 1665 1566 obvium
1684 1509 1842 1581 quemdam

141 1623 208 1665 uem
222 1605 368 1664 habeatur
391 1607 556 1680 recolenda,
581 1623 640 1664 non
666 1606 774 1663 debent
793 1621 855 1662 esse
881 1605 962 1662 oneri
1017 1602 1124 1659 babuit
1136 1601 1354 1676 agricultorem,
1370 1616 1492 1658 avenam
1519 1599 1672 1669 ferentem,
1694 1615 1781 1671 quem
1798 1598 1842 1654 bia

35 1702 42 1707 '
95 1766 100 1773 ,
140 1697 271 1763 recitata,
288 1713 353 1753 curn
368 1695 728 1755 imitataexonerationem
745 1694 962 1769 laciantapcc·
1018 1693 1168 1751 verbialia
1182 1694 1270 1749 allata
1284 1696 1378 1748 cett«
1395 1691 1621 1763 Sisquoquam
1639 1690 1835 1757 interrogatus

141 1786 227 1854 catis,
243 1802 335 1856 neque
349 1786 506 1843 temeritati
522 1791 573 1843 uut
586 1785 961 1860 presumptiooidebetim·
1018 1783 1106 1840 fucris
1119 1801 1155 1839 an
1173 1782 1388 1838 nudiustertius
1413 1781 1452 1837 ibi
1476 1780 1605 1853 aliquem
1631 1779 1789 1836 transitum
1803 1782 1843 1834 la·

28 1870 33 1879 “
141 1876 253 1950 putari,
271 1876 296 1931 si
307 1875 449 1949 neglecta,
463 1877 507 1932 vel
523 1892 575 1949 per
590 1875 726 1934 inertiam
752 1875 962 1949 pretermissa,
1018 1872 1141 1929 cientem
1159 1870 1350 1945 perspexeris,
1363 1871 1486 1927 firmiter
1500 1869 1644 1941 responde
1659 1867 1737 1941 quod
1755 1882 1843 1924 nemu

140 1967 209 2023 dum
224 1971 322 2022 tamen
355 1968 589 2035 obediendoflat,
611 1968 844 2024 conscribantur.
871 1967 965 2040 lgitur
1019 1963 1054 2018 ab
1071 1962 1143 2018 born
1156 1961 1244 2018 illaia
1257 1959 1428 2033 hujusmodi
1445 1959 1645 2032 pertransierit
1660 1957 1844 2022 itinere,can

142 2072 237 2130 operae
247 2057 372 2128 palium
389 2064 434 2114 est
450 2056 570 2113 minime
594 2061 704 2114 retcere
719 2057 845 2130 qualiter
859 2056 964 2113 beatis·
1018 2059 1094 2109 barac
1122 2051 1282 2109 seminares
1296 2067 1428 2108 arenam.
1458 2071 1473 2102 a
1502 2048 1534 2105 ut
1561 2051 1632 2104 nutu
1654 2046 1753 2102 divino
1781 2045 1844 2118 ipsa

141 2146 213 2203 aime
226 2146 686 2221 {aldegundisregina,assumpto
697 2145 963 2203 velamineabeato
1019 2158 1111 2198 evena
1131 2142 1227 2198 subito
1254 2145 1299 2197 est
1327 2145 1424 2209 aucta,
1441 2144 1473 2196 ut
1489 2139 1637 2211 prefatam
1663 2136 1799 2209 reginam
1814 2135 1842 2191 iu

37 2232 41 2237 '
141 2234 485 2294 idedardoNoviomensi
516 2239 663 2309 episcopo,
678 2234 836 2292 transitum
865 2235 965 2292 lecerit
1018 2225 1842 2298 eamdemliceretabscondcrc.Moxquereaprelibatue,

140 2323 267 2382 Turonis
281 2342 340 2382 una
354 2341 421 2382 cum
442 2325 624 2382 charissimis
645 2330 674 2382 et
688 2325 884 2382 familiaribus
902 2325 964 2382 suis
1019 2338 1086 2378 uuna
1104 2323 1182 2378 81⁰
1197 2322 1233 2378 ad
1256 2320 1425 2392 predictum
1443 2320 1622 2394 pervenisset
1635 2319 1747 2392 locum,
1762 2339 1845 2380 euin-

140 2415 250 2488 Agaete
264 2419 293 2469 et
308 2413 447 2481 [liscioto3
464 2414 563 2484 ibique
579 2414 681 2470 limina
692 2413 768 2470 beati
779 2414 892 2469 Martini
904 2414 964 2470 Tu·
1019 2413 1085 2469 dom
1101 2412 1292 2485 interrogavit
1302 2410 1469 2485 agricolam,
1486 2411 1536 2485 qui
1548 2412 1621 2469 serie
1636 2417 1723 2469 tenua
1738 2418 1846 2471 cuncta

144 2519 282 2560 sonorum
295 2503 507 2576 archiepiscopi
524 2519 589 2559 cum
613 2521 731 2560 summa
760 2502 922 2571 devotione,
936 2506 965 2559 et
1020 2521 1083 2577 qaae
1098 2504 1209 2561 abeata
1225 2505 1325 2578 regina
1341 2504 1484 2572 audierat,
1511 2504 1655 2576 sagaciter
1680 2506 1842 2561 enarravit.

49 2594 53 2599 '
143 2591 963 2665 exresiduovcstiumregalium,auasantesinpalatio
1020 2594 1336 2666 Tuncrexacceptoeb
1366 2593 1844 2667 agricultoreresponsoioluens·

145 2679 221 2736 ferre
236 2677 349 2736 solebat
371 2679 599 2750 perlustraverit.
624 2681 733 2737 Dehinc
749 2681 963 2740 condalensem
1019 2683 1218 2757 qacnriraculi
1234 2684 1350 2752 seriem,
1367 2688 1448 2756 terga
1464 2700 1566 2739 versus
1578 2688 1632 2749 est,
1649 2682 1759 2740 malens
1775 2699 1850 2739 uso·

146 2769 275 2834 veniens,
291 2770 431 2843 omnique
447 2769 513 2826 nisu
538 2769 635 2826 locum
658 2771 755 2827 uidere
774 2770 918 2828 anhelans
935 2773 965 2828 in
1020 2790 1080 2830 rem
1096 2772 1243 2828 dimittere
1259 2774 1419 2846 propriam,
1436 2789 1523 2845 quam
1537 2772 1585 2829 Dei
1609 2772 1754 2829 offendere
1786 2773 1847 2829 cle·

139 2856 312 2931 quoCbristi
328 2859 481 2914 confessor
491 2858 632 2914 Martinus
648 2860 783 2917 sublatus
796 2868 839 2916 est
855 2862 890 2917 de
904 2877 966 2918 me·
982 2890 1006 2954 Β
1023 2862 1252 2920 mentiamlt'am
1269 2880 1325 2918 nou
1340 2861 1441 2919 multis
1455 2862 1616 2937 interpositi
1631 2862 1749 2930 diebus,
1761 2864 1846 2920 baala

145 2947 368 3016 dio.Postremo,
384 2964 450 3005 cum
466 2949 495 3005 in
519 2947 587 3005 villa
605 2951 716 3007 Suedas
740 2951 770 3006 in
786 2951 863 3008 ⁹⁰⁹
879 2952 965 3008 terri·
1021 2953 1123 3025 regina
1138 2952 1296 3008 Pictavium
1308 2952 1502 3024 ingressaest.
1518 2953 1608 3023 Cujus
1623 2953 1714 3009 talem
1731 2957 1847 3009 constat

141 3037 217 3096 torio
232 3038 404 3096 Pictaviensl
433 3039 489 3097 sita
505 3042 664 3110 accederet,
689 3044 858 3098 nuntiatum
883 3047 928 3098 cst
939 3048 966 3104 ci
1022 3042 1113 3099 luisse
1124 3043 1259 3109 stromat
1271 3058 1356 3098 nemo
1372 3043 1422 3114 qui
1438 3047 1521 3114 gesta
1536 3043 1571 3098 de
1587 3059 1621 3098 ea
1640 3044 1754 3099 noverit
1769 3059 1847 3099 com·

23 3146 34 3155 ·
142 3130 219 3205 quod
245 3131 476 3188 rcxoamvellet
510 3148 563 3188 suo
594 3148 727 3188 revocare
756 3133 903 3205 conjugio.
920 3131 965 3200 ut,
1024 3132 1267 3206 posita,besitare
1282 3132 1471 3205 debeat,quin
1486 3133 1511 3187 oi
1524 3132 1640 3188 exeunti
1656 3131 1692 3189 de
1713 3132 1774 3189 baec
1791 3131 1848 3188 rita

37 3668 40 3673 Ι
143 3596 328 3665 duxirnus,ut
343 3599 503 3664 sunt,verbi
517 3602 622 3668 gratia,
651 3597 727 3666 felle,

83 3224 88 3231 '
141 3218 218 3276 sicut
244 3235 278 3276 ex
306 3220 496 3294 antiquorum
519 3220 612 3279 relatu
629 3228 812 3295 compertum
837 3230 892 3290 eat,
907 3222 970 3296 ipsa
1025 3222 1151 3280 coelestis
1166 3223 1268 3295 patrie
1284 3222 1412 3296 patuerit
1427 3222 1588 3295 ingressus.

676 3374 782 3432 Cetera
792 3377 904 3432 omnino
914 3383 946 3432 ut
959 3373 990 3432 in
1006 3375 1096 3432 altero
1109 3376 1310 3446 menurmiptc.

141 3524 172 3583 S.
184 3524 331 3582 usnentctt
348 3527 545 3595 desumptam,
560 3526 608 3582 bio
625 3527 878 3612 transcribendam
899 3543 964 3613 ease
1019 3545 1241 3658 pressus3quem
1251 3529 1671 3603 Narmanaivulgovocantdu
1692 3533 1782 3605 petre.
1799 3532 1842 3590 lta

142 3669 262 3728 ratium.
276 3669 351 3752 felle
367 3675 477 3733 autem,
496 3684 549 3724 eeu
563 3669 647 3751 fultra
655 3688 693 3738 nr,
711 3606 965 3745 liitorhthiirphhhis
1046 3616 1241 3730 uthihrghuaiiem
1254 3671 1516 3729 dicitHildebertus
1528 3676 1661 3730 sanctam
1680 3674 1755 3732 bans
1773 3675 1845 3748 regi·

143 3744 250 3803 selaeu
267 3745 405 3796 vestraex
434 3740 636 3811 lana,etptllrs
662 3746 771 3806 coacta.
801 3749 965 3811 contexta,
1021 3760 1326 3802 namcaruemsusm
1343 3745 1845 3820 multiplicatisattriviescdiscipli·

146 3811 277 3881 adcujus
292 3811 515 3867 similitudinem
530 3812 699 3869 vestisauro
711 3830 744 3869 ac
754 3816 879 3887 gemmis
890 3817 966 3883 fusa,
1021 3817 1078 3887 nis,
1094 3834 1152 3874 non
1168 3819 1354 3874 inferendum
1369 3819 1437 3874 inde
1458 3818 1655 3875 voluntariam
1683 3834 1738 3890 per
1753 3819 1843 3875 disci·

143 3880 208 3963 felia
219 3882 275 3937 dici
286 3881 410 3967 videtur.
422 3881 529 3939 blabill.
547 3891 612 3956 post
626 3886 778 3942 eruditiss.
802 3886 835 3942 D.
859 3893 968 3944 bucan-
1022 3888 1119 3972 plicas
1134 3888 1371 3963 flagellationem,
1383 3889 1447 3961 jam
1460 3899 1528 3946 tuno
1543 3907 1602 3946 evo
1612 3895 1641 3948 fl.
1652 3889 1842 3964 Nadcgundis

145 3968 237 4026 grum.
255 3952 425 4016 Postroarta.
441 3970 492 4010 eeu
505 3953 795 4020 Posticiaria,dicitur
810 3976 827 4015 a
842 3958 967 4028 Postico,
1023 3974 1052 4015 tu
1065 3977 1118 4016 usu
1133 3961 1300 4027 fuisseque
1316 3978 1368 4033 pro
1383 3968 1472 4028 certo,
1485 3963 1603 4019 nonnisi
1621 3963 1778 4019 undecimo
1789 3979 1845 4020 se·

145 4026 222 4097 quod
245 4025 400 4098 est,inquit
414 4030 523 4096 Papcas
536 4027 565 4083 in
581 4027 733 4094 Vacabat..
749 4030 834 4086 latens
857 4033 968 4097 ostiam,
1023 4031 1099 4101 culo,
1117 4049 1134 4088 a
1149 4032 1299 4089 Dominico
1328 4033 1459 4089 Loricato
1476 4040 1504 4089 et
1520 4034 1604 4090 Petro
1632 4033 1780 4101 Damiani,
1800 4051 1843 4091 or·

148 4097 190 4153 sic
204 4096 318 4167 dictam,
334 4098 405 4170 quod
419 4104 553 4154 remotum
566 4103 603 4155 ait
627 4101 777 4171 upublr'co.
805 4101 974 4158 Posticinria
987 4082 1009 4150 C
1023 4108 1087 4159 tum
1104 4107 1227 4176 accepit.
1250 4105 1306 4161 iloo
1326 4105 1416 4174 igitur
1443 4107 1529 4161 verbo
1552 4107 1654 4172 utitur,
1672 4112 1704 4162 ut
1721 4107 1844 4163 suadeat

68 4184 71 4191 ’
145 4173 244 4225 eutem
270 4176 316 4227 eat
330 4186 396 4243 quaa
411 4187 509 4227 curam
528 4173 615 4227 babet
631 4174 787 4243 recipiendi
804 4189 838 4229 ea
852 4190 916 4246 qum
941 4174 971 4230 iu
1023 4175 1137 4231 beatam
1155 4177 1283 4245 reginam
1308 4176 1419 4232 nullam
1437 4183 1528 4233 artem
1543 4180 1776 4249 pretermisisse,
1792 4194 1847 4247 aua

147 4244 357 4298 monasterium
385 4245 585 4314 deportantur,
610 4250 640 4301 et
673 4246 887 4302 transmittendi
909 4263 972 4316 qua
1023 4263 1140 4303 carnem
1163 4247 1297 4304 rebellem
1314 4255 1465 4316 attereret;
1483 4251 1530 4305 sed
1548 4266 1601 4306 nec
1616 4252 1703 4305 etiarn
1719 4250 1847 4322 discipli-

145 4313 400 4383 transmlttuntur,
417 4331 481 4387 que
497 4315 583 4388 vulgo
607 4318 684 4389 apud
702 4319 845 4373 moniales
868 4318 974 4374 dicitur
1023 4335 1200 4392 numquam
1226 4321 1289 4391 ipse
1316 4320 1439 4390 epistola
1455 4322 1489 4377 23
1513 4321 1554 4376 lib
1579 4322 1800 4391 assequentem
1822 4326 1849 4379 et

143 4383 174 4439 lo
188 4387 364 4454 esurierant
393 4388 496 4458 probat
507 4391 771 4446 benarduanoster
788 4391 817 4445 iu
831 4390 972 4448 concord.
1024 4406 1141 4463 gravem
1158 4393 1262 4447 suadet
1286 4392 1483 4448 adhibendam
1504 4395 1541 4449 ad
1557 4395 1747 4451 refrenandos
1762 4393 1847 4451 ell're·

150 4453 251 4529 ltegul.
269 4459 395 4532 cupdl,
417 4460 492 4529 §tt
518 4460 656 4518 Piratium
680 4460 777 4533 liquor
798 4461 901 4533 epiris
925 4478 973 4518 cx·
1027 4479 1080 4519 uua
1109 4465 1353 4536 concupiscentie
1371 4470 1477 4520 motus.

144 4606 1847 4653 ww

399 4745 632 4908 VITA
714 4746 1073 4915 SANCTI
1147 4750 1601 4920 HUGONIS

779 4989 929 5048 auuarts
953 4990 1212 5052 CLUNIACENSlS

516 5175 595 5270 AB
641 5176 1042 5275 HILDEBERTO
1073 5177 1472 5277 CONSCRIPTA.

179 5374 271 5448 (Hanc
287 5376 383 5438 Vitam
402 5392 437 5437 ea
462 5381 541 5439 actis
563 5392 730 5442 secutorum
756 5382 962 5459 Bollaod.Jam
991 5384 1138 5443 dedimus.
1169 5386 1339 5459 Patrolopiae
1352 5390 1423 5444 tom.
1440 5385 1533 5456 cuttt,
1549 5389 1604 5445 col.
1620 5387 1686 5457 857,
1698 5387 1729 5444 iu
1744 5388 1777 5446 8.
1796 5385 1858 5446 llu-

879 5500 955 5548 eoua
978 5485 1124 5558 Cluniae.)

986 5790 995 5819 f
