3802 6030
73 154 129 214 tut
861 148 988 214 NOTAE.
1720 162 1782 226 aas

10 332 12 371 ι
72 284 106 344 u.
123 288 252 360 Loyaute
263 285 299 343 sd
311 283 450 360 epistolas
462 283 598 344 ildeberti
612 287 764 358 paraverat
775 284 901 342 serutari
916 288 941 358 Α
958 289 1059 361 utpote
1070 286 1194 346 doinieis
1208 287 1443 362 inepiscopetum
1454 293 1615 350 maturatos
1625 292 1655 350 io
1666 295 1780 368 episeo-

67 375 181 444 lioeret‚
194 382 385 434 occurrerunt
397 377 480 433 nobis
495 377 554 431 duo
568 394 640 432 mss.
658 375 810 447 epistolam
828 375 899 432 ilde·
954 382 1022 449 patu
1042 377 1151 452 legitur
1165 379 1314 437 tolerasse.
1330 380 1482 454 Nusquam
1498 388 1596 440 tameo
1613 387 1706 441 sancti
1725 387 1779 443 Pn-

66 468 138 523 berti
156 468 214 538 ipsi
245 469 363 523 circiter
374 467 457 539 quasi
474 467 571 530 coeat.
586 469 620 523 ed
634 482 762 538 quorum
775 465 897 523 alterius
951 472 1012 524 tres
1027 468 1067 525 its
1082 473 1207 544 tempori
1224 487 1333 529 morem
1350 473 1478 544 gessisse
1493 473 1640 545 leguntur.
1658 478 1713 534 nisi
1728 477 1779 534 ubi

70 558 236 626 marginem
252 557 382 629 sonipes
396 573 482 612 manu
499 555 780 629 notatasqaosdam,
791 561 824 610 nt
838 572 897 611 ore·
953 557 1019 629 plns
1034 558 1168 616 Ecclesiae
1178 559 1294 629 lenitas,
1309 578 1396 633 quam
1406 564 1547 621 canonica
1558 566 1697 623 severitas
1708 585 1778 641 pro·

67 645 205 715 derepar
228 654 282 711 ost,
303 646 471 719 aliquando,
499 654 585 717 prout
614 649 638 701 ot
669 645 893 714 inanimoerat,
951 647 1215 706 iioerevidebatur.

67 735 255 792 excudendas
276 737 463 810 excripserat.
486 736 563 800 Oeae
586 752 652 792 eunt
678 734 816 791 litteratis
838 751 895 791 non
986 739 1027 794 tu
1040 741 1192 810 judiciam.
1215 740 1439 812 Appellavernnt
1462 745 1560 800 sedern
1585 744 1773 814 apostolicam

67 826 200 897 ingratas
217 832 277 884 iore
292 828 505 896 censuerimus,
521 826 587 882 illas
604 826 707 881 litteris
719 825 786 882 licet
802 825 896 881 minu·
950 829 1770 906 centinioittodegavenses,uodeminaturmelropolitnno

68 914 204 984 tissimis,
226 923 255 971 et
277 918 371 972 visum
394 933 468 989 pene
493 917 674 990 fugientibus
693 920 824 972 exaratas
848 915 895 971 hio
949 934 1002 974 suo
1018 916 1171 975 ildeberto.

64 1006 154 1061 etiam
170 1007 347 1080 adjecimus.
986 1011 1027 1061 dd
1044 1008 1257 1066 duodecimam.
1275 1009 1528 1066 Commonitorium.
1545 1010 1769 1085 Sigoiridusep.

100 1096 150 1152 Sic
168 1096 309 1152 nimirum
330 1096 367 1152 od
385 1097 538 1168 epistolem
569 1095 728 1153 secundem
758 1094 893 1151 ildeberti
949 1102 976 1163 ο,
1001 1099 1137 1171 Gregorio
1159 1098 1255 1157 Vitta
1280 1100 1359 1165 Quod
1380 1101 1409 1156 in
1439 1106 1648 1159 commonitorio
1672 1112 1770 1161 vestro

65 1185 234 1242 scribebat:
256 1185 401 1242 iliouiloni
422 1186 477 1258 172)
501 1186 608 1255 scripta
640 1184 764 1256 hecep.
794 1184 894 1257 lingua
950 1189 1089 1260 posuistis
1105 1195 1263 1246 mevestrae
1287 1192 1455 1263 paternitati
1475 1193 1705 1258 set·retum,irno
1720 1209 1769 1250 ea·

63 1275 245 1343 Aremorica,
263 1292 328 1348 ques
341 1275 451 1332 Gallice
480 1274 756 1331 vetuissetttivalto
785 1275 894 1330 dicitur
948 1278 1018 1334 iotis
1036 1295 1105 1334 mee
1120 1282 1306 1336 commisisse
1321 1280 1489 1348 consilinm,
1506 1287 1534 1336 et
1549 1282 1770 1353 atiaqnaedam,

65 1362 187 1420 rebellis
202 1370 231 1420 et
254 1376 414 1437 protervus.
440 1366 550 1421 Atiotor
577 1364 704 1420 historie
718 1367 745 1423 d.
772 1362 893 1420 Turiani
949 1367 1032 1440 qnasi
1048 1369 1238 1426 correctionis
1254 1370 1355 1426 limam
1370 1370 1534 1437 addidistis,
1546 1373 1583 1427 ad
1598 1374 1770 1444 nauigatio·

62 1456 194 1529 episcopi
205 1456 353 1512 ootsnsts:
371 1457 523 1529 Presbyter
538 1456 656 1528 quidam
666 1456 702 1512 de
717 1455 893 1528 primatibus
949 1474 1016 1515 nem
1028 1457 1130 1515 vitoeet
1142 1475 1264 1516 morum.
1277 1487 1291 1514 s
1306 1461 1387 1526 Quod
1404 1461 1439 1517 ad
1450 1460 1772 1531 commonitoriumin·

61 1542 223 1600 britannie
239 1544 354 1614 procaci
373 1544 500 1600 nominis
515 1543 562 1599 eui
574 1558 645 1601 usus
657 1542 807 1610 vocabulo,
825 1558 892 1599 nam
949 1547 1052 1605 steilus
1067 1549 1102 1603 ad
1115 1564 1241 1606 canones
1252 1549 1415 1607 Africanos.

62 1632 176 1688 iliratlu
192 1633 447 1705 dicebaturiquod
459 1631 596 1690 rebellem
618 1631 766 1704 sigoiiioat
780 1636 809 1688 et
824 1648 891 1704 pro·
910 1673 931 1738 B
983 1636 1036 1693 Sed
1056 1637 1145 1697 ruinae
1155 1640 1311 1711 populures.
1339 1639 1402 1699 Non
1431 1643 1609 1698 conveniunt
1624 1641 1678 1698 viri
1693 1642 1771 1699 docti

62 1723 190 1794 torvum)
207 1721 316 1794 sagitta
328 1720 435 1778 diaboli
447 1719 525 1778 ictus
550 1724 605 1778 est.
629 1720 700 1777 Inde
724 1719 891 1777 idiotismus
946 1727 982 1783 de
999 1744 1053 1785 usu
1063 1743 1127 1786 ean.
1153 1743 1235 1786 cono.
1250 1728 1369 1787 Nireni.
1387 1729 1479 1804 Negat
1493 1730 1580 1787 Sirm.
1604 1736 1671 1803 post
1686 1747 1767 1789 conc.

63 1819 163 1870 noster
179 1813 321 1869 retinuit:
338 1813 446 1870 Rieoue
465 1813 514 1886 qui
530 1813 667 1869 adversae
680 1816 778 1886 partes
792 1811 891 1869 fovent
944 1817 1150 1889 Nicenunrjue
1162 1817 1253 1875 luisse
1269 1819 1376 1892 populo
1389 1819 1534 1893 suiirsgii,
1547 1837 1671 1894 eamque
1686 1826 1767 1892 pots·

59 1908 243 1975 tuentnrque
261 1903 458 1975 pertinaciter.
944 1912 1053 1964 statem
1066 1909 1404 1982 penesepieoopossoloe
1419 1911 1510 1968 inisse
1524 1911 1767 1977 assentationib-

99 1994 891 2068 Plureseodemtemporeeiusdemnomiuiearohidis·

60 2086 128 2140 coni
144 2085 289 2141 etdiversi
306 2083 442 2140 sidentur
456 2084 539 2140 mihi.
552 2084 600 2141 Sic
616 2084 741 2156 legimus
763 2083 888 2142 ilivsllo-

60 2191 128 2231 nem
153 2179 367 2230 Menoetensem
392 2173 630 2230 archidiaconum
662 2173 804 2246 dignitate
836 2189 891 2229 sua

59 2281 178 2322 caesuin
197 2265 225 2319 in
243 2262 608 2336 eootrstottanaeteastto
620 2263 888 2337 liaclovienslsup·

60 2370 161 2428 parem
173 2355 209 2409 ed
228 2355 355 2411 Petrum.

97 2445 142 2498 nd
158 2443 312 2515 epistolam
329 2443 456 2498 tertiam.
473 2442 554 2498 Adde
573 2458 675 2498 versus
704 2433 840 2498 bandrici
854 2442 890 2498 de

62 2533 303 2604 nationeAndeg.
328 2536 436 2606 quihus
454 2533 568 2588 evinces
587 2548 692 2605 magno
717 2549 834 2605 semper
859 2533 889 2588 in

57 2624 151 2697 pretio
166 2623 259 2680 iusisse
274 2623 415 2679 litteratos
429 2623 505 2695 apud
519 2621 637 2696 angios.

95 2718 191 2775 Uertice
201 2722 297 2772 nostru
311 2717 432 2772 samua
442 2728 597 2781 emortuus.
610 2714 722 2771 seilicet
732 2715 888 2780 surculos:

60 2805 237 2861 diilsurouii
250 2806 433 2862 dicabantur.
459 2807 558 2862 nobas
586 2804 727 2861 Calleneis
731 2804 835 2877 ,epist
852 2805 889 2876 53

943 2013 999 2068 qus
1025 2014 1083 2069 qrro
1105 1996 1195 2070 pollet
1223 1999 1332 2071 ingenii
1348 2001 1482 2056 acumine
1497 2017 1532 2057 ex
1543 2000 1649 2057 Basilio
1664 2005 1693 2058 et
1707 2007 1765 2056 An·

944 2089 1100 2160 pbiloehio.

979 2179 1091 2235 Nullum
1104 2180 1216 2235 timetis.
1238 2179 1412 2235 Hincmarus
1429 2180 1584 2252 episcopus
1599 2181 1634 2235 ad
1652 2179 1764 2236 olerum

943 2273 972 2326 et
986 2269 1097 2335 plebem
1109 2273 1348 2327 Cantereccnsem
1359 2286 1391 2325 ex
1401 2269 1523 2325 decretis
1539 2269 1654 2334 Leottis,
1665 2286 1691 2325 o.
1708 2270 1762 2326 dli:

944 2383 958 2411 a
975 2359 1077 2417 Nullus
1093 2361 1190 2416 inultis
1206 2365 1233 2416 et
1248 2375 1306 2417 nm
1321 2359 1485 2429 petentibus
1500 2360 1660 2426 ordinetur,
1679 2359 1763 2415 neol-

944 2448 1028 2505 vibue
1039 2450 1206 2516 episcopum
1221 2455 1416 2519 nonoptatom
1429 2448 1766 2516 contemnanuaotode·

944 2538 1013 2608 rint,
1028 2548 1057 2594 et
1072 2539 1123 2593 fiat
1149 2539 1246 2594 minos
1261 2538 1397 2607 religiosa
1421 2554 1509 2609 qrrnm
1525 2538 1658 2594 convenit
1673 2538 1766 2612 [supp.

943 2627 1074 2700 electio];
1105 2644 1264 2684 necnon
1286 2626 1393 2682 hahere
1411 2644 1497 2699 quern
1526 2626 1629 2682 noluit.
1648 2650 1662 2676 a
1686 2627 1718 2683 lit
1732 2628 1763 2683 in

943 2719 1058 2774 decreto
1088 2721 1155 2774 oleri
1185 2718 1387 2773 Loudunonsis
1408 2718 1444 2772 de
1468 2716 1640 2782 liedenulio,
1656 2716 1764 2774 electo:

943 2832 958 2860 a
974 2811 1047 2877 Quia
1064 2809 1110 2864 cot
1131 2809 1211 2863 debet
1232 2810 1269 2863 ab
1285 2807 1422 2863 ottonibus
1450 2806 1573 2877 obediri,
1604 2805 1704 2878 ntique
1728 2807 1764 2862 ab

61 2919 75 2947 a
91 2896 184 2968 Cujus
201 2897 281 2952 illius
294 2897 425 2953 tueritex
439 2896 627 2969 prirnoribus,
637 2911 689 2952 nec
701 2893 890 2953 ramusculus
944 2897 1176 2955 omnibusdebrt
1189 2899 1268 2970 eligi.
1286 2919 1300 2947 n

57 2987 120 3059 ipss
136 3004 154 3042 a
170 2988 279 3042 radicis
296 2987 474 3058 pinguedine
490 2992 616 3058 paterne
631 2988 823 3059 degenerat.»
840 2987 924 3117 tio-‘j¹
979 2990 1021 3044 ad
1038 2989 1182 3045 decimam
1199 2988 1311 3061 catinia.
1336 2987 1381 3043 Ari
1404 2986 1478 3057 regis
1506 2986 1622 3042 delirius
1640 2989 1764 3057 formoso

56 3077 169 3150 rippas,
181 3076 233 3134 lib.
251 3093 316 3133 ιιι(
309 3077 504 3132 «Arborisut
524 3076 626 3133 matris
646 3077 761 3149 quode
791 3047 924 3135 radiceG
941 3079 1020 3154 fricto
1043 3094 1081 3136 rs.
1108 3078 1215 3135 Chron.
1232 3077 1342 3135 'lurorn
1364 3094 1412 3134 ao.
1441 3076 1626 3149 imperatoris
1646 3075 1761 3132 ilenrici

57 3183 187 3240 propago
204 3168 345 3224 nascitur.
362 3187 376 3216 o
939 3185 1025 3234 xettt,
1037 3173 1066 3225 el
1081 3167 1207 3239 Philippi
1222 3182 1300 3222 xuttr.
1320 3165 1459 3222 llnnrieus
1484 3183 1533 3222 rex
1548 3165 1656 3232 ungite
1680 3164 1762 3221 duxlt

93 3257 136 3310 nd
151 3256 317 3327 septimam.
335 3254 494 3313 marianos
509 3255 542 3311 rte
558 3254 727 3328 clincampo,
756 3253 887 3330 vulgode
940 3259 970 3317 io
983 3272 1101 3313 uxorem
1113 3256 1278 3312 blithildem
1291 3272 1419 3311 sororem
1433 3253 1761 3324 DavidieregisSootie,

55 3344 229 3418 clinchamp.
247 3347 391 3417 imperem.
408 3347 494 3403 Pares
508 3348 596 3403 viret
610 3363 692 3405 uxor.
940 3347 1029 3404 illiont
1039 3344 1242 3416 Moleomi,seu
1260 3344 1405 3402 Malooimi
1421 3343 1506 3417 regis,
1524 3360 1610 3414 troam
1633 3345 1763 3414 suscepit

92 3437 204 3494 Tradita
218 3446 268 3494 ret.
286 3440 357 3492 Aeta
371 3435 516 3496 tilberoii:
539 3456 552 3482 κ
565 3437 643 3493 iuter
671 3452 721 3493 eos
743 3435 886 3511 [Marcum
941 3453 975 3496 ex
986 3437 1015 3493 S.
1031 3433 1187 3506 Margarita
1196 3433 1349 3504 regioa3et
1359 3436 1459 3506 postea
1473 3433 1575 3505 genuit
1592 3449 1640 3488 rex
1658 3431 1761 3487 ilenri·

58 3534 88 3584 et
104 3529 227 3598 Verum]
239 3530 425 3596 convenerat,
440 3531 472 3583 ot
488 3530 563 3582 stato
576 3523 623 3582 die
639 3525 747 3582 Lucius
768 3525 887 3599 quidem
942 3544 995 3585 eus
1009 3543 1043 3582 ex
1058 3542 1092 3582 sa
1106 3522 1309 3590 Guitlelmum,
1326 3529 1354 3577 et
1368 3523 1442 3578 duos
1458 3522 1535 3577 utine
1550 3520 1720 3578 Mothildem
1736 3525 1766 3579 et

60 3618 97 3674 ab
113 3616 244 3684 Oriente,
254 3615 420 3673 Antoninus
433 3625 530 3672 antem
542 3615 635 3672 Roma
649 3616 780 3671 venirent
798 3616 890 3688 tiphe·
942 3613 1152 3674 Notham.Will
1164 3612 1314 3669 lisimesb.
1325 3611 1464 3682 liegeetie
1479 3627 1580 3683 rogum
1593 3610 1765 3683 anglorum,

61 3724 142 3768 sum.
157 3713 185 3761 et
202 3708 230 3761 in
247 3705 353 3777 templo
368 3706 445 3777 qttod
462 3705 501 3761 rbi
517 3711 579 3761 erat
595 3708 699 3772 Diana,
712 3706 888 3775 antoninos,
943 3704 1052 3779 pag.93
1067 3708 1093 3759 et
1107 3720 1170 3776 pag.
1185 3703 1247 3771 122,
1260 3703 1288 3755 in
1305 3699 1459 3758 Guillelmo
1470 3701 1513 3768 tt;
1532 3701 1672 3757 Henrions
1688 3706 1765 3775 ityn·

59 3798 209 3859 doateete,
231 3796 356 3851 traderet
379 3795 517 3865 puellam,
529 3796 637 3850 Lucius
653 3810 718 3850 rero
733 3794 889 3866 acciperet.
944 3794 1197 3868 gthondonieneis,
1216 3791 1289 3861 litet,
1303 3793 1351 3846 ttb.
1367 3808 1406 3857 ur,
1423 3807 1488 3863 pag.
1504 3791 1575 3857 366;
1593 3791 1767 3848 lidmundus

96 3889 139 3942 Ad
156 3895 298 3942 octavam.
316 3885 486 3942 Fiubetlum.
504 3884 672 3946 Aoeelmus.
698 3883 748 3939 lib.
772 3899 814 3950 tu,
843 3900 888 3956 ep.
944 3882 1190 3942 iitiueiidmnndi.
1218 3881 1269 3938 llio
1285 3881 1338 3936 fuit
1357 3888 1456 3953 pustar
1478 3881 1639 3954 Margaritae
1660 3881 1767 3954 regione

61 3976 131 4031 iiiii:
151 3976 281 4031 s'iutius
293 3982 322 4031 et
333 3973 504 4046 diligentius
526 3983 604 4045 puto,
631 3975 749 4029 utralix
777 3974 824 4044 ine
840 3977 891 4030 eut
944 3976 1108 4032 Scotorum.
1122 3970 1277 4044 Margarita
1293 3987 1359 4026 vero
1375 3971 1429 4026 tuit
1446 3978 1539 4028 mator
1555 3970 1705 4027 iitathildis
1718 3988 1768 4028 re·
1875 3992 1878 3999 ·

61 4083 183 4131 muscae,
201 4079 253 4121 aut
267 4064 378 4137 aliquid
400 4066 537 4121 indecens
552 4080 582 4120 tn
603 4063 685 4119 illurn
702 4063 799 4133 cedet,
814 4066 891 4136 quod
945 4064 1020 4137 glore
1034 4061 1235 4135 lingiorumet
1252 4060 1768 4133 bavidieurbanissimiregissooto·

61 4154 542 4227 smpscontigiseecognovimns),
569 4159 628 4209 tarn
654 4159 774 4226 oportue
803 4170 891 4225 quarn
946 4170 1022 4210 rum.
1054 4151 1133 4208 Idem
1153 4150 1398 4216 coornatione,
1424 4167 1488 4222 pag.
1519 4152 1580 4217 380,
1599 4152 1684 4206 reteri
1704 4152 1768 4219 ejus

60 4247 268 4314 discoopertus
288 4243 528 4316 contingentibus
549 4242 747 4300 immunditiis
764 4259 890 4316 expone·
945 4243 1058 4300 obitum
1084 4240 1119 4297 ad
1150 4257 1197 4296 on.
1212 4256 1259 4296 xiv
1283 4237 1390 4294 minuti
1414 4255 1470 4296 xvr.
1488 4238 1619 4310 Rogrrus
1635 4239 1670 4292 de
1687 4242 1768 4294 ilon-

60 4339 149 4392 tua.»
947 4333 1062 4405 gthon.,
1091 4348 1157 4402 pag.
1178 4331 1224 4387 68.
1251 4331 1308 4386 ilex
1329 4330 1490 4401 Anglorum
1516 4327 1656 4383 tierricus
1673 4328 1770 4383 minor

97 4426 138 4479 Ad
160 4440 265 4479 nonam
287 4421 387 4479 Petilio
399 4425 503 4478 uestro.
517 4420 891 4479 Marutesnorumauntn-
908 4429 932 4496 ῃ
950 4430 1018 4478 natu
1040 4422 1150 4494 lingitis
1166 4420 1354 4491 congregavit
1370 4417 1523 4474 bondonis
1535 4423 1564 4472 et
1579 4417 1654 4489 regis
1666 4418 1768 4474 Scuto·

59 4515 100 4571 tis
117 4513 234 4569 litteris.
252 4512 281 4567 in
301 4513 396 4570 lasese
410 4518 529 4569 excusat
544 4511 580 4568 ad
599 4511 890 4584 tnuegsvsnseaqot
945 4530 1009 4569 rum
1027 4509 1181 4574 ldelcolmi,
1196 4516 1224 4564 et
1244 4508 1407 4580 Margaritae
1422 4507 1527 4574 regine
1549 4507 1637 4564 uttam
1655 4506 1771 4564 unintt-

63 4620 134 4661 euna
152 4605 346 4658 invitaverant
361 4608 394 4658 ad
411 4601 659 4659 consecrationem
676 4601 759 4658 electi
771 4600 828 4658 eui.
946 4599 1025 4668 dem,
1060 4599 1177 4656 nomine
1197 4613 1325 4654 sororem
1331 4637 1386 4656 .....
1417 4594 1531 4668 Edgari,
1559 4596 1713 4655 storanurt
1743 4607 1771 4654 st

98 4693 211 4751 Glossae
228 4694 342 4750 isidori.
361 4692 532 4766 Rogatertue
548 4695 729 4763 corripetitor.
946 4691 1036 4751 David
1047 4690 1075 4746 in
1091 4689 1197 4762 tingite
1214 4688 1334 4759 accepit.
1347 4705 1435 4762 quarn
1453 4687 1611 4746 Anselmns
1628 4689 1769 4745 llorober·

99 4786 306 4854 iletrprosarum
322 4779 891 4852 periuriorum.abbatesousodoautem
947 4781 1058 4838 niensis
1074 4784 1132 4853 (seu
1148 4778 1392 4849 cantuariensis.)
1408 4778 1537 4853 archiep.
1555 4777 1707 4836 Dominico
1722 4779 1770 4834 die

59 4876 192 4948 primum
206 4873 234 4928 in
251 4875 443 4928 electionibus
471 4873 676 4945 episcoporum
698 4870 827 4943 satiregii
842 4872 893 4943 jus
947 4869 1114 4928 festivitatis
1124 4875 1152 4926 8.
1169 4869 1285 4926 Martini
1304 4867 1436 4940 reginam
1454 4872 1674 4925 consecravitet
1690 4884 1770 4925 coro·

60 4963 232 5031 habuerint,
249 4966 402 5025 incertum,
427 4968 457 5017 et
484 4964 544 5028 itari
567 4963 632 5031 jure
656 4961 684 5017 iu
701 4962 894 5019 electionibus
948 4958 1402 5030 nevitlntrrepistnlasvariosa
1421 4956 1772 5024 Gretscroeditar,exetat

60 5069 254 5113 summorum
269 5052 451 5124 pontiiicum.
947 5047 1073 5122 epistola
1088 5048 1201 5103 ilenrtoi
1224 5045 1409 5117 imperatorie
1424 5048 1459 5103 ad
1478 5047 1645 5103 Mathildern
1662 5048 1771 5121 dogio·

100 5147 269 5203 Necessario
301 5141 517 5215 dispensatione.
549 5141 711 5199 Beroaldus
741 5143 893 5216 presbyter
948 5135 1772 5211 cumreginamquamsioalloquitor:Sicutoonnul·

61 5234 300 5292 constantiensis
310 5231 800 5288 devitandaexcommuotcatorum
811 5248 891 5289 com·
948 5231 1043 5288 lorum
1071 5227 1212 5284 relatione
1229 5227 1384 5284 didicimus
1408 5225 1517 5283 multas
1532 5231 1629 5301 grates
1648 5228 1772 5286 bonitati

61 5326 217 5389 munione,
233 5329 261 5381 et
273 5322 507 5381 reconciliatione
522 5321 683 5393 lapsorum.
697 5325 754 5380 Leo
770 5323 893 5394 lingone
947 5327 1015 5390 tun,
1032 5317 1275 5378 tnnltadebemus
1291 5321 1466 5393 argumenta
1486 5315 1631 5375 amicitiae.
1650 5337 1663 5369 a
1680 5320 1723 5375 ab
1738 5335 1772 5377 eo

62 5414 245 5474 scribensnd
257 5413 408 5487 episcopos
420 5411 612 5481 Mauritania,
623 5412 710 5468 etiarn
720 5412 892 5487 neophytos,
949 5411 1022 5469 iorte
1032 5411 1150 5486 scripta,
1167 5425 1235 5467 cum
1250 5409 1369 5468 idolum
1380 5412 1499 5485 peteret.

99 5545 159 5619 (72)
174 5541 259 5603 Unde
272 5541 369 5600 ueniat
382 5539 558 5599 vocabulum
574 5541 666 5612 ltioot,
681 5555 731 5598 seu
755 5539 785 5598 in
814 5539 891 5614 plur.
908 5543 1018 5599 dionae
