3802 6030
558 302 678 377 orata
699 303 749 373 aa
771 304 804 367 S.
830 304 1105 381 taessalatis.
1603 309 1683 381 tras

71 450 196 507 usquam
207 433 471 508 legiturlymphem
488 435 577 493 simul
594 436 778 509 apposuisse.
813 441 840 509 Α
856 435 911 491 Sed
928 438 1026 494 aldana
1040 454 1129 515 quam
1143 438 1388 511 dispositissimus
1404 440 1475 497 ordo
1489 443 1620 513 geratur,

72 524 98 580 id
111 522 323 580 Melchisedech
340 533 450 596 purtem
466 524 501 581 de
513 531 593 598 porte
608 527 720 593 recidit,
856 526 1006 591 Quomodo
1022 544 1146 601 quaque
1162 544 1215 585 auu
1231 528 1287 585 suh
1304 533 1434 600 [empore
1448 528 1682 593 distribuanturr

72 614 235 669 isacrooda
249 613 306 669 lleo
322 613 443 687 posthoc
460 613 515 671 tria
530 631 654 671 munera
666 616 765 673 vidit?
855 614 971 671 Scimus
986 617 1064 673 enim
1080 618 1150 691 quia
1166 634 1221 673 nor
1238 618 1267 673 in
1283 634 1340 693 qua
1351 617 1427 677 Deus
1442 618 1504 675 hac
1523 619 1682 683 statuebat·

73 703 157 775 igura
174 703 251 772 noui,
268 702 293 758 si
308 709 377 759 tune
393 720 427 760 ea
442 722 524 761 serre
541 706 668 767 luerunt.
855 708 961 763 Lucem
978 722 1036 779 qua
1048 706 1143 763 luerat
1158 724 1301 779 passurus
1316 707 1520 778 proveniebat.

80 790 169 847 simul
180 791 802 866 offerimuscarlymphamnonhabucruoti
856 793 930 865 Ergo
947 793 1085 864 mortalis,
1100 796 1249 868 passibilis
1265 801 1294 851 et
1309 795 1481 864 mariturus,

72 881 165 936 ninus
180 884 277 951 lesus,
293 885 343 955 qui
361 883 464 938 mundi
480 883 604 941 crimina
617 883 697 953 lauit,
857 883 920 939 llaec
936 899 1020 941 sacra
1034 884 1200 954 constituit,
1215 901 1280 941 mox
1296 884 1390 943 bustis
1403 903 1469 943 vcra
1482 887 1611 947 iuturus.

72 987 177 1026 :racem
195 987 300 1041 panem
319 988 386 1026 cum
402 975 469 1027 vino
486 973 679 1040 sacrificauit3
857 974 889 1028 Et
905 978 936 1028 tu
953 974 1058 1043 credis,
1075 973 1173 1045 homo,
1190 975 1268 1049 quod
1285 991 1342 1031 non
1357 976 1459 1031 redimi
1477 975 1608 1047 potuisti,

72 1058 800 1135 rsrpuamlegiturqaodaquamsimulipsehibisset,
856 1061 914 1118 Nec
929 1065 1111 1134 reparandus
1126 1079 1203 1130 eras,
1219 1062 1276 1119 nisi
1292 1064 1357 1121 loeo
1374 1063 1516 1136 sanguiue
1530 1064 1650 1131 Christi.

72 1150 121 1204 rod
138 1149 293 1221 discipulis
309 1150 388 1205 aliud
407 1167 496 1221 quarn
508 1151 577 1209 uiua
592 1152 729 1207 dedisset.
856 1150 910 1206 Sed
931 1166 983 1206 uec
999 1151 1120 1223 sanguis
1134 1156 1197 1207 eret
1211 1150 1305 1220 lusus,
1322 1167 1375 1207 oea
1389 1155 1421 1209 tu
1438 1165 1601 1223 reparatus.

72 1238 135 1311 quid
152 1244 196 1295 est
214 1238 284 1293 illud
298 1240 374 1309 quod
390 1256 497 1311 equam
511 1240 576 1296 uioo
592 1241 751 1309 sociamus,
857 1239 975 1311 Propter
990 1240 1020 1303 id
1036 1240 1064 1295 in
1078 1255 1160 1297 coeoa
1176 1257 1233 1297 oon
1246 1257 1277 1297 aa
1293 1240 1407 1298 Christo
1422 1241 1560 1300 saciatus.

73 1345 155 1399 uum,
170 1345 223 1385 aec
239 1346 346 1402 equum
360 1348 411 1403 par
428 1347 469 1400 so,
497 1331 548 1389 sed
580 1337 738 1404 utrumque
753 1349 798 1391 sa·
856 1329 902 1386 Sic
918 1335 993 1386 Deos
1010 1330 1039 1387 io
1055 1346 1136 1387 eoeoa
1151 1346 1256 1403 paoem
1274 1331 1578 1405 sinumqueaacravit,

614 1421 765 1492 [cramus‘l
855 1419 909 1475 Sed
925 1435 990 1493 quas
1004 1423 1034 1475 ta
1049 1421 1184 1492 designat
1199 1436 1308 1503 aquam
1326 1437 1384 1476 noo
1400 1421 1568 1493 associavit,

77 1527 93 1565 o
109 1508 335 1576 Melchisedech,
352 1526 528 1583 decoquam
546 1511 799 1583 praesignificasse,
856 1508 927 1568 Num
944 1510 1143 1569 consummari
1160 1509 1242 1582 prius
1257 1509 1357 1573 omnia
1370 1511 1571 1573 conueniebat.

75 1615 127 1654 eus
142 1599 171 1654 in
187 1616 269 1655 amaa
284 1599 431 1655 scribatur
446 1616 508 1654 cam
527 1600 674 1655 statuisse.
856 1599 923 1662 Qua
938 1597 974 1652 da
987 1604 1080 1652 merle
1096 1597 1190 1653 crucis
1204 1596 1250 1653 lex
1264 1601 1352 1669 atque
1368 1599 1511 1671 propbeta
1530 1600 1665 1659 canebat.

72 1705 118 1744 ees
130 1689 199 1760 quid
217 1704 302 1758 arpua,
315 1689 385 1760 quid
402 1688 468 1744 vino
485 1689 674 1759 significetur,
856 1686 930 1757 Ergo
945 1691 1128 1743 sacramento
1140 1686 1202 1757 jam
1217 1687 1324 1743 Christi
1340 1692 1433 1745 morte
1448 1695 1576 1765 peraeto,

78 1777 104 1833 iu
119 1777 238 1845 lucebit,
255 1793 318 1849 qua
336 1795 414 1832 nunc
429 1778 554 1834 obscura
569 1778 691 1835 videtur.
818 1803 841 1871 B
856 1775 988 1846 Principe
1001 1774 1107 1846 pcccati
1123 1775 1257 1833 mirando
1268 1776 1336 1847 jura
1351 1779 1484 1847 subacto,

72 1867 135 1923 liud
151 1867 228 1923 Patri
242 1884 331 1939 quam
347 1866 437 1922 Filius
455 1867 516 1940 ipse
533 1868 633 1923 litatur
856 1864 914 1920 Nos
928 1865 1037 1939 quihus
1052 1864 1206 1937 antiquum
1224 1872 1371 1939 raptorem
1391 1866 1575 1941 despoliavit,

72 1973 129 2013 rem
148 1963 245 2012 nostra
263 1961 318 2013 beo
336 1962 442 2013 natura
458 1957 683 2027 reconciliatum
854 1958 935 2010 sicia
947 1955 1015 2025 jure
1029 1971 1098 2011 suos
1115 1955 1249 2013 Christus
1262 1956 1317 2013 sibi
1330 1956 1520 2017 consociavit.

73 2046 151 2101 enim
169 2046 220 2119 qui
241 2063 319 2101 nunc
334 2061 423 2116 super
439 2063 521 2103 aram
538 2047 744 2117 sancriucarur,
856 2045 936 2111 Quod
951 2060 1004 2101 nec
1018 2043 1100 2113 abel,
1114 2061 1167 2101 occ
1179 2043 1468 2114 melchisedechum
1477 2046 1597 2107 victima
1608 2047 1682 2121 legia

71 2135 112 2191 ris
127 2152 193 2190 csse
208 2135 254 2191 sui
270 2136 423 2191 substantio
440 2152 497 2191 nun
514 2135 675 2191 dubitator.
857 2136 982 2203 lecerat,
999 2133 1055 2191 hoe
1069 2134 1135 2189 lecit
1150 2134 1242 2191 nostri
1258 2134 1378 2191 uictoria
1393 2137 1482 2205 regis.

72 2224 149 2280 idem
166 2241 285 2296 eorpus,
302 2225 379 2298 qood
397 2241 450 2279 aros
465 2225 500 2279 da
518 2225 634 2296 Virgine
655 2230 767 2293 uatum,
856 2222 934 2278 lderu
951 2223 1058 2294 quippe
1076 2224 1150 2280 oeus
1166 2228 1194 2281 el
1209 2222 1313 2297 presul
1327 2229 1354 2279 et
1365 2224 1464 2283 hostia
1479 2226 1584 2294 luctus,

72 2330 119 2386 que
135 2330 224 2387 super
234 2315 323 2371 cortes
334 2314 398 2384 jum
414 2315 563 2369 credimus
578 2330 642 2369 esee
659 2314 803 2371 levatum:
855 2311 1076 2369 praevaricantis
1091 2313 1160 2369 adra
1175 2312 1309 2369 dissolvit
1323 2318 1352 2369 et
1365 2311 1462 2385 capiat
1475 2321 1569 2373 actus.

76 2420 124 2458 aur
141 2405 252 2469 calicis,
271 2406 346 2473 quud
360 2404 558 2458 sanctificator
573 2403 602 2458 in
619 2421 678 2471 era,
855 2402 932 2459 Crux
948 2400 1038 2459 altare
1054 2401 1110 2457 tuit
1126 2401 1175 2457 ubi
1189 2400 1323 2461 Christus
1336 2404 1538 2475 sacrificatum

72 2509 123 2549 uor
138 2494 248 2548 cllusus
265 2493 412 2563 pronubis
429 2493 456 2547 in
471 2494 566 2548 crucis
582 2510 652 2550 ara:
854 2489 980 2561 Sanguis
995 2496 1024 2551 et
1039 2490 1117 2547 unda
1132 2490 1238 2560 flauut,
1253 2491 1340 2549 homo
1355 2491 1678 2551 Christocuosocialur.

72 2582 147 2639 enim
165 2598 270 2653 paoem
286 2599 393 2650 corpus
409 2581 487 2653 quod
502 2586 669 2653 sumpserat
693 2597 768 2653 esse,
855 2578 908 2633 llic
923 2583 951 2635 et
965 2576 1193 2651 chirographum
1211 2588 1316 2639 nostra
1330 2582 1409 2637 oecis
1424 2580 1627 2651 evacuatur⁴¹,

73 2672 146 2727 icem
164 2679 265 2743 potum
284 2672 423 2729 tondendi
441 2671 593 2743 sauguinis
608 2687 683 2726 ease.
855 2666 989 2723 Perfidus
1005 2669 1161 2736 occumbit,
1177 2684 1270 2743 genus
1286 2668 1448 2727 humanum
1465 2678 1629 2744 reparatur.

72 2777 182 2817 ieerraira
197 2778 315 2831 aquam,
330 2778 392 2832 quoe
406 2760 513 2817 labitur
524 2767 552 2817 et
563 2760 643 2817 ituit:
657 2760 707 2817 illa
854 2758 900 2813 sic
915 2757 963 2813 ubi
981 2757 1107 2829 providit
1123 2766 1229 2813 nostra
1244 2757 1320 2815 Deus
1335 2758 1397 2831 ipsc
1412 2759 1512 2829 saluti,

72 2851 283 2923 lSignitlcatur
303 2852 398 2919 lromo,
416 2867 460 2906 res
476 2849 572 2906 labilis
595 2857 681 2923 atque
696 2848 802 2915 saville,
858 2846 916 2902 Nos
932 2864 948 2901 a
964 2847 1075 2917 peccati
1092 2846 1260 2905 miseranda
1276 2846 1338 2918 lega
1353 2848 1451 2914 soluti,

72 2957 116 2995 tuo
134 2939 220 3011 rapiti
239 2940 383 3013 reliquom
398 2956 503 3011 corpus
520 2940 658 3008 sociatur,
857 2934 928 3003 Eius
945 2942 1120 3007 prereptum
1137 2934 1223 2993 simul
1239 2935 1465 3009 exemplumque
1480 2936 1585 3011 seculi,

72 3044 128 3082 nea
146 3044 212 3083 cum
229 3029 342 3082 Christo
359 3028 525 3082 substantie
538 3029 757 3096 sanctiticatam
857 3023 949 3094 liujus
967 3023 1129 3079 holocausti
1142 3040 1216 3079 serre
1231 3025 1412 3081 decrevimus
1428 3026 1490 3097 uti;

72 3120 161 3172 natue
173 3117 250 3172 enim
262 3122 361 3173 noster
375 3134 461 3172 verus
478 3116 630 3183 mediator,
856 3113 928 3170 Nara
947 3114 1061 3184 (quoties
1077 3129 1181 3185 punem
1198 3113 1359 3184 vinumque
1373 3130 1526 3171 sacramus
1554 3115 1583 3171 ia
1600 3132 1662 3187 ara,

72 3222 113 3263 am
130 3210 261 3262 nostram
278 3205 358 3261 velut
370 3206 435 3277 ejus
451 3204 630 3262 conciliator.
815 3174 836 3240 C
855 3202 1058 3261 admiscemus
1074 3218 1180 3275 aquam
1196 3218 1284 3271 aquam
1300 3201 1419 3259 miscuit
1434 3203 1464 3259 io
1479 3204 1574 3261 crucis
1589 3221 1650 3263 ara.

76 3294 160 3363 ungis
177 3312 295 3366 aquarn,
306 3295 421 3352 Christo
437 3311 490 3351 nos
504 3291 689 3361 dissociasti,
851 3291 958 3360 Sicque
973 3287 1052 3363 quod
1067 3290 1096 3343 in
1107 3306 1199 3357 crona,
1209 3278 1286 3363 qu'ud
1299 3295 1327 3347 et
1339 3289 1368 3345 io
1379 3290 1676 3363 crucaeaoctillcauit,

72 3401 116 3439 um
128 3385 240 3452 demas,
254 3385 324 3439 nihil
339 3384 475 3457 estquod
493 3384 676 3439 sacrificasti.
851 3379 892 3435 Ne
907 3380 1060 3449 disjungat
1076 3378 1163 3435 botua
1179 3378 1235 3435 sibi
1249 3379 1327 3452 quod
1342 3378 1420 3437 Deus
1436 3380 1603 3443 associavit.

71 3472 308 3530 rltlelehlsedech
322 3491 423 3545 panem
434 3473 600 3537 tribuendo,
615 3488 797 3543 merumque,
851 3469 938 3543 Ergo,
953 3467 1048 3529 tidelis
1065 3469 1163 3533 homo,
1180 3485 1284 3539 paoem
1299 3486 1386 3542 quem
1402 3471 1619 3535 sanctiticatam

72 3562 158 3618 misit
174 3579 349 3635 squammea
366 3563 560 3632 praiormavit
579 3560 756 3631 utrumque?
852 3558 962 3628 Samia,
978 3559 1064 3614 crede
1078 3557 1170 3619 Doara
1185 3575 1236 3631 pra
1251 3559 1336 3617 nobis
1348 3561 1555 3617 sacrificatum.

72 3668 104 3708 us
114 3658 177 3707 erat
190 3668 249 3724 quo
263 3668 315 3707 nec
332 3650 465 3706 Christus
485 3652 521 3706 de
533 3649 652 3722 Virgine
669 3658 766 3715 notus,
852 3650 917 3721 lpse
932 3653 987 3705 Deo
1006 3651 1082 3703 Petri
1096 3664 1163 3703 com
1179 3648 1218 3704 sit
1232 3648 1322 3705 semel
1334 3648 1431 3704 hostia
1445 3648 1561 3713 lactus,

72 3745 180 3796 recator
195 3740 283 3796 honio
300 3742 393 3796 luerat
414 3756 545 3811 pereum
563 3747 715 3810 reparatus
731 3782 738 3807 ,
852 3739 986 3805 Quotidie
1002 3742 1129 3803 nostros,
1145 3739 1215 3794 dum
1232 3739 1370 3811 sumitur,
1382 3739 1477 3811 expiat
1486 3743 1570 3796 actus
1586 3757 1595 3811 ς

78 3845 113 3885 nc
128 3829 205 3885 uniri
221 3847 288 3885 cum
306 3830 420 3885 Christo
436 3846 650 3895 merueramus,
851 3828 972 3899 Semper
986 3829 1063 3900 apud
1080 3832 1195 3884 Petram
1207 3827 1233 3883 si
1248 3834 1347 3885 noster
1361 3828 1558 3900 promediator

72 3962 76 3983 ,
92 3924 210 3991 peccato
222 3920 308 3991 primi
328 3923 419 3990 patris
434 3918 651 3977 excideramus:
844 3914 970 3987 -Nosque
985 3920 1175 3987 representat
1190 3915 1360 3972 verissimus
1376 3917 1541 3977 auxiliator.

72 4024 114 4063 rec
142 4008 365 4074 Melchisedech,
390 4014 418 4063 et
431 4013 575 4081 quotquot
586 4006 800 4079 sacrificarunt,
856 4005 961 4061 ssah
980 4008 1079 4061 Pastor
1093 4021 1160 4061 ores
1177 4010 1282 4078 portat,
1299 4008 1331 4060 ut
1346 4022 1395 4062 eas
1406 4005 1441 4061 ad
1457 4005 1531 4062 ovile
1546 4012 1681 4079 reponat.

74 4102 191 4167 peccato
209 4098 295 4168 primi
313 4097 405 4169 patris
420 4094 615 4168 expoliarent.
853 4095 904 4151 llic
921 4094 1087 4168 interpellat
1103 4096 1229 4163 Patrem,
1242 4096 1293 4166 qui
1310 4092 1376 4152 cum
1394 4095 1477 4153 Patre
1493 4098 1592 4153 donat.

72 4185 141 4257 gitur
153 4188 250 4257 potuit
265 4204 318 4242 nos
329 4188 444 4244 Christo
460 4186 626 4242 consociare
853 4190 914 4241 lloc
930 4184 1021 4257 igitur
1035 4201 1152 4241 sacrum
1169 4186 1331 4259 gaudentes
1347 4185 1536 4257 accipiamus,

72 4275 223 4331 constabat
234 4276 258 4332 ei
276 4295 335 4332 non
350 4293 432 4350 posse
448 4275 642 4333 reconciliare.
855 4274 892 4335 Ut
910 4277 994 4345 beor,
1011 4274 1040 4333 io
1056 4274 1152 4345 nobis,
1169 4279 1198 4329 et
1213 4291 1266 4331 nos
1282 4273 1311 4330 io
1328 4290 1361 4331 eo
1375 4288 1565 4331 maneamus:

72 4364 204 4420 elebatur
219 4365 393 4421 verissimus
407 4365 455 4421 ille
470 4364 580 4434 litator,
856 4364 991 4445 Namque
1006 4367 1082 4438 quod
1099 4366 1128 4422 io
1146 4365 1232 4421 terris
1247 4365 1332 4437 quasi
1349 4365 1497 4438 quoddam
1514 4363 1620 4435 pignus
1634 4363 1683 4420 ba·

72 4455 131 4509 etus
146 4453 301 4526 antiquum
314 4455 364 4525 jus
381 4456 513 4527 perderet
528 4453 716 4526 exspoliator,
1536 4451 1653 4527 [bemus

73 4543 219 4599 irabiliter
235 4542 374 4599 mortales
391 4548 484 4599 morte
499 4545 632 4612 rcilcmit,
821 4536 844 4611 ὓ
860 4546 958 4619 Ipsius
973 4545 1003 4601 in
1020 4561 1108 4618 regno
1125 4543 1283 4617 perfectius
1298 4541 1487 4623 accipiemus.

72 4635 120 4687 tus
133 4631 225 4699 juste,
242 4633 319 4705 quod
335 4632 461 4688 hahebat
476 4632 608 4705 iniquus,
624 4632 743 4689 ademit.
913 4636 968 4691 Cur
979 4635 1142 4697 trecmr'rsse
1159 4632 1330 4690 celebrentur
1349 4634 1379 4687 tn
1394 4630 1492 4690 dolote
1509 4629 1630 4693 Dourini.

72 4736 105 4776 ao
121 4720 201 4776 hunc
215 4721 312 4793 ipsum
330 4721 447 4776 miraris
462 4722 663 4777 sarrctillcossa
861 4724 919 4794 (39)
935 4725 966 4780 ln
982 4720 1082 4779 Natale
1097 4724 1289 4779 sacrosancta
1305 4719 1447 4777 solemnia
1463 4717 1560 4783 missu

71 4825 80 4864 r
97 4825 163 4865 cum
180 4810 259 4878 vino,
282 4827 335 4866 nec
351 4826 457 4882 aquam
473 4811 541 4865 vino
556 4812 693 4879 sociasse,
896 4812 969 4877 Ouid
985 4811 1112 4881 signent,
1128 4816 1177 4865 aut
1193 4826 1245 4865 cur
1260 4814 1318 4865 tres
1331 4807 1523 4877 celebrentur,
1538 4806 1624 4866 hehe.

74 4896 115 4953 ris
131 4897 295 4970 inciperent
311 4899 339 4953 in
357 4901 458 4954 eadem
476 4898 633 4954 traditione
860 4900 947 4958 Nocte
963 4898 1043 4972 prior
1055 4900 1111 4955 sub
1126 4896 1191 4955 luce
1206 4914 1333 4973 sequens
1349 4896 1449 4953 inluce
1461 4913 1600 4970 suprema

72 5004 114 5044 ros
130 4993 273 5061 perpetua
296 5006 448 5045 servamus
464 4989 614 5063 religiono.
896 4991 955 5046 Sulr
970 4988 1039 5056 Noe,
1056 4987 1171 5061 subque
1188 4986 1286 5055 David,
1303 4986 1358 5042 sab
1374 5003 1458 5043 cruce
1472 5002 1556 5043 sacra
1572 4988 1684 5044 notant.

72 5077 139 5134 rtim
158 5095 226 5135 com
239 5080 301 5152 jam
319 5079 364 5135 les
380 5086 467 5147 esset,
483 5087 511 5136 et
527 5081 632 5136 umbra
647 5085 769 5153 remota,
863 5080 923 5138 Sub
938 5077 1010 5147 Noe,
1026 5077 1082 5133 suh
1097 5075 1200 5144 beria,
1215 5077 1271 5133 suh
1286 5074 1400 5133 Christo
1416 5075 1614 5147 sacrameto,

72 5167 173 5224 beaute
191 5186 275 5237 nova,
294 5170 410 5225 caderet
425 5179 506 5224 retus
522 5167 617 5225 hostia
632 5174 709 5243 tota;
899 5168 972 5238 Noa,
987 5183 1102 5233 aurora,
1119 5167 1192 5235 dias,
1208 5167 1325 5235 umbra,
1338 5167 1430 5239 ligura
1444 5166 1533 5231 Deua.

72 5262 137 5313 teus
152 5267 229 5315 esset
245 5258 345 5327 homo,
359 5259 406 5330 qui
421 5276 474 5316 noe
486 5258 620 5315 homiues
636 5259 807 5329 redimebat,
1017 5258 1118 5330 incipit
1132 5255 1269 5328 prolapus
1280 5256 1371 5327 aperis
1381 5256 1530 5329 sequeutia.

72 5345 104 5400 od
122 5345 338 5404 Melchisedech
355 5354 543 5421 praeuenerat,
561 5348 740 5407 instituebat.
863 5350 1004 5422 Quisquis
1017 5348 1108 5405 nostri
1123 5347 1326 5420 Redemptoris
1341 5346 1457 5403 vestiris
1472 5343 1611 5418 imagine,

88 5442 146 5502 llos
163 5462 266 5504 vorsus
278 5464 381 5505 omnes
396 5446 516 5504 omnino
533 5463 588 5503 ms.
606 5448 742 5507 tribuunt
758 5448 934 5521 Hildeberto,
948 5452 977 5506 at
992 5446 1038 5505 hio
1049 5446 1240 5504 inueniuntur
1255 5445 1284 5502 in
1300 5446 1355 5503 hoe
1371 5462 1426 5502 ms.

72 5643 163 5704 toton.
179 5604 210 5702 rr.
