3802 6030
44 188 128 254 issu
595 181 600 185 ’
703 190 818 255 arasa
838 190 888 254 nu
907 190 1077 256 suauis.
1668 182 1753 263 tras

42 321 250 404 putationem,
276 340 359 385 anno
383 316 509 385 Domini
533 323 657 390 toto.»
680 324 746 388 lioc
769 333 875 389 autam
892 343 1006 407 poema
1027 323 1245 386 recensuimus
1259 321 1300 386 ad
1324 341 1397 386 mss.
1412 323 1538 389 codices
1560 316 1755 394 Uictoris

43 405 236 471 Parieieasis,
254 424 283 464 n.
299 405 371 475 905,
387 413 417 465 et
431 407 471 466 ad
486 407 700 469 'turonensem
718 407 843 488 Maioris
856 405 1049 475 Monasterii,
1066 405 1139 468 licet
1155 424 1301 467 mancum
1318 408 1376 466 suls
1392 407 1498 481 finem,
1515 409 1597 470 etad
1613 412 1748 489 primam

46 486 217 559 editionem
235 486 447 547 iledoiienscm
463 488 538 545 anni
557 489 642 557 isat,
660 496 692 548 et
705 491 801 551 etiam
816 491 857 551 ad
872 496 1028 552 recentem
1045 488 1133 561 tues,
1161 487 1307 566 Lugduni
1330 487 1455 564 Baium,
1470 488 1553 550 curis
1575 488 1752 558 abrahami

48 566 173 638 Gurloei,
190 584 261 628 cuin
277 567 405 628 scholiis
420 565 532 629 iacobi
548 567 726 630 Gronorsei.

82 645 178 707 Vario
194 655 299 707 autem
315 647 346 707 in
364 648 457 708 variis
472 645 564 707 titulo
578 646 758 726 insignitur,
774 649 828 711 sed
843 649 883 711 ad
898 648 982 710 ldcus
997 647 1168 711 recidente.
1185 649 1222 710 Iu
1237 645 1398 708 victorino
1413 647 1570 728 siquidem
1585 649 1631 713 sic
1644 651 1751 717 latito·

45 724 154 788 latur:
170 725 283 805 iiici'pi't
306 727 380 788 liber
393 726 565 806 Lepidum·
579 746 673 808 quem
689 727 830 800 titulum,
860 736 955 807 utope
972 729 1197 808 antiquiorem,
1214 728 1412 789 retinuimus.
1431 729 1464 792 In
1488 731 1626 793 editione
1649 732 1752 795 tiedo-

45 807 135 868 nensi
150 823 158 868 :
175 805 286 888 Incipit
298 807 372 868 liber
388 806 527 869 llorboii
541 807 579 869 de
600 806 754 888 lapidibus
771 813 943 888 senectuto.
966 810 1169 880 Turonensis,
1186 810 1245 869 sub
1270 810 1365 870 tinem
1383 827 1513 872 mancus
1537 818 1568 873 et
1583 808 1753 891 imperiosi

45 894 97 949 tue
113 905 121 947 :
146 886 279 948 Libellus
294 888 395 949 donini
411 885 581 949 lIi'liiederti
594 886 823 950 Cenomanensis
837 887 972 970 episcopi
985 889 1060 969 (boc
1075 897 1193 960 autern,
1211 897 1244 949 ut
1255 908 1293 951 ex
1308 890 1455 950 omnibus
1470 891 1539 952 aliis
1564 898 1661 971 patet,
1686 912 1753 955 om·

46 968 121 1028 nino
139 968 309 1050 mendose),
327 971 363 1030 de
374 970 498 1030 diuersis
520 969 638 1029 staturis
663 970 825 1050 Lapi'ilum.
843 972 887 1031 De
911 972 971 1030 boc
986 975 1091 1030 antem
1113 970 1193 1031 libro
1217 971 1328 1031 Petrus
1342 970 1509 1043 Diaconos,
1527 972 1587 1035 lib.
1615 969 1664 1034 De
1678 974 1753 1036 siris

45 1047 222 1110 illustribus
236 1050 485 1118 Cassineasibus,
502 1068 574 1110 suas
587 1049 654 1128 ipse
671 1050 905 1113 lucubrationes
922 1067 1121 1119 enumerans,
1137 1067 1208 1127 cap.
1224 1055 1261 1110 ti
1286 1057 1316 1111 ct
1342 1051 1452 1112 ultimo
1473 1052 1517 1113 sic
1531 1055 1576 1113 ait
1593 1068 1601 1113 :
1627 1053 1752 1117 Li'dram

46 1126 154 1190 Herae
174 1133 252 1208 repis
267 1128 404 1191 Arabum
419 1130 455 1190 ile
470 1129 621 1211 lapidibus
634 1129 795 1192 transtulit.
811 1131 872 1193 Pro
886 1131 981 1192 variis
1000 1139 1106 1192 autem
1124 1129 1310 1191 lectionibus
1332 1137 1475 1193 atvertat
1490 1133 1588 1195 lector
1613 1133 1750 1197 litterum

43 1209 81 1273 V.
96 1211 276 1289 signiticare
291 1210 487 1272 Victorinum
503 1230 548 1271 ins
566 1257 573 1281 ,
592 1213 727 1273 litteram
743 1215 781 1272 Ἰ“.
797 1215 1023 1282 turonensem,
1041 1215 1076 1272 ti.
1101 1210 1317 1272 ii··donensem
1342 1213 1523 1277 editionem.
1541 1214 1576 1275 G.
1599 1214 1755 1278 (irminsin-¹
1860 1282 1864 1289 ,

45 1308 134 1360 nam,
152 1293 192 1350 lt.
210 1294 327 1369 postG.
345 1292 487 1353 notulam
505 1292 710 1367 marginalem
725 1291 913 1355 Gorlmianoe
928 1294 1085 1353 editionis.
1102 1293 1149 1354 Ad
1166 1291 1360 1368 cujusllncm
1374 1293 1577 1354 inveniuntur
1591 1296 1754 1376 anaspu-
1863 1326 1886 1341 ··

49 1371 124 1433 tolie
143 1371 249 1431 Evacis
264 1375 346 1452 regis
360 1371 499 1434 strabum
513 1374 554 1432 ad
570 1374 729 1433 'liberium
746 1372 981 1452 imperatorem,
998 1389 1071 1451 qnae
1094 1371 1185 1449 quasi
1211 1372 1405 1451 prelationis
1420 1374 1518 1434 viceni
1534 1374 1575 1434 ad
1598 1375 1703 1454 ipsum
1720 1374 1755 1439 li·

47 1448 140 1512 bruni
159 1454 200 1512 lle
216 1454 354 1515 Geminis
378 1465 548 1530 prastaam
565 1471 643 1533 quas
669 1455 743 1514 licet
757 1455 840 1515 uude
855 1453 926 1514 illas
950 1453 1067 1513 eruerit
1083 1453 1223 1513 Gorleeus
1252 1472 1314 1513 non
1329 1453 1457 1527 indicet,
1473 1453 1545 1514 illus
1569 1461 1687 1526 tainen,
1712 1473 1752 1519 ns

48 1534 123 1612 quid
140 1531 232 1604 desit,
249 1533 296 1593 illi
319 1534 504 1594 attexendus
528 1534 717 1607 ceiisuimus,
743 1535 824 1595 sicut
846 1540 879 1596 et
902 1551 1011 1594 sersus
1035 1540 1214 1610 sequentes,
1236 1550 1315 1611 quos
1336 1534 1445 1594 amerit
1469 1553 1624 1613 nusquam
1649 1535 1753 1598 editos

49 1611 156 1674 luisse.
171 1613 221 1674 Ad
238 1614 466 1675 traductionem
491 1615 578 1692 quod
600 1615 723 1688 attinet,
748 1613 976 1693 mensquidein
1004 1612 1105 1691 prims
1119 1611 1221 1673 iuerat
1247 1613 1366 1690 primos
1381 1619 1502 1675 tantuin
1527 1615 1612 1676 itlius
1628 1614 1752 1696 aliquos

48 1710 157 1753 uersus
172 1693 286 1753 veteris
301 1693 384 1754 illius
400 1693 510 1755 Gallici
525 1695 688 1767 sermonis,
707 1696 797 1773 quasi
810 1696 842 1755 in
857 1694 1017 1772 specimen
1034 1693 1169 1767 reierre;
1188 1710 1296 1752 verum
1311 1694 1416 1772 plures
1431 1694 1545 1755 eruditi
1559 1702 1591 1755 et
1615 1694 1753 1775 antiqui·

48 1774 124 1836 tatis
138 1773 270 1834 studiosi
284 1774 383 1835 satius
398 1781 549 1854 putarunt
564 1776 590 1836 si
607 1776 666 1837 boc
680 1774 878 1856 antiquitate
893 1776 1123 1836 monimentum
1138 1791 1200 1834 non
1217 1775 1428 1852 spernendum
1442 1775 1482 1833 ad
1498 1777 1645 1837 lectorem
1663 1776 1748 1838 utill-

52 1860 149 1914 tatens
165 1860 195 1915 et
209 1855 489 1929 oblectamentum,
505 1875 542 1918 ex
558 1855 691 1934 integro,
718 1861 812 1937 prout
827 1855 925 1934 jacet,
950 1853 1167 1917 excudendum
1184 1872 1375 1915 curaremus.
1402 1860 1541 1927 Quorum
1562 1855 1684 1936 judicio
1698 1873 1748 1920 re·

52 1934 171 2013 irrigari
187 1952 248 1996 non
264 1936 333 1996 ausi
354 1955 471 2004 sumus,
498 1955 569 1999 cuin
595 1938 753 2017 praecipue
766 1935 892 1998 nonnisi
916 1936 1092 2005 rarissimae,
1112 1941 1146 1995 iit
1168 1935 1242 2013 ipsis
1256 1935 1355 1996 risum
1372 1942 1429 2008 est,
1456 1934 1634 1998 habeantur
1649 1937 1753 1999 unde·

53 2015 135 2076 cimi.
153 2016 318 2076 autetiam
335 2016 512 2078 duodecimi
527 2018 635 2081 sacculi
650 2019 745 2078 veteri
761 2018 816 2078 illo
828 2015 949 2080 Gallico
963 2016 1113 2077 idiomate
1128 2017 1374 2089 lucubrationes,
1391 2023 1423 2076 et
1439 2016 1506 2081 baec
1523 2017 1678 2096 poematis
1691 2017 1748 2078 bu·

48 2094 103 2175 jus
118 2096 237 2157 Gallica
252 2099 353 2159 versio
369 2099 443 2158 ielis
465 2098 545 2160 adeo
567 2098 671 2171 luerit,
699 2107 733 2159 ut
748 2098 780 2158 in
807 2098 967 2177 plerisque
989 2096 1073 2157 illius
1097 2095 1248 2166 articulis,
1265 2097 1356 2176 quasi
1379 2097 1419 2158 dc
1434 2115 1524 2158 versu
1549 2098 1590 2160 ad
1612 2116 1751 2173 uersum,

52 2177 188 2237 lldoliter
201 2178 321 2240 Gallice
337 2179 458 2240 reddita
473 2179 589 2240 luerint
602 2197 674 2258 quae
688 2178 800 2242 Latine
815 2178 932 2239 tradita
947 2178 1083 2239 inerunt.

92 2263 124 2329 *1⁴
138 2256 242 2319 Oodeii
258 2277 315 2320 ms.
330 2259 522 2320 Turonensis
536 2261 684 2322 Ecclesiae
709 2258 959 2338 metropolitana
983 2257 1077 2319 hodie
1093 2257 1249 2335 repositus
1270 2257 1431 2318 invenitur
1444 2258 1476 2319 in
1492 2258 1638 2319 biblioth.
1666 2257 1754 2321 urbis

57 2339 234 2410 Turonium,
252 2340 310 2400 sub
327 2347 361 2400 ιι·
374 2338 433 2401 222
447 2343 579 2419 anthuo
595 2350 626 2402 et
641 2348 675 2400 ιι·
695 2338 753 2402 656
770 2339 933 2402 moderno.
959 2338 1113 2399 Exaratus
1127 2344 1185 2415 est,
1209 2345 1244 2398 ut
1258 2337 1382 2417 opinor,
1408 2339 1536 2399 ineunte
1551 2341 1667 2402 saeculo
1682 2356 1751 2404 xiii.

55 2416 89 2481 la
104 2418 213 2480 eodem
229 2419 300 2480 cod.
320 2420 516 2500 leguntur1⁰
534 2420 602 2482 i'ita
616 2422 719 2485 Caroli
736 2421 849 2500 Magni,
867 2425 995 2482 auctore
1010 2419 1163 2498 'Furpiaa,
1179 2418 1416 2498 archiepiscopo
1435 2420 1598 2498 itemeasi3
1614 2421 1647 2481 2·
1662 2422 1753 2483 illisa·

56 2500 128 2561 cula
143 2498 350 2577 plurimorum
367 2510 547 2564 sanctorum
562 2519 570 2575 ;
587 2500 618 2564 3ο
634 2501 761 2563 Pietatis
776 2501 919 2563 asceticae
942 2500 1096 2580 opuscula
1118 2500 1225 2571 varia;
1242 2502 1274 2559 4⁰
1290 2499 1430 2561 Historia
1453 2501 1575 2562 Daretis
1597 2500 1754 2578 Trojano·
1878 2502 1897 2547 -'

55 2596 125 2640 rum
144 2581 224 2658 regis
239 2582 277 2642 de
292 2600 397 2660 grisco
412 2585 564 2644 translata
578 2583 609 2643 iii
626 2581 759 2644 latinum
774 2599 793 2643 a
808 2579 951 2644 Cornelio
974 2584 1113 2659 Nepole;
1129 2583 1162 2644 5⁰
1176 2578 1312 2657 denique
1329 2577 1457 2641 libellus
1472 2581 1575 2641 doiani'
1585 2578 1758 2645 Hildeberte'

58 2658 282 2722 Cenomanensis
295 2665 424 2746 episcopi
437 2664 472 2725 de
484 2662 609 2726 diuersis
623 2669 740 2724 naturis
767 2662 912 2744 tapidum.
929 2660 994 2721 Sub
1010 2663 1103 2722 llnem
1128 2659 1241 2739 legitur
1252 2662 1378 2739 explicit
1394 2659 1602 2741 lapidariam.

96 2740 243 2802 (iudicem
259 2745 377 2804 Toron.
395 2745 435 2804 de
459 2745 555 2806 serbo
579 2743 620 2805 ad
646 2746 790 2813 verbum,
807 2760 879 2805 cum
896 2747 984 2804 textu
1008 2742 1078 2803 ai).
1104 2742 1308 2818 licuugendre
1323 2741 1407 2820 typis
1423 2742 1573 2803 mandato
1600 2741 1752 2822 (Parisiis,

60 2821 151 2900 isba)
167 2822 277 2884 sedulo
292 2823 482 2886 contulimus
499 2825 661 2903 multaque
675 2823 850 2904 reperimus
865 2823 967 2883 miuus
981 2829 1077 2895 recta,
1095 2826 1150 2882 aut
1171 2821 1265 2882 atisin
1289 2822 1372 2882 inter
1385 2839 1418 2882 se
1441 2840 1504 2882 non
1520 2823 1759 2886 concordantia.

57 2898 224 2975 versiculi,
241 2903 386 2982 equidem
403 2905 478 2976 rari,
495 2906 629 2979 pedibus
642 2906 751 2967 sistere
766 2907 939 2984 nequeunt,
955 2903 1010 2981 qui
1025 2910 1131 2962 tamen
1145 2901 1176 2962 in
1192 2902 1300 2963 codice
1323 2905 1440 2963 'larun
1458 2901 1546 2963 nullo
1568 2903 1664 2965 modo
1688 2911 1762 2965 suat

57 2982 174 3042 manci.
189 2985 224 3043 ln
240 2985 342 3063 capite
357 2982 407 3056 30,
424 2984 468 3046 oe
482 2982 649 3062 (israelite,
665 2987 746 3047 duos
759 2984 938 3045 invenimus
953 2981 1123 3043 versiculos
1137 2999 1217 3060 quos
1233 2981 1339 3041 omisit
1355 2989 1465 3043 auctor
1475 2981 1708 3056 Benedictinus,
1725 3000 1763 3044 ac

58 3062 191 3139 proinde
206 3062 268 3124 huc
281 3082 380 3144 usque
395 3066 543 3127 ineditos.
559 3066 658 3126 Voces
673 3066 817 3146 quasdam
836 3062 985 3125 mendose
1000 3064 1180 3135 traduntur,
1196 3076 1276 3140 quas
1290 3067 1429 3123 correcte
1452 3060 1502 3123 hIc
1527 3062 1665 3142 primuni
1690 3081 1764 3144 pro·

56 3141 220 3218 iernatur3
240 3161 270 3205 v.
286 3149 318 3216 tl,
336 3145 438 3223 capite
455 3147 504 3217 tit,
519 3143 569 3205 De
582 3155 729 3224 mupnete,
746 3144 861 3224 legitur
878 3160 886 3204 ι
904 3143 960 3207 Est
970 3144 1022 3205 rui
1032 3152 1149 3204 nutura
1162 3143 1293 3203 uici'isum
1308 3142 1412 3202 tallere
1424 3143 1543 3221 serrum
1554 3161 1568 3218 ,·
1580 3142 1681 3206 codex
1704 3162 1762 3207 au·

57 3228 120 3284 tem
135 3225 254 3285 Toron.
272 3223 316 3284 sic
333 3242 365 3286 se
381 3223 478 3286 babet
495 3243 503 3287 ε
520 3223 610 3287 Etsi
630 3234 756 3300 naturis,
771 3233 846 3297 etc,
862 3223 948 3305 quod
962 3230 1045 3285 recte
1060 3223 1176 3284 dicitur
1188 3223 1227 3283 de
1243 3221 1348 3301 lapide
1365 3229 1520 3302 magnete.

292 3409 673 3564 INCIPIT
723 3411 1037 3566 LIBER
1089 3409 1567 3564 LAPIDUM
1630 3424 1635 3434 ’

214 3609 499 3710 AUCTORE
542 3611 846 3713 MARBODO
884 3609 1192 3710 EPISCOPO
1232 3608 1606 3709 REDONENSI.

64 3886 247 3949 mm
263 3893 272 3929 ¹
289 3884 426 3945 Geminis
440 3904 458 3946 a
473 3883 594 3963 gummi
615 3903 730 3947 nomen
743 3902 874 3981 posuere
888 3887 1020 3969 priores,

298 3966 382 4036 Quos
395 3966 623 4029 translucerent
635 3983 755 4046 gummi
770 3964 963 4045 splendentis
976 3966 1017 4027 ad
1031 3965 1146 4029 instar.

303 4044 435 4106 Nomine
450 4047 504 4108 sed
519 4045 633 4124 lapidis
648 4047 767 4125 species
782 4046 927 4125 signatur
940 4052 1071 4128 utroque
1090 4065 1098 4123 ς
1196 4055 1201 4062 ’

303 4123 437 4205 Propter
450 4125 534 4206 quod
550 4123 699 4210 Lepidum
712 4126 806 4189 titulo
820 4126 899 4190 liber
912 4127 972 4190 iste
990 4134 1128 4191 notatur.

381 4339 581 4402 PROLOGUS.
904 4373 932 4442 Α
948 4341 1007 4403 iios
1021 4343 1034 4383 ⁸
1048 4360 1122 4419 opus
1134 4344 1285 4417 eiclpiens
1300 4342 1612 4416 dignumcomponere
1630 4335 1705 4395 duxl

66 4431 144 4490 Esus
158 4447 209 4489 rex
221 4429 369 4488 Abraham
384 4428 491 4506 legitur
507 4431 519 4470 ¹
534 4432 690 4508 scripsisse
706 4432 828 4504 Neroni,
945 4435 1055 4507 aptum
1067 4433 1192 4508 gestanti
1211 4432 1306 4490 laima
1319 4431 1451 4489 brai-lore
1469 4426 1614 4486 libellum.
1642 4507 1645 4513 Ι

67 4521 123 4588 Qui
138 4525 204 4595 post
218 4523 386 4593 Augustum
405 4521 575 4593 regnaritla
586 4519 663 4583 Urbe
678 4525 837 4595 secundus,
948 4520 1003 4587 Qui
1015 4523 1089 4580 mihi
1105 4523 1260 4597 precipua,
1274 4520 1437 4594 paucisque
1452 4521 1564 4592 pateret
1577 4514 1702 4589 amicis;

67 4610 144 4679 Quot
156 4610 271 4684 species
285 4608 497 4683 lapidumque
509 4611 856 4686 nomina,quivecelares,
949 4609 1023 4669 Nam
1039 4612 1224 4684 majestatem
1238 4610 1348 4669 minuit
1362 4609 1414 4684 qui
1427 4607 1552 4682 mystica
1564 4605 1676 4681 vulgat,

74 4702 177 4768 Quave
191 4699 231 4756 sit
245 4699 292 4755 his
307 4699 445 4775 regio,vel
461 4702 709 4775 quantapeteniia
723 4701 839 4774 cuique.
950 4698 1008 4758 Nee
1024 4707 1136 4760 secreta
1151 4706 1409 4774 maneat,quorum
1423 4695 1585 4757 iltccuscla
1599 4697 1698 4756 turbu.

624 4798 741 4861 t'uuus
755 4795 1046 4860 laruarumaato
1062 4798 1224 4858 GALLICA.

393 4896 583 4961 eaotocou
1079 4898 1125 4961 itii
1138 4904 1165 4958 et
1179 4915 1273 4971 eoram
1288 4897 1408 4969 torpeus.

194 4975 275 5033 daus
288 4976 330 5043 list
345 4992 384 5030 un
398 4974 486 5030 multe
503 4970 594 5027 riclies
608 4971 684 5028 lteis.
1079 4973 1130 5029 Fut
1144 4970 1351 5028 cunnussniult
1364 4983 1446 5027 umes

191 5046 233 5104 iu
247 5062 328 5116 repis
340 5046 397 5101 tint
412 5049 458 5100 des
468 5044 596 5100 ilruiui's.
1079 5043 1138 5102 Par
1152 5043 1262 5113 plusiers
1275 5051 1362 5098 terres
1377 5053 1517 5096 senenses.

193 5117 262 5174 llult
275 5121 319 5189 tiit
332 5118 366 5173 iis
380 5117 488 5188 ptusius
503 5114 597 5171 cbases
612 5128 699 5185 sauss.
1078 5115 1186 5172 Neruiis
1200 5132 1235 5169 en
1250 5120 1278 5169 at
1292 5113 1320 5171 oi
1333 5113 1441 5184 parler.

194 5191 263 5246 lists
276 5188 368 5259 uprist
381 5187 415 5244 de
429 5185 569 5257 plusieurs
584 5186 729 5266 trinquoss.
960 5190 964 5195 '
1080 5186 1139 5242 Pur
1149 5203 1179 5241 ιι
1193 5182 1226 5242 Its
1240 5187 1293 5241 tuit
1308 5183 1347 5242 toi
1358 5184 1427 5255 iuer,

192 5260 242 5318 lies
256 5267 297 5317 set
309 5263 369 5315 arts
384 5257 467 5323 sut,si
480 5274 514 5314 eri
528 5258 571 5325 tut
583 5259 706 5311 mantra.
1078 5257 1166 5315 durna
1178 5264 1298 5325 torment
1310 5273 1345 5313 en
1359 5273 1411 5313 susi
1422 5269 1552 5328 europus,

196 5332 264 5388 llicit
276 5334 319 5403 {ut
333 5329 478 5402 poisclsant
492 5333 518 5384 ct
531 5327 565 5383 de
578 5327 629 5382 bais
643 5336 726 5383 estre.
1078 5330 1110 5386 Si
1125 5329 1146 5385 ii
1161 5331 1275 5385 transiet
1289 5344 1328 5384 un
1342 5343 1389 5385 sen
1404 5343 1539 5397 messaqe.

160 5423 162 5426 ·
196 5404 287 5460 Graiis
296 5413 402 5459 tresors
424 5406 453 5458 ot
471 5399 559 5456 d'are
572 5397 717 5473 d’urosnt,
1077 5400 1187 5459 Neruas
1200 5404 1244 5472 tut
1258 5399 1291 5456 iis
1302 5401 1388 5457 dume
1401 5412 1550 5468 emperers.

196 5475 218 5534 d
232 5479 277 5545 stit
291 5475 381 5548 lorpes
395 5471 491 5530 utilite
505 5474 580 5545 ocni.
1077 5463 1121 5533 Ea
1135 5470 1191 5529 icei
1205 5484 1263 5531 teus
1277 5469 1313 5528 ise
1327 5472 1349 5528 ii
1359 5473 1415 5529 reis
1428 5486 1486 5541 ere,

197 5548 258 5608 Pur
271 5547 315 5607 les
327 5551 409 5619 orent
422 5562 471 5604 seri
486 5559 541 5618 pur
554 5543 698 5618 iupruece,
1000 5591 1002 5595 .
1076 5542 1179 5605 dendo
1194 5544 1216 5602 it'
1224 5543 1391 5604 lielencourt

110 5715 176 5782 ‘Bi
193 5722 312 5830 quatuor
335 5731 428 5777 usrsm
450 5712 586 5775 sabatur
609 5716 641 5772 ts
656 5709 809 5774 masma
829 5726 881 5773 ass.
900 5666 967 5775 {su
979 5711 1138 5791 paucum,
1161 5714 1212 5794 qut
1234 5714 1280 5775 ise
1294 5714 1425 5788 lectissim
1448 5709 1499 5769 ssi
1526 5708 1621 5782 finem
1644 5704 1662 5747 2
1683 5698 1791 5770 Mn
1897 5786 1900 5791 ι

72 5791 180 5853 Μαι.
221 5788 340 5860 linitis.

216 5910 348 5974 Persou.
370 5907 502 5974 otxxt.
1639 5883 1696 5939 Ἐξ
1813 5930 1818 5935 ·
