3802 6030
162 271 242 337 tibh

158 496 231 548 Nam
248 490 317 565 quia
333 492 486 560 peccantes
504 485 649 543 medicina
667 502 783 556 sempe-r
802 500 934 555 egemus,

158 582 239 639 Hanc
256 595 305 649 pro
318 576 444 650 peccetis
457 575 631 633 medicinam
645 592 760 645 semper
773 576 920 633 habemus.

158 669 224 726 Haec
239 668 326 723 datur
340 670 376 721 ed
394 665 495 731 vitem,
512 669 561 720 sed
579 667 602 720 si
620 682 687 721 reus
704 665 781 721 baruc
796 665 934 731 verearis,

647 265 736 327 VEN.
761 256 1004 331 uttohtretttt
1026 254 1229 321 ΟΕΝΟΜΛΝ.
1252 256 1376 327 belse.

43 408 46 413 ·
159 406 220 473 Quo
236 403 329 460 fantus
343 400 475 471 sanguis,
493 397 590 470 liquor
604 402 647 455 ast
664 397 751 455 vitata
766 395 927 455 lavacrum.
998 393 1025 463 Α
1041 387 1094 454 Qui
1110 388 1204 449 Patris
1220 391 1254 449 ed
1270 392 1419 450 dexteram
1436 393 1560 452 sedetet
1576 401 1725 455 mactatur
1745 399 1777 459 in
1801 404 1867 463 eda.

1043 478 1114 534 licce
1128 479 1208 537 eides
1223 481 1254 539 io
1272 479 1332 551 loge
1349 489 1431 555 typos
1446 487 1475 540 et
1488 488 1573 558 signe
1589 488 1712 561 perisse,

1043 570 1084 625 ad
1099 574 1312 643 propriumque
1327 578 1413 644 ceput
1428 573 1485 629 tria
1501 585 1684 637 sacramente
1700 580 1825 641 redisse.

1799 269 1870 331 tlte

160 764 1843 811 mmmm-*Q

580 839 624 900 tit
649 837 802 901 LIBRUM
825 837 1074 911 SEQUENTEM
1097 837 1225 897 eosve
1249 837 1443 901 meritust.

198 950 288 1008 Hune
304 947 418 1008 librum
434 948 478 1007 lle
494 964 582 1007 secra
597 945 787 1005 eucharistia
804 964 819 1005 e
838 945 1053 1022 manuscripto
1073 944 1163 1005 Colh.
1181 943 1258 1007 etet
1283 951 1420 1017 erutum,
1437 963 1509 1006 vere
1534 947 1786 1011 llildehertinum
1801 968 1860 1013 esee

158 1029 293 1090 suadent
306 1028 479 1106 allegoriis,
498 1030 628 1103 phrases
644 1035 675 1088 et
688 1026 841 1088 dictiones
859 1027 1041 1088 llildetterto
1067 1026 1248 1103 familiares,
1279 1032 1311 1087 et
1326 1027 1493 1087 intermisti
1509 1029 1603 1090 etiarn
1621 1048 1731 1090 versus
1758 1031 1862 1109 integri

55 1108 59 1115 '
156 1108 375 1171 indubitanter
390 1107 615 1168 llildehertini:
635 1125 662 1165 v.
681 1125 710 1183 g.
728 1107 762 1167 ln
776 1108 887 1167 Natelc
904 1125 1006 1174 saera,
1023 1113 1098 1178 etc,
1115 1107 1168 1185 qui
1197 1105 1227 1173 io
1243 1106 1389 1167 omnibus
1414 1110 1635 1187 manuscriptis
1650 1111 1696 1171 illi
1723 1112 1860 1173 tribuua-

159 1197 230 1260 tur3
253 1196 284 1250 et
301 1190 394 1250 Panis
409 1189 440 1248 iu
457 1188 560 1260 altari,
577 1197 650 1260 ete,
670 1187 723 1265 qui
739 1194 812 1247 suat
828 1205 938 1248 eorum
956 1187 1061 1266 primi,
1078 1188 1131 1265 qrti
1148 1187 1178 1245 in
1194 1186 1329 1247 odilone
1345 1189 1511 1250 Perisiensi
1525 1209 1577 1250 en.
1590 1190 1668 1253 ests
1684 1193 1859 1253 immediate

157 1269 371 1346 subjiciuntur
387 1269 524 1347 poemati
540 1268 607 1346 ejus
625 1271 666 1327 tte
682 1268 838 1327 sacrificio
865 1269 980 1330 missae.
1006 1271 1072 1329 Nee
1097 1267 1272 1327 mirandum
1297 1269 1382 1345 qrrod
1409 1269 1608 1330 Hildebertus
1623 1273 1681 1343 bis,
1709 1274 1758 1332 vel
1774 1277 1859 1335 etiam

159 1351 277 1430 pluries
292 1352 329 1410 de
344 1369 433 1410 sacre
449 1348 641 1409 eucharistia
657 1350 785 1409 auctrice
801 1349 994 1410 tractaverit.
1014 1366 1084 1408 eum
1100 1348 1130 1407 id
1148 1349 1277 1408 diuersis
1294 1351 1372 1408 torte
1388 1352 1580 1431 temporibus
1603 1353 1797 1431 praestiterit,
1814 1372 1861 1413 nec

158 1430 199 1492 eit
214 1431 397 1491 inusitatum
415 1437 448 1490 ut
463 1431 546 1490 idem
562 1436 673 1490 auctor
688 1447 746 1509 pro
762 1425 849 1490 varie
866 1429 1114 1511 opportunitate,
1133 1429 1181 1488 vel
1196 1429 1359 1489 occasione
1375 1430 1413 1490 tle
1429 1432 1539 1492 ecdem
1553 1442 1743 1513 argrimeoto
1756 1435 1861 1514 amplus

158 1510 268 1590 egerit.

634 1719 826 1816 vete.
860 1717 1394 1819 nemansensi

473 2067 580 2188 DE
629 1904 1536 2187 SrtCltetLitBtlEngttIS'l'ld.

264 2235 295 2309 (e
311 2252 363 2292 ms.
380 2232 560 2303 Cclhertino,
578 2249 656 2290 ouen.
674 2232 755 2289 eset.
778 2231 911 2289 Nondum
928 2229 1032 2293 editur.
1055 2230 1158 2289 Omnia
1173 2234 1333 2291 summaria
1349 2239 1419 2289 suut
1435 2233 1464 2289 in
1481 2251 1534 2289 ms.
1553 2232 1641 2290 minio
1657 2235 1761 2308 pieta.)

155 2508 297 2575 §nareis
315 2503 370 2558 Cer
383 2503 465 2574 partie
478 2511 503 2557 et
518 2504 614 2556 vinum
631 2503 660 2556 io
674 2502 844 2556 scertamentc
864 2501 986 2569 coepturis
1003 2505 1025 2569 Β
1044 2501 1198 2556 Pontifices
1214 2506 1319 2557 unctos
1335 2501 1423 2558 unius
1441 2503 1541 2574 stirpis
1553 2502 1691 2559 habehat.

191 2585 218 2632 et
231 2578 378 2643 tttnpuirtt's
393 2572 504 2629 Domini
519 2574 659 2645 offeratur,
675 2582 699 2626 et
715 2589 765 2628 car
789 2588 861 2642 aqua
886 2574 981 2626 odme-

191 2651 308 2704 περαίαν.

154 2772 184 2829 si
199 2771 276 2828 Deus
291 2770 379 2844 etegit
393 2769 449 2827 trie
464 2787 528 2842 qua
544 2769 601 2826 sibi
617 2767 830 2833 secrillcentur,

80 2896 87 2903 -
154 2859 226 2917 Nolo
242 2867 339 2916 temen
356 2859 431 2932 qued
449 2876 532 2915 seem
547 2858 597 2914 Dei
613 2859 727 2914 diversa
742 2863 899 2930 putentur;

157 2949 236 3008 Unus
252 2950 329 3007 enim
347 2950 424 3006 Deus
439 2954 494 3017 cst,
511 2965 602 3005 unum
618 2950 695 3023 quod
713 2948 904 3014 sacrificatur,

153 3040 290 3108 Quamvis
305 3040 451 3096 diversum
468 3056 519 3114 pro
535 3039 716 3112 temporibus
733 3039 873 3093 videatur.

153 3129 241 3193 Nulla
257 3131 340 3187 docet
357 3129 440 3199 ratio,
456 3147 523 3186 cum
539 3147 605 3185 vere
620 3129 659 3185 sit
675 3129 751 3186 Deus
768 3145 858 3197 unus,

153 3219 235 3286 Quod
251 3222 351 3295 cupiat
368 3220 493 3286 verium,
510 3218 554 3275 vel
570 3219 777 3275 commutabile
795 3233 925 3285 munus;

153 3310 218 3382 lpse
230 3309 409 3365 voluntatem
427 3326 485 3365 non
502 3318 673 3383 permutans
684 3309 855 3380 aliquando,

153 3397 308 3457 Consuluit
324 3400 421 3465 nohis,
437 3397 533 3454 solum
551 3400 637 3452 ritum
656 3396 813 3463 variando;

151 3487 238 3542 Solus
252 3490 330 3543 enim
346 3488 432 3552 ritus,
450 3502 495 3541 res
510 3502 578 3540 vero
595 3501 650 3540 nco
667 3486 805 3550 variatum

155 3574 205 3631 llis
220 3575 326 3633 etenim
343 3577 442 3640 rebus,
457 3573 581 3649 Domine
598 3572 705 3643 quibus
722 3577 789 3627 anta
811 3572 911 3629 litatur

152 3664 268 3736 Aguum
286 3664 399 3736 primae
414 3662 497 3727 Abel,
513 3661 638 3715 vitulum
653 3660 698 3716 lex
714 3661 898 3731 sacrificavit,

156 3748 266 3818 Gratia,
283 3766 345 3823 que
362 3755 491 3823 superat,
509 3765 613 3818 panem
629 3749 793 3822 vinumque
807 3749 909 3806 litavit.

158 3836 223 3893 Hac
239 3838 293 3894 tria
308 3838 371 3895 sole
385 3839 443 3894 Deo
458 3837 618 3894 creduntur
633 3845 715 3910 grata
730 3840 840 3908 luisse,

157 3925 211 3992 Qui
222 3926 337 3983 coluere
352 3928 455 3993 Deum,
472 3925 611 3985 dicuntur
625 3927 654 3982 in
671 3927 717 3983 his
733 3929 867 3985 coluisse.

155 4015 232 4072 Ante
248 4015 347 4072 datam
364 4014 456 4091 legem
475 4017 623 4084 precessit
637 4014 683 4072 lex
698 4016 829 4082 rationis,

155 4103 256 4162 ¹l'ertie
270 4104 317 4162 lex
332 4106 411 4162 venit
426 4106 560 4178 perlecta
577 4103 738 4176 religionis,

154 4194 258 4251 lm
273 4193 346 4266 Ergo
372 4196 436 4251 due
460 4193 551 4268 leges,
577 4210 640 4264 qttm
666 4199 795 4249 nostram
826 4195 983 4268 presa-enie-

851 4284 946 4355 ibent,

153 4375 234 4439 Quod
251 4374 284 4430 stt
297 4374 328 4431 in
343 4373 473 4431 Ecclesia
488 4373 742 4447 presignillcendo
758 4373 909 4430 docebant.

153 4462 206 4518 llla
221 4463 300 4534 prior
315 4464 446 4520 creditur
461 4479 560 4520 sacros
576 4469 673 4534 patres
687 4462 839 4529 hahuisse,

154 4555 219 4607 tiso
235 4553 424 4610 circumcisos
438 4553 467 4609 in
484 4571 571 4613 carne
587 4554 645 4610 Deo
660 4553 824 4626 placuisse:

154 4638 205 4696 llle
220 4648 448 4712 sacramentum,
465 4645 542 4714 quod
560 4644 693 4699 Christus
710 4643 805 4698 verius
821 4643 891 4716 egit,

152 4728 260 4784 ditaris
276 4730 366 4786 nostri
383 4734 438 4786 suh
454 4733 563 4787 eisdem
579 4732 711 4804 patribus
727 4733 794 4803 agit.

151 4815 211 4872 Hoc
234 4817 385 4887 subahel,
402 4819 454 4874 suh
484 4819 705 4888 ttelchisedech,
723 4823 777 4876 suh
808 4821 916 4878 Abram
937 4823 979 4880 vi·

832 4910 945 4985 [guisse

150 4997 263 5066 Fertur,
278 5011 386 5069 eosque
405 4996 470 5052 oevi
486 4997 561 5052 sacri
577 4997 701 5070 speciem
715 4999 845 5055 tenuisse
858 5018 865 5071 ;

150 5088 281 5152 Quorum
297 5085 521 5154 Melchisedech,
538 5087 672 5159 quamvis
689 5104 746 5143 non
771 5104 836 5145 esse
863 5088 980 5162 legatur

150 5171 316 5244 Progenies,
334 5179 433 5232 tamen
449 5174 497 5231 his
513 5192 569 5230 nnn
586 5174 707 5231 interior
723 5182 904 5235 numerator.

1042 2587 1145 2644 Unctio
1162 2591 1228 2645 talis
1242 2596 1314 2659 erat,
1331 2606 1395 2662 qua
1405 2591 1555 2648 Christum
1570 2592 1764 2664 signiticaret,

1041 2678 1094 2742 Qui
1110 2695 1194 2734 verus
1212 2680 1336 2735 sacrifex
1353 2682 1456 2737 orandi
1475 2687 1592 2754 peccata
1608 2683 1714 2753 piaret,

1042 2769 1098 2826 Sed
1115 2771 1208 2826 tribus
1226 2771 1275 2826 illa
1294 2771 1370 2844 Levi,
1388 2773 1457 2846 quia
1475 2773 1795 2845 pontificestribuebat,

1041 2858 1108 2914 Sale
1124 2860 1309 2917 sacerdotum
1322 2864 1373 2931 ¹ius
1388 2863 1577 2933 ciliciumque
1593 2863 1713 2934 gerebat
1727 2881 1734 2931 ;

1040 2947 1071 3002 ile
1088 2966 1138 3021 pro
1157 2951 1293 3020 pcccatis,
1312 2956 1341 3006 et
1356 2950 1473 3007 victime
1490 2951 1680 3022 pactilcorum

1039 3035 1161 3093 Nonnisi
1178 3039 1214 3094 de
1232 3039 1370 3096 manibus
1385 3042 1592 3111 acceptabatur
1607 3057 1723 3097 eorum.

1039 3125 1144 3183 Nullus
1159 3127 1187 3183 in
1207 3131 1250 3183 bis
1264 3146 1360 3185 arcam
1375 3132 1507 3202 capiebat
1522 3133 1722 3202 pontiticntus,

1038 3215 1072 3271 Ni
1090 3219 1163 3272 leret
1177 3234 1210 3272 ex
1226 3225 1320 3274 Aaron
1339 3219 1454 3293 generis
1470 3219 1592 3292 astirpe
1606 3226 1735 3277 creatus.

1038 3304 1091 3360 llic
1107 3306 1198 3362 semel
1213 3313 1241 3362 et
1257 3307 1338 3363 solus
1355 3311 1482 3363 intrabat
1499 3312 1587 3364 Sacra
1601 3325 1774 3365 sacrorum:

1039 3393 1155 3451 latrans
1171 3395 1318 3452 hircorum
1336 3413 1403 3452 cum
1419 3398 1573 3471 sanguine,
1586 3400 1629 3453 vel
1646 3397 1825 3463 vitulorum

1039 3485 1104 3554 ipse
1118 3485 1192 3540 duos
1209 3484 1265 3559 (38)
1285 3485 1395 3557 lapides
1416 3487 1547 3543 hameris
1564 3488 1633 3544 bine
1650 3488 1720 3543 inde
1736 3485 1851 3560 gerebat,

1037 3571 1160 3628 Nomina
1173 3576 1282 3647 scripta
1299 3580 1416 3647 petrum
1428 3576 1536 3648 quihus
1547 3577 1688 3649 insignita
1701 3577 1808 3634 serebat
1817 3572 1852 3626 ⁴⁹:

1038 3663 1111 3736 Ergo
1128 3663 1221 3720 tribus
1238 3682 1340 3722 omnes
1354 3666 1477 3723 humero
1494 3667 1626 3738 gestabat
1642 3673 1782 3741 utroque,

1037 3752 1223 3820 Sacrillcans.
1238 3771 1384 3829 oransque
1400 3757 1491 3813 Deum
1508 3773 1559 3829 pro
1576 3772 1607 3812 sc
1624 3756 1801 3831 populoque.

1041 3840 1104 3896 Haec
1119 3843 1177 3898 dixi
1195 3845 1321 3901 breviter
1335 3847 1424 3902 veteri
1441 3848 1476 3901 de
1490 3863 1570 3903 more
1584 3846 1704 3917 litandi,

1042 3929 1078 3986 Ut
1092 3933 1127 3988 de
1144 3950 1223 3990 mora
1239 3951 1312 3992 novo
1329 3936 1421 4006 maior
1437 3936 1475 3992 sit
1490 3936 1573 4009 copie
1590 3935 1681 3993 tendi.

1039 4021 1175 4079 Presidit
1191 4025 1331 4082 Dominus
1346 4025 1426 4098 prius
1443 4026 1542 4083 orbem
1556 4043 1644 4100 quem
1657 4027 1822 4097 fabricaret,

1039 4113 1188 4179 Quomodo
1204 4119 1355 4186 peccatum
1372 4115 1458 4186 primi
1475 4115 1565 4190 patris
1581 4120 1747 4172 evacuaret.

1038 4199 1098 4255 Non
1116 4209 1251 4274 peccarat
1266 4205 1370 4274 Adam,
1388 4204 1532 4261 Dominus
1547 4207 1717 4278 previderat
1733 4211 1800 4262 ante

1036 4289 1117 4353 Quod
1134 4291 1174 4346 sit
1188 4290 1357 4350 holocausto
1375 4295 1565 4350 redimendus
1581 4311 1639 4367 quo
1654 4294 1724 4350 velit
1735 4298 1821 4363 eote;

1037 4379 1091 4434 Sed
1108 4379 1230 4436 Domino
1246 4380 1355 4454 placuit
1372 4383 1493 4457 posthac
1510 4388 1673 4447 monstrare
1688 4382 1793 4459 liguris

1037 4472 1138 4524 Posset
1155 4474 1186 4524 ut
1200 4467 1352 4527 eese'lldes
1368 4475 1463 4546 magis
1479 4473 1645 4528 indubitata
1661 4471 1781 4531 suturis.

1036 4560 1152 4628 egnum
1170 4560 1283 4631 primus
1300 4561 1368 4616 abal
1386 4561 1524 4617 mactavit
1540 4561 1620 4617 lilius
1635 4563 1715 4630 Adae,

1035 4648 1135 4718 Agnus
1149 4653 1177 4703 et
1191 4648 1253 4721 ipse
1270 4651 1328 4717 boi,
1349 4655 1499 4707 Peccatum
1518 4650 1608 4706 diluit
1624 4652 1713 4706 ada:

1036 4735 1114 4791 ldem
1130 4739 1235 4810 quippe
1251 4738 1338 4807 Deus,
1355 4749 1382 4794 et
1398 4739 1515 4810 praesul,
1531 4747 1559 4796 et
1576 4741 1671 4796 hostia
1687 4741 1785 4797 santus

1035 4823 1250 4883 Pravaricantis
1264 4828 1341 4893 ede.
1358 4837 1474 4886 nostros
1489 4846 1605 4903 quaeque
1622 4830 1711 4889 diluit
1731 4835 1823 4887 ectus.

1033 4918 1135 4987 Agnus
1149 4915 1229 4987 Abel,
1245 4917 1393 4975 Christum
1411 4920 1505 4976 Patris
1528 4937 1634 4991 egnum
1660 4919 1856 4991 significarim

1033 5007 1132 5060 Frater
1145 5023 1224 5072 eum,
1240 5006 1324 5063 sicet
1346 5009 1504 5065 Dominum
1520 5010 1622 5066 tudae
1635 5010 1761 5077 necavit,

1032 5093 1105 5166 llrgo
1121 5095 1216 5152 videre
1233 5101 1315 5168 potes
1330 5098 1403 5169 ‹ptrod
1418 5098 1499 5165 Abel,
1516 5101 1641 5172 agnique
1659 5099 1767 5172 figura,

1032 5183 1152 5239 Venturi
1164 5184 1270 5242 Christi
1285 5185 1442 5259 signabant
1452 5205 1537 5245 sacra
1548 5189 1657 5245 lutura.

148 5263 206 5323 bea
219 5265 248 5320 in
263 5281 322 5339 qua
336 5264 460 5322 nomino
474 5280 543 5322 caro
557 5264 731 5322 circumcise
747 5263 890 5341 placebat,
990 5256 1013 5318 D
1029 5271 1238 5333 Melchisedech
1256 5273 1362 5348 legitur
1378 5293 1482 5349 paoem
1498 5279 1659 5350 vinumque
1672 5277 1805 5347 dedisse,

183 5364 243 5436 (88)
259 5362 314 5426 Pro
332 5364 496 5435 duodecim·

185 5563 210 5600 ⁴⁰
229 5566 314 5624 baed.
332 5582 427 5627 xxtttr.

1055 5502 1091 5527 ς...
