3802 6030
146 254 224 318 ram
639 236 730 298 vna.
754 231 991 296 utnoneaarr
1012 231 1216 296 elaeusa.
1239 231 1363 297 nerse.
1778 231 1848 295 tert
1885 212 1897 259 ·'

147 385 195 447 Nil
211 382 304 457 megis
318 380 387 436 huic
401 374 494 444 oneri,
510 386 598 446 quam
612 369 637 406 ¹⁰
649 367 725 427 velle
740 367 841 441 quiete
854 365 944 423 lovari
963 383 972 436 3
988 367 1015 436 Α
1030 364 1101 422 lnde
1115 363 1262 422 salutatus
1277 362 1367 420 abbas
1382 366 1427 420 est
1441 379 1535 435 panea
1558 362 1704 434 prolatus.

149 476 194 535 Nil
213 471 306 544 magis
316 469 478 539 ingratum,
494 476 582 535 quam
598 476 656 518 non
672 457 777 532 punire
792 462 919 513 reatum.
1028 458 1084 509 cur
1098 455 1209 520 venias,
1226 454 1316 526 aperi.
1336 453 1463 510 Zosimus
1477 455 1518 508 ait
1535 455 1628 525 :Opto
1642 452 1756 520 doceri,

150 567 245 637 liujus
261 564 324 618 erat
337 557 421 612 testis
438 552 571 610 modicus
588 566 685 622 sopor,
702 564 805 617 aspera
818 547 919 613 vestis,
1028 546 1063 598 bt
1080 551 1264 615 peccatorum
1280 543 1400 599 revelari
1418 541 1495 599 mole
1511 559 1657 598 meorum.

46 636 48 641 ¹
148 657 184 712 Et
198 651 284 709 cibus
298 657 326 705 ct
341 649 463 711 stralus,
479 643 566 699 modo
581 639 684 714 glorio,
714 644 784 694 tuno
812 637 972 693 eruciatus.
1030 636 1176 707 Asperitas
1191 634 1300 700 cultus,
1317 651 1368 690 vos
1384 636 1518 706 supplex,
1534 634 1630 705 gretia
1645 633 1760 699 vultos,

151 742 248 800 Testis
263 743 326 796 erat
341 733 478 792 monachi
494 731 583 800 color,
597 736 625 787 et
639 746 706 787 caro
723 728 818 784 nescia
842 727 948 783 Bacebi
964 741 972 779 ε
1026 724 1115 797 sigua
1130 742 1221 782 sacrae
1235 725 1349 796 meotis,
1365 731 1463 781 votum
1476 727 1580 796 juvere
1600 725 1738 798 petentia.

147 832 212 891 Non
228 844 307 895 caro,
323 825 373 883 sed
390 822 477 896 pellis
492 837 603 889 macra,
619 816 737 892 pallida,
754 816 825 872 trita
839 812 972 887 flagellis,
1029 814 1246 889 Responditque
1268 818 1352 872 Pater
1367 833 1374 872 :
1391 815 1495 885 Nemo,
1510 815 1685 872 charissime
1701 818 1803 882 irater,

150 921 242 980 Docta
257 914 394 975 reluctari
410 912 478 979 sibi,
495 908 612 983 spiritui
628 904 774 963 famulari.
1027 902 1119 960 Nemo
1134 905 1158 940 ²³
1176 904 1252 961 lavat
1267 906 1378 961 morbis
1394 906 1523 960 animam
1540 904 1596 960 orsi
1612 905 1754 963 Conditor
1764 906 1848 977 orbis,

149 1011 203 1068 liis
218 1008 249 1065 in
265 1004 431 1069 tormentis,
447 1016 536 1057 sacre
552 996 712 1054 modulatio
727 993 836 1051 mentis
1029 992 1120 1050 Prava
1134 997 1271 1061 coerceri,
1292 995 1369 1050 bona
1385 1011 1488 1066 posces
1504 995 1572 1050 inde
1587 994 1697 1051 doceri,

150 1100 267 1158 Christo
283 1092 437 1168 psallebat,
453 1091 478 1146 si
494 1087 613 1161 quando
630 1085 731 1157 lingua
746 1083 870 1139 teoebat.
1028 1082 1058 1139 Si
1073 1090 1169 1139 tamen
1188 1084 1233 1139 bie
1261 1091 1353 1140 emtus
1379 1082 1483 1156 placet,
1495 1093 1545 1139 aut
1559 1083 1849 1157 locusipsaquietm‚

150 1191 174 1245 ll
189 1188 271 1244 sanie
286 1180 364 1239 busti
386 1196 469 1236 mens
490 1192 606 1249 semper
620 1175 737 1231 conseia
747 1172 823 1242 justi
1029 1172 1060 1228 Si
1077 1189 1201 1246 magnus
1215 1173 1338 1229 modicis
1353 1175 1396 1229 via
1406 1174 1491 1245 jungi
1507 1172 1605 1245 palma
1620 1175 1745 1238 miricis,

151 1278 189 1336 Se
203 1291 258 1331 non
279 1273 403 1329 dimovit
421 1285 428 1338 3
449 1267 527 1324 Deus
542 1266 613 1332 brec,
630 1265 717 1320 bomo
732 1269 836 1318 cetera
849 1259 938 1317 novit.
1029 1262 1094 1317 Stes
1110 1278 1118 1317 ε
1134 1264 1233 1318 vitreas
1250 1283 1257 1332 3
1275 1262 1397 1318 humitis
1413 1264 1437 1317 ,οἱ
1455 1264 1584 1335 pmdefjp
1603 1279 1677 1320 usu,
1692 1263 1792 1334 ovim,

151 1366 272 1422 Talibus
288 1362 338 1418 ille
352 1360 448 1416 modls
464 1358 534 1412 dum
551 1353 675 1428 psalmis
689 1353 782 1408 instat
796 1355 824 1406 et
838 1350 912 1416 odis,
1030 1349 1065 1405 Et
1081 1350 1143 1419 lege
1159 1351 1311 1407 nobiscum
1327 1356 1429 1422 pastus
1444 1352 1530 1408 istiu,-
1546 1351 1571 1388 aa
1591 1352 1732 1424 mcum,

152 1455 233 1511 Vidit
245 1450 383 1510 ⁰⁰³¹⁰F1¹¹1¹
401 1453 521 1516 ⁸00l⁰¹⁸2
542 1444 660 1501 fliium
674 1457 776 1498 0⁰l¹¹¹11
793 1456 801 1508 3
1031 1439 1135 1496 ¹208
1150 1439 1291 1496 Summus
1302 1447 1452 1513 pastorum
1464 1456 1517 1498 nos
1529 1441 1637 1498 nutriet
1646 1457 1715 1498 esca
1725 1457 1851 1510 suorum,

150 1543 232 1600 Vidit
242 1546 271 1598 et
287 1539 388 1596 didicit
402 1553 462 1610 qua
475 1550 527 1608 spe
541 1538 584 1590 tot
599 1531 698 1604 praelia
719 1531 796 1587 vicit.
1031 1527 1104 1583 Esca
1117 1530 1218 1585 terens
1233 1536 1361 1586 mentem
1378 1535 1445 1603 post
1459 1530 1534 1587 hano
1555 1529 1629 1586 nihil
1653 1532 1850 1588 mmmm

150 1640 207 1708 Spe
222 1632 354 1688 zozimas
368 1634 471 1700 eaptus
487 1640 587 1681 sacros
602 1622 644 1679 ita
659 1621 750 1678 crevit
763 1619 793 1676 in
810 1623 903 1687 aetus,
1031 1616 1078 1674 Nil
1095 1618 1198 1674 anime
1215 1618 1319 1688 eslius,
1333 1636 1421 1693 quem
1439 1621 1519 1692 pasci
1534 1619 1647 1677 visibus
1660 1619 1767 1694 buius.

152 1723 190 1780 Ut
204 1726 343 1793 stagnum
360 1716 431 1784 rivo,
448 1713 492 1770 vel
511 1718 631 1785 torpens
647 1711 724 1784 ignis
739 1710 825 1766 olivo.
990 1742 1016 1809 B
1033 1707 1144 1763 Annuit
1158 1707 1205 1764 bis
1219 1709 1355 1782 equidem
1370 1709 1513 1781 Zosimus,
1529 1710 1639 1769 mansit
1653 1711 1763 1769 ibidem
1786 1729 1794 1768 :

151 1812 188 1869 ttt
199 1825 312 1868 memor
326 1807 362 1864 sd
377 1805 400 1841 ²¹
412 1819 508 1861 mores
520 1803 656 1875 prodesse
670 1815 769 1857 carere
784 1800 908 1867 favores,
1034 1794 1151 1862 Mansit,
1167 1800 1196 1851 et
1210 1796 1239 1852 in
1255 1796 1329 1853 cella
1344 1814 1418 1853 nova
1432 1800 1490 1853 vita
1504 1805 1666 1856 sacerrima
1680 1799 1760 1857 bella

153 1906 225 1960 Cum
241 1901 315 1958 bens
330 1899 485 1971 pugnaret,
501 1892 577 1950 cavit
590 1907 625 1948 oe
641 1891 719 1947 lama
733 1887 854 1947 volaret.
1030 1882 1120 1949 Vidit,
1137 1883 1276 1951 laudavit,
1293 1884 1407 1956 didicit,
1428 1888 1561 1954 serravit,
1575 1888 1695 1956 amavit,

153 1992 267 2058 Quanto
282 1988 349 2061 plus
364 1985 451 2054 eavit,
468 1987 550 2040 tanto
566 1979 659 2054 magis
675 1978 726 2035 illa
736 1977 853 2046 volavit,
1030 1976 1099 2028 Tam
1115 1975 1213 2047 gregis
1228 1975 1344 2031 hortatu
1372 1992 1518 2042 crescens,
1534 1994 1621 2050 quam
1637 1979 1661 2014 ¹⁸
1674 1978 1735 2036 tela
1750 1983 1853 2037 rotatu,

153 2082 303 2136 utcontra
318 2079 418 2134 votum
434 2071 536 2130 retulit
551 2068 699 2127 laudabile
713 2072 820 2126 totum.
1032 2063 1127 2136 Hujus
1142 2080 1213 2122 cura
1227 2067 1323 2138 gregis
1338 2068 1448 2122 summi
1461 2067 1579 2124 ditectio
1594 2069 1705 2141 gregis,

153 2167 227 2226 ¹¹¹²¹⁰
242 2164 391 2222 issflflfflffl'i
408 2160 506 2236 ΡΟΡΠῙῙ
522 2175 625 2217 V⁰¹¹⁰l⁰
641 2158 748 2226 d⁰⁰0tb
1034 2152 1121 2226 Logia
1135 2154 1271 2210 doctores
1287 2157 1399 2220 audire,
1415 2156 1518 2213 docere
1531 2157 1669 2224 minores,

152 2259 243 2325 Quos,
259 2258 292 2310 ut
308 2253 446 2326 poscebat
460 2249 554 2314 loeus,
569 2253 651 2314 retas,
667 2247 749 2313 ordo,
765 2244 899 2317 docebat,
1031 2241 1115 2299 Nolle
1131 2246 1225 2299 lavere
1239 2245 1310 2312 cuti,
1322 2247 1374 2314 jus
1392 2245 1529 2318 pendere,
1546 2247 1659 2320 legibus
1676 2248 1732 2316 uti,

151 2346 282 2402 vincens
296 2343 433 2414 maj—ures,
450 2344 483 2395 ut
497 2337 601 2396 stellas
617 2337 687 2392 lune
702 2338 842 2392 minores.
1032 2329 1118 2386 Nulla
1135 2331 1213 2404 ioqui
1230 2338 1347 2399 temere,
1366 2335 1451 2406 quasi
1467 2335 1533 2390 dira
1547 2351 1659 2391 venena
1674 2352 1789 2404 cavere,

149 2434 217 2492 lisso
231 2434 303 2490 dum
319 2429 468 2488 consuevit
483 2428 624 2493 Zosimus,
639 2426 728 2482 elatio
753 2425 851 2480 crevit.
1031 2419 1120 2484 lram,
1137 2420 1266 2488 livorem,
1283 2421 1359 2490 lites,
1377 2422 1542 2487 maledicta.
1558 2432 1715 2494 tumorem,

150 2522 230 2581 Dixit
241 2520 341 2577 etheo
353 2534 471 2576 secum:
488 2516 633 2588 Quidquid
640 2512 977 2587 jubatordovelrequum
1031 2509 1091 2575 Sal,
1106 2510 1210 2582 pisces,
1226 2513 1337 2581 vinum,
1356 2513 1553 2585 pulmentum,
1571 2518 1727 2581 stramina⁸
1744 2515 1855 2574 linum

150 2610 244 2684 liligo,
259 2613 366 2678 sector,
382 2624 459 2674 amo,
475 2605 616 2662 disoenda
631 2603 812 2672 tenendaque
828 2601 940 2670 olamo3
1031 2597 1093 2654 Non
1108 2600 1303 2672 attingebant,
1317 2602 1426 2673 quibus
1443 2605 1483 2659 uti
1499 2604 1610 2661 crimen
1627 2604 1777 2662 hebebant
1797 2623 1805 2672 3

149 2701 313 2756 immani
327 2701 409 2753 ⁸si⁰³
421 2695 503 2751 ¹⁸b⁰l
514 2695 620 2766 iflssflnl
634 2697 664 2750 0²
677 2691 701 2728 ¹⁸
715 2708 803 2763 ⁸09⁰?
822 2694 930 2747 ”⁰²⁰ss
1031 2695 1093 2753 Noa
1110 2715 1197 2772 sapor
1211 2699 1259 2756 bis
1274 2701 1400 2768 olerum,
1417 2720 1473 2759 non
1486 2720 1542 2774 res,
1555 2720 1612 2760 non
1624 2706 1737 2763 mentio
1748 2724 1854 2781 rerum,

152 2788 218 2846 ΗΜ
234 2802 308 2860 puer
322 2785 408 2859 filebi,
424 2801 498 2857 9¹¹⁰?
513 2783 574 2841 ¹¹³⁰
588 2787 617 2840 li
642 2781 727 2856 ΡῙΙΠ8
741 2780 851 2854 limbi·
1033 2784 1091 2843 Neo
1104 2787 1195 2844 erinis
1210 2795 1356 2862 comptus,
1375 2808 1428 2847 neo
1443 2797 1506 2849 erat
1529 2794 1680 2850 meditatio
1708 2802 1855 2870 sumptus.

150 2881 217 2934 ism
233 2884 302 2932 tuno
318 2875 389 2932 ordo
403 2873 513 2948 gregis,
525 2874 588 2946 jam
605 2876 743 2929 remuset
755 2871 882 2927 anchora
894 2869 977 2943 legis.
1035 2873 1126 2933 Nemo
1142 2876 1327 2951 estimpensa
1347 2882 1446 2948 vestis,
1461 2881 1505 2938 vel
1522 2883 1641 2954 dispens
1656 2899 1770 2956 menes,

151 2967 218 3024 iam
233 2965 341 3039 dignus
356 2963 447 3031 coelis,
471 2979 554 3020 sacer
567 2965 648 3028 actu,
664 2967 772 3033 mente,
787 2959 913 3032 loquelis
934 2975 941 3015 :
1036 2965 1146 3021 Invidit
1161 2966 1251 3036 Petri,
1269 2984 1325 3024 non
1342 2969 1432 3026 irater
1446 2970 1573 3043 denique
1588 2973 1681 3030 fratri,

37 3126 41 3131 Ι
152 3056 234 3114 Unus
247 3072 313 3112 oum
334 3056 443 3111 muodo
459 3053 586 3127 pugnavi
603 3053 660 3110 dne
676 3052 814 3110 secundo.
1038 3057 1091 3112 Par
1103 3055 1187 3112 eibus
1203 3062 1232 3114 et
1246 3058 1355 3127 cultus,
1369 3060 1470 3132 procul
1486 3060 1607 3118 abstulit
1622 3063 1655 3135 [l.
1671 3064 1777 3140 ablnit]
1792 3067 1855 3124 inda

151 3144 283 3202 ttiratrix
297 3144 402 3201 borum
416 3142 509 3217 plebs,
521 3143 628 3211 clerus,
642 3158 712 3215 grex
728 3141 939 3199 monachornm
997 3108 1019 3176 c
1641 3154 1823 3223 [tumupugg

151 3241 196 3293 lde
205 3236 288 3309 petit,
301 3234 392 3303 audit,
405 3237 495 3303 amat,
506 3233 704 3307 peragitquod
717 3249 770 3289 vox
781 3231 973 3289 meaclamat.
1031 3235 1119 3291 Polus
1134 3241 1197 3291 erat
1216 3240 1337 3306 numen,
1355 3237 1487 3295 festivior
1501 3257 1567 3296 esca
1584 3241 1735 3316 legumen,

150 3325 232 3382 'l'alis
247 3327 317 3382 dum
332 3327 423 3397 jactet
438 3323 568 3381 Zosimus
584 3324 782 3396 meritumque
797 3327 923 3380 retracta
1029 3324 1162 3380 Cilicium
1179 3326 1278 3391 vestis,
1294 3325 1370 3382 male
1386 3326 1486 3384 mollio
1501 3330 1620 3403 cingula
1635 3333 1725 3391 restis

150 3415 276 3483 Quidam
293 3414 422 3471 subtexit
437 3413 484 3470 cui
500 3413 624 3485 spiritus
639 3412 689 3468 illa
704 3412 807 3467 retexit
823 3428 830 3466 ε
1029 3411 1143 3469 Gaudia
1158 3412 1307 3485 lapsorum
1320 3415 1443 3481 reditus,
1457 3417 1540 3475 dolor
1554 3436 1635 3477 error
1650 3437 1767 3481 eorum.

149 3503 213 3560 Jam
230 3504 303 3561 bene
319 3502 449 3570 certasti,
466 3503 612 3570 beneque
632 3499 715 3555 licuit
729 3500 875 3571 superasti
893 3517 900 3568 3
1028 3503 1126 3558 Lectio
1141 3502 1199 3557 vitu
1215 3501 1345 3571 Petrum,
1363 3506 1495 3562 monitus
1510 3510 1667 3566 concordia
1683 3514 1815 3570 fratrum.

151 3593 194 3648 Nil
210 3591 388 3660 obluctatur,
404 3607 469 3646 caro
485 3589 585 3654 servit,
602 3605 686 3645 mans
705 3588 884 3644 dominatur.
1027 3590 1060 3646 ln
1079 3591 1176 3647 verbis
1191 3590 1295 3646 borum
1314 3593 1398 3662 Deus,
1415 3600 1467 3651 aut
1482 3612 1565 3652 saera
1580 3608 1662 3671 gesta
1679 3601 1814 3672 piorum:

148 3681 205 3739 Sed
220 3687 316 3739 tumen
331 3684 377 3737 est
392 3679 501 3735 dubius
520 3677 587 3734 tinia
602 3677 772 3734 certaminis
787 3678 877 3750 hujus
898 3693 906 3747 3
1029 3679 1211 3755 invigilando
1228 3698 1308 3738 more
1323 3683 1424 3755 procul
1440 3686 1510 3752 otis,
1526 3688 1660 3759 psalmus
1676 3691 1706 3748 in
1722 3709 1784 3760 ore,

148 3772 282 3842 Cumque
298 3773 379 3839 potes
395 3766 513 3839 subjici,
534 3782 592 3822 non
608 3766 696 3823 debes
711 3765 806 3823 dicere
823 3783 830 3822 :
845 3765 919 3826 Vici.
1028 3773 1186 3827 attenuate
1206 3787 1271 3827 caro
1287 3787 1372 3828 cruce
1386 3774 1488 3843 mults,
1506 3777 1606 3833 lomite
1621 3797 1697 3849 raro,

150 3861 223 3916 Nam
240 3857 307 3930 quis
322 3856 465 3923 vincatur,
482 3857 525 3911 vel
540 3855 648 3926 vincat,
660 3855 718 3912 fine
733 3857 882 3928 probatur.
1028 3859 1156 3917 Fletibus
1172 3864 1202 3917 et
1216 3862 1330 3917 crebris
1345 3863 1484 3935 vulgabat
1499 3867 1575 3923 iacta
1586 3868 1704 3926 latebris
1725 3887 1733 3926 :

148 3947 272 4005 Premis
286 3947 427 4001 victorum
453 3946 580 4017 pendent
594 3944 624 4000 in
640 3946 672 4018 [f.
690 3946 716 4018 a]
731 3946 789 4001 line
803 3945 937 4002 luborum
1027 3947 1115 4022 Vulgi
1133 3965 1277 4018 rumores,
1295 3952 1368 4018 lore,
1383 3968 1487 4010 causas
1507 3957 1676 4025 exteriores,

149 4036 186 4095 Ut
199 4037 352 4109 Scriptura
367 4038 462 4102 sonat,
479 4033 558 4104 fluis,
574 4050 631 4090 non
648 4049 746 4106 pugna
760 4040 890 4091 coronet.
1028 4043 1210 4095 Momentum
1225 4056 1340 4095 morum
1358 4058 1414 4098 non
1431 4051 1550 4101 noverat
1564 4045 1642 4104 ullus
1658 4065 1774 4108 eorum.

148 4127 220 4183 Cum
235 4126 310 4183 bene
325 4124 482 4197 pugnabis,
500 4140 568 4180 eum
585 4127 690 4180 cuncta
701 4124 826 4181 subacta
846 4123 973 4196 putabis,
1031 4127 1123 4197 Hujus
1139 4133 1200 4184 erat
1214 4145 1314 4195 censa,
1331 4129 1415 4188 locus
1429 4132 1559 4201 abditus,
1585 4137 1659 4192 ostia
1673 4137 1785 4209 clausa,

146 4217 215 4283 Quas
228 4220 291 4287 post
305 4215 437 4281 intentat,
454 4213 596 4270 vincenda
611 4213 749 4286 superbia
765 4217 865 4269 restat.
1028 4215 1141 4272 ianitor
1167 4223 1315 4285 austerus,
1344 4234 1426 4290 grex,
1458 4228 1567 4293 postor.
1589 4230 1711 4299 uterque
1726 4246 1848 4296 severus,

145 4305 211 4363 liaeo
228 4304 284 4362 uisi
297 4304 443 4373 vincatur,
459 4303 727 4374 promissaoomna
747 4309 881 4374 negatur.
1029 4303 1080 4360 lsti
1091 4304 1263 4362 claustrales
1279 4322 1330 4363 neo
1343 4312 1439 4364 certos
1455 4311 1605 4380 cilicisles,

146 4394 220 4452 Proh
236 4392 320 4451 dolor
335 4393 342 4451 Ι
360 4392 407 4448 bis
423 4391 491 4448 telis
506 4396 663 4464 superetur
677 4408 753 4464 sepe
768 4390 865 4447 tidelis
881 4406 889 4460 3
1028 4392 1097 4461 Neo,
1114 4394 1139 4451 si
1153 4399 1298 4466 pastorem
1315 4395 1428 4466 demus,
1441 4398 1569 4458 habuere
1594 4403 1733 4475 priorem,

144 4485 203 4543 lieo
219 4485 293 4541 duee
304 4498 518 4554 nonnunquam
531 4498 597 4538 rosa
612 4481 735 4537 vertitur
749 4481 778 4537 in
794 4481 969 4538 saliuncam.
985 4478 1008 4544 D
1023 4482 1051 4537 Si
1068 4483 1090 4518 ¹⁸
1102 4483 1170 4555 quid
1197 4484 1335 4554 poscebat
1351 4502 1408 4550 res,
1425 4495 1476 4543 aut
1491 4491 1577 4545 Pater
1591 4492 1654 4565 ipse
1670 4495 1803 4568 videbat,

144 4573 195 4630 lsti
212 4576 356 4645 portento,
372 4570 469 4643 sodes,
488 4571 605 4627 obstare
621 4574 780 4639 memento,
1027 4570 1103 4628 Cura
1118 4571 1174 4628 tuit
1189 4573 1295 4644 cuique
1311 4589 1423 4646 parere,
1440 4578 1541 4650 reique
1567 4583 1714 4656 patrique.

143 4662 202 4720 Neo
217 4661 261 4717 vel
278 4667 306 4716 te
320 4663 436 4718 tantum
452 4677 615 4733 presumas
625 4660 721 4716 dicere
736 4663 882 4728 sanctum,
1027 4664 1129 4718 Pastor
1143 4663 1254 4733 agenda
1271 4663 1390 4733 quidem
1404 4669 1598 4738 monstrabat,
1608 4672 1715 4744 agebat
1726 4680 1756 4731 et
1767 4677 1850 4745 idam,

144 4749 197 4804 Vel
212 4753 240 4804 te
257 4765 315 4820 pre
330 4750 440 4805 sanctis
456 4752 592 4804 meritum
611 4750 754 4820 promissa
767 4749 921 4806 Tonantis.
1026 4751 1187 4823 Plusquam
1202 4752 1339 4823 praelatus
1355 4757 1471 4813 eunctis
1487 4759 1596 4815 servire
1607 4770 1728 4833 paratus
1745 4782 1754 4834 3

145 4835 228 4893 llulti
244 4842 314 4892 sunt
331 4837 381 4908 qui
397 4843 425 4891 te
440 4850 580 4908 superent
596 4840 729 4894 examine
748 4837 823 4906 vitre,
1024 4838 1082 4896 Nec
1100 4843 1194 4911 erupis
1210 4841 1321 4898 hortari
1337 4851 1507 4914 consuetus,
1525 4865 1615 4921 quam
1633 4853 1785 4911 tumulari,

143 4925 222 4991 Quos
239 4928 272 4979 nt
287 4940 459 4996 cognoscas,
473 4926 612 4983 iordanis
631 4929 728 4985 littora
749 4944 863 4999 poscas.
1026 4929 1077 4985 ltla
1092 4930 1243 4986 beatorum
1260 4930 1360 5000 decue,
1377 4936 1406 4988 et
1420 4936 1574 5006 speculum
1591 4943 1820 5011 monacharum,

141 5013 251 5086 Regem
263 5013 404 5070 emiorum
420 5015 491 5071 colit
511 5015 572 5073 illio
588 5033 658 5088 grex
674 5018 897 5074 monachorum.
1025 5019 1086 5075 Lux
1102 5020 1208 5075 eratin
1225 5020 1367 5088 tenebris,
1392 5022 1433 5078 ibi
1457 5025 1586 5093 clausus,
1604 5029 1715 5102 ubique
1730 5032 1849 5092 calabria

140 5104 212 5157 Cum
222 5100 968 5177 monacbisbabites,quidagunt,age3catereritas.
1025 5109 1139 5165 llorum
1157 5109 1425 5182 primatus,scbole
1436 5115 1526 5184 juris,
1543 5117 1625 5191 virga
1651 5127 1764 5190 reatus,

142 5190 203 5258 uxi,
221 5189 328 5246 lestiua
345 5206 353 5247 z
369 5190 481 5261 dilatio,
499 5209 606 5266 magns
622 5194 718 5251 ruins.
1022 5199 1183 5267 (transibi,
1200 5199 1293 5255 torma
1307 5200 1399 5271 gregi,
1414 5203 1460 5258 via
1474 5204 1549 5271 vite,
1565 5208 1658 5279 gloria
1672 5207 1730 5282 legi
1756 5229 1764 5280 3

142 5279 217 5350 Exit,
233 5280 294 5337 abit
309 5297 442 5353 propere,
454 5281 627 5356 pulsatque,
642 5283 720 5341 iores
735 5291 855 5357 potuere
870 5301 878 5341 ε
1023 5287 1045 5323 ¹¹
1061 5286 1153 5343 Notus
1168 5290 1306 5361 gaudenti
1320 5291 1457 5360 gaudere,
1473 5293 1572 5350 dolere
1583 5296 1706 5358 dolenti.

138 5476 161 5514 ’⁰
190 5478 270 5543 liba,
299 5478 426 5533 membro
450 5476 478 5561 Ἰ,
498 5478 534 5532 od
558 5492 697 5538 memoret.
723 5480 747 5516 ¹¹
773 5482 852 5549 Ebc,
880 5482 966 5539 cibas.
995 5480 1019 5519 ¹⁸
1047 5484 1127 5553 libr,
1152 5485 1227 5541 levat
1254 5486 1367 5544 morbis.
1401 5486 1425 5524 ²⁴
1452 5488 1531 5557 dtr..
1557 5492 1711 5555 biberesm.
1732 5500 1837 5565 ὅκοι,

143 5549 224 5606 toedo.
241 5548 266 5585 ¹⁰
282 5548 360 5616 boa,
376 5547 453 5618 Quod
467 5548 656 5619 torpescebat.
673 5549 695 5586 ²²
709 5551 789 5622 libr,
806 5552 914 5609 Ganrar
925 5552 1066 5623 posdeatr'.
1079 5555 1166 5623 vict,
1181 5556 1286 5614 Nautes
1300 5558 1442 5634 prudenti,
1457 5561 1606 5622 mendose.
1840 5545 1848 5575 ⁹
