3802 6030
148 283 227 344 1213
626 272 716 334 11111.
740 270 979 332 manusueti
1001 270 1200 334 OENOMAN.
1225 270 1347 333 belse.
1777 268 1853 329 test

183 416 264 473 Sicut
278 415 332 469 rite
347 411 439 476 venit,
454 408 523 464 inde
538 408 641 464 beatus
655 404 720 461 erit.
986 403 1079 472 AQui
1095 404 1177 477 niger
1191 404 1302 461 exalbo
1320 401 1527 477 conspargitur
1543 399 1721 458 orbiculato.

147 504 250 560 1178
281 502 372 558 Omne
401 498 521 572 quidem
544 493 754 566 vitiumtugiet
776 491 975 564 decordeper
1028 492 1155 550 Diversis
1173 499 1275 566 pastus
1293 492 1639 557 venatibusetsatiatus,

808 582 936 655 [ipsum3
1028 584 1064 640 Se
1079 584 1190 655 recipit,
1207 584 1372 656 dormitque
1387 599 1457 639 eevo
1472 584 1639 654 prostratus
1662 581 1692 636 in
1704 584 1799 638 antro.

183 686 277 740 Causa
292 678 397 736 dehine
413 677 483 734 lethi
499 675 581 732 nullu
596 672 759 731 nocebitei.
1028 676 1098 728 Post
1111 690 1177 730 rere
1193 673 1286 744 surgit
1297 673 1440 736 triduum,
1456 675 1526 727 tune
1542 671 1670 744 denique
1682 670 1771 741 rugit.

467 783 503 822 na
517 781 654 822 enerues.
1029 761 1173 818 Exitodor
1186 761 1254 819 telis
1269 763 1304 818 de
1319 765 1569 833 gutture,temque
1580 760 1693 826 suavis,

149 861 259 917 'luetur
272 859 359 914 inere
374 856 469 912 nescit
483 870 600 921 amere;
1029 848 1066 906 Ut
1076 851 1181 907 virtute
1195 867 1249 907 sue
1264 855 1380 921 superet
1393 848 1437 905 vel
1454 853 1586 906 aromata
1600 853 1718 905 cuncte.

32 986 36 993 -
148 947 222 1004 Nam
238 946 329 1003 semel
344 945 395 1002 uni
411 941 631 1016 nuptemarite,
1029 941 1074 995 Ad
1089 956 1175 1011 quem
1193 956 1258 995 mox
1273 939 1362 995 tendit
1383 955 1555 1010 quevocem
1571 937 1669 995 bellua
1684 935 1786 1005 sentit,

149 1043 238 1096 Nocte
254 1036 360 1108 dieque
371 1035 476 1106 juncta
491 1032 632 1089 manebit.
1029 1029 1124 1099 litque
1136 1031 1235 1084 secuta
1248 1027 1332 1084 illum
1344 1028 1445 1084 ilatum
1461 1026 1616 1084 dulcedine
1631 1025 1766 1098 plenum.

34 1120 43 1131 ’
149 1128 267 1198 Absque
284 1123 390 1180 marito
404 1139 489 1179 nemo
508 1119 636 1176 videbit:
1030 1116 1078 1173 Sic
1094 1117 1339 1184 iaciuntemnes;
1356 1115 1411 1174 soli
1425 1117 1570 1189 panthera
1590 1117 1734 1172 dracones

151 1216 205 1272 Sed
221 1215 341 1271 viduata
352 1213 378 1270 si
393 1217 472 1269 earet
487 1212 563 1283 ipso,
1030 1205 1103 1261 Cum
1119 1210 1215 1277 sonat,
1230 1209 1281 1264 aut
1296 1206 1421 1277 lugiunt,
1438 1214 1487 1262 ent
1503 1220 1608 1279 segnes
1619 1219 1741 1276 corpore
1771 1203 1851 1269 liunt,

150 1310 211 1362 lton
227 1312 323 1360 teman
337 1303 413 1358 ultre
428 1302 519 1357 nubet
532 1299 636 1356 emico.
1031 1298 1063 1352 ln
1079 1296 1232 1368 caveisque
1244 1295 1346 1364 latent,
1362 1312 1416 1352 nee
1432 1297 1461 1350 in
1477 1294 1540 1367 ipse
1556 1300 1689 1367 tempere
1700 1298 1815 1366 parent.

148 1394 217 1450 Sela
231 1392 351 1459 volabit,
367 1391 432 1447 sola
448 1390 570 1458 sedebit,
1031 1385 1083 1441 Est
1094 1391 1190 1440 autem
1207 1384 1303 1440 dictus
1315 1383 1439 1456 panther
1453 1382 1609 1454 allegorice
1618 1381 1769 1448 Christus,

149 1483 185 1540 Et
195 1483 279 1554 qussi
292 1481 391 1536 viuum
407 1494 523 1552 semper
538 1477 659 1545 tenebit,
1031 1472 1086 1540 Qui
1101 1477 1249 1544 superest
1277 1473 1411 1530 homiues
1427 1473 1521 1529 torma
1537 1471 1662 1529 collatus
1677 1471 1715 1528 ed
1732 1481 1853 1526 omncs:

52 1584 55 1589 '
149 1570 351 1646 operiensque
364 1573 445 1626 cesta
461 1568 601 1624 manebit.
1032 1567 1067 1620 ht
1082 1567 1164 1618 setus
1179 1562 1227 1618 ille
1241 1563 1309 1631 fuit,
1324 1562 1392 1634 quie
1407 1567 1479 1634 quet
1490 1561 1561 1631 vult,
1576 1565 1620 1617 tot
1635 1559 1693 1617 sibi
1709 1559 1814 1627 sumit,

150 1661 198 1719 Sin
213 1663 260 1718 est
274 1660 374 1716 anima
389 1674 513 1731 queque
528 1654 634 1725 fidelis,
1033 1651 1067 1707 ur
1078 1666 1225 1707 sommum
1242 1651 1328 1723 cepit,
1344 1667 1411 1707 cum
1428 1650 1643 1707 nosmoricude
1658 1648 1803 1706 redemit:

151 1750 240 1808 Facta
253 1745 330 1802 virili
347 1745 454 1802 tradere
464 1744 551 1801 felix:
993 1772 1017 1836 B
1032 1741 1172 1814 Rugitum
1185 1740 1266 1798 misit
1280 1743 1434 1813 postquem
1447 1742 1483 1797 de
1494 1745 1586 1797 morte
1601 1740 1714 1798 revixit.

35 1850 43 1905 ἦ
151 1837 287 1910 Namque
300 1835 435 1894 Christus
450 1839 496 1891 est
510 1833 566 1890 sibi
576 1833 710 1899 maritus,
1032 1832 1127 1889 Caeles
1154 1832 1326 1899 ascendens,
1342 1833 1392 1888 ubi
1413 1836 1517 1904 regnat
1531 1848 1597 1887 cum
1614 1831 1699 1887 Petra
1715 1842 1853 1902 presens,

152 1927 224 1984 ilum
241 1942 294 1982 sua
304 1925 340 1982 de
350 1940 382 1981 se
394 1929 512 1998 pectere
528 1922 636 1996 replet:
1030 1924 1119 1988 Quem
1135 1925 1237 1994 gentes
1250 1924 1363 1978 cuncte
1378 1921 1420 1977 sic
1435 1924 1506 1977 sunt
1518 1921 1667 1977 eredendo
1683 1922 1802 1976 secute.

151 2016 187 2073 ht
202 2015 277 2072 bene
290 2014 391 2070 vivens
406 2028 524 2086 semper
536 2011 676 2080 adheret,
1031 2015 1089 2066 Aut
1104 2011 1180 2083 tegit
1205 2013 1292 2082 atque
1305 2009 1389 2079 latet,
1404 2027 1456 2067 nec
1471 2010 1500 2065 in
1516 2010 1580 2083 ipso
1597 2017 1727 2081 ternpore
1743 2009 1834 2081 paret,

20 2100 24 2169 j
51 2138 70 2177 ·.
150 2104 214 2162 Non
228 2103 356 2161 alienum
373 2103 478 2176 querit
493 2101 633 2159 amicum.
1030 2101 1155 2171 Serpens
1170 2099 1309 2171 antiquus
1325 2098 1373 2171 qui
1389 2099 1475 2155 nobis
1488 2103 1533 2155 est
1547 2098 1698 2155 inimicus.

153 2193 322 2262 Quamlibet
335 2209 423 2249 orcus
437 2191 597 2263 sumpserit
611 2188 706 2256 illum,
1030 2189 1163 2260 Namque
1187 2189 1297 2261 palam,
1314 2187 1502 2258 nullusnest,
1518 2189 1607 2244 audet
1618 2186 1719 2244 tallere
1735 2184 1853 2242 mullos.

152 2284 244 2351 Quem
260 2297 415 2354 superesse
439 2280 533 2337 credit
546 2279 577 2336 in
592 2279 693 2347 athre,
1031 2277 1091 2334 Nos
1102 2277 1171 2333 hinc
1186 2277 1324 2334 deiendat
1338 2278 1388 2350 qui
1409 2276 1495 2333 saeela
1509 2293 1560 2349 per
1574 2277 1674 2333 omnia
1690 2279 1803 2349 regnat.

149 2374 221 2431 inde
237 2371 370 2428 futurum
387 2374 501 2444 spectet
511 2369 661 2437 eumdem,
1031 2367 1166 2423 Carmina
1180 2366 1274 2434 finito,
1295 2365 1335 2423 eit
1349 2365 1415 2422 laus
1430 2375 1458 2422 et
1472 2365 1565 2440 glorie
1580 2366 1710 2421 Christo.

151 2459 190 2517 Ut
203 2460 433 2517 microcosmum
444 2459 556 2530 iudicet
567 2474 695 2514 ornnem.
1032 2455 1084 2512 Cui
1098 2456 1123 2512 si
1139 2471 1197 2512 nen
1213 2454 1263 2510 alii
1280 2454 1414 2528 placeant
1424 2455 1485 2511 hee
1501 2459 1605 2524 matra,
1621 2451 1747 2511 Tibaldi.

467 2565 503 2604 ne
518 2563 675 2604 senenses.

148 2639 202 2697 lust
216 2640 389 2711 quadrupes
412 2636 547 2710 panther,
577 2652 635 2707 que
657 2650 810 2707 nunquam
827 2632 978 2706 pulchrior
1427 2665 1463 2676 -

844 2723 940 2795 [alten

736 3043 842 3098 ¹¹⁷⁰
868 3041 1018 3166 Cujus
1041 3075 1191 3168 supro
1215 3044 1272 3117 (⁵¹)

688 3237 770 3333 DE
807 3237 1043 3334 ORDINE
1079 3240 1306 3335 MUNDI.

903 3405 1098 3468 MONlTUM.

191 3538 333 3614 Sequens
348 3549 461 3614 poema
475 3550 512 3592 eo
524 3531 641 3610 justius
655 3528 837 3591 Hildeberte
853 3531 1012 3612 tribuitur,
1029 3551 1092 3610 quo
1109 3532 1262 3611 majorem
1281 3534 1329 3594 vel
1352 3553 1390 3596 ex
1406 3535 1476 3616 ipso
1500 3535 1592 3596 titulo
1610 3534 1736 3596 ridetur
1751 3533 1854 3595 ethni·

152 3618 249 3677 tatem
266 3614 383 3675 hebere
398 3630 469 3672 eum
485 3611 625 3690 ejusdem
641 3609 837 3687 praecedente
853 3612 1001 3690 poemati.
1021 3616 1063 3675 ile
1078 3631 1172 3693 opere
1188 3632 1243 3674 see
1258 3613 1391 3676 dierum.
1409 3620 1473 3677 lmo
1487 3616 1547 3676 boc
1562 3615 1654 3695 quasi
1669 3615 1756 3676 illius
1769 3619 1839 3676 cont

32 3720 35 3725 ·
149 3693 333 3754 nuationem
349 3692 477 3763 dixeris,
493 3691 647 3771 siquidem
663 3690 771 3768 incipit
787 3690 847 3752 boc
863 3692 917 3752 ubi
932 3693 1113 3771 praecedens
1136 3693 1237 3756 desiit.
1255 3695 1337 3756 illud
1354 3697 1435 3757 enim
1452 3697 1491 3757 ed
1514 3696 1740 3757 formationem
1755 3693 1840 3757 hemi

148 3773 197 3833 nis
212 3772 263 3833 die
279 3778 367 3833 sexto
383 3770 508 3842 desinit,
526 3789 583 3831 uec
600 3771 682 3831 ultra
698 3771 903 3849 pr·ogeditur;
922 3773 982 3833 hoe
994 3780 1099 3835 autam
1116 3775 1156 3834 eb
1173 3775 1248 3836 Ades
1263 3783 1393 3854 peccato
1404 3777 1524 3856 incipit,
1542 3783 1572 3838 et
1588 3775 1632 3837 sic
1644 3794 1702 3855 per
1716 3781 1857 3856 tempora

29 3852 32 3857 '
148 3851 376 3931 lsgisnnturae,
395 3850 1416 3935 deindelegisseripteequasiadlegemuovemetlivaugelium
1435 3865 1555 3917 mentes
1574 3855 1750 3935 legentium
1780 3873 1856 3935 prae·

148 3937 242 4013 purat
257 3932 295 3991 ad
312 3930 407 3991 Verbi
422 3929 520 3990 divini
536 3931 802 4002 incarnationem,
820 3951 854 3992 ae
870 3933 997 3994 demum
1015 3934 1055 3994 ed
1070 3935 1285 4014 apostolorum
1304 3938 1571 4017 predicationem,
1589 3945 1619 3998 et
1633 3936 1738 4015 ipsam
1755 3936 1857 3998 Eccle-

146 4011 201 4075 aiae
216 4016 368 4075 Romanas
383 4029 441 4091 per
457 4010 587 4072 beatum
605 4009 733 4071 Petrum
749 4012 981 4086 fundationem,
999 4033 1119 4076 sacram
1136 4018 1336 4097 prosequitur
1352 4018 1527 4079 historiam.

358 4373 517 4428 rennuens,
544 4373 596 4414 ssu
612 4372 771 4414 ιεεοεΛειο.
997 4361 1019 4428 C
1037 4359 1126 4417 Messi
1143 4362 1427 4435 depressaepresens
1438 4363 1568 4437 digneris
1583 4363 1705 4420 edesse:

146 4445 270 4504 Maxime
286 4453 458 4504 sauctorum
474 4446 675 4518 sitiuntquem
693 4450 759 4502 vota
775 4445 889 4518 piorum
1039 4450 1271 4520 ignorantterre
1287 4452 1340 4508 tibi
1355 4454 1585 4524 greminegrete
1600 4453 1719 4509 reterre.

150 4536 315 4593 Adventum
327 4537 412 4608 enjus
426 4537 480 4593 fex
495 4535 637 4608 temporis
651 4535 740 4607 exigit
761 4535 855 4606 hujus
1036 4539 1104 4604 Que
1122 4539 1207 4595 mode
1218 4540 1313 4613 gignit
1325 4541 1433 4597 humus
1444 4546 1515 4598 sunt
1529 4541 1718 4609 hecaizanie‚
1737 4542 1859 4599 dumus:

146 4622 265 4697 Gemple
279 4625 356 4696 quod
371 4625 405 4681 de
418 4630 447 4681 te
458 4626 550 4681 sancti
567 4624 698 4681 cecinere
711 4624 870 4696 prophetae;
1037 4626 1112 4699 llrgo
1128 4633 1300 4685 cunctorum
1315 4636 1521 4702 compensator
1535 4630 1720 4698 meritorum,

146 4716 223 4769 Pena
244 4713 365 4769 modum
383 4713 494 4769 mundo
511 4713 633 4770 veniens
649 4713 678 4768 in
694 4716 722 4768 te
737 4713 909 4768 furibunde.
1036 4717 1094 4772 ilue
1110 4722 1138 4772 te
1155 4717 1311 4790 [arabsque
1326 4736 1416 4787 mora,
1429 4718 1498 4791 quia
1512 4727 1627 4792 tempus
1638 4720 1858 4792 poscitethore.

146 4800 249 4858 Cernis
265 4806 298 4857 ut
315 4801 452 4857 erumnis
481 4818 601 4872 pressus
617 4803 713 4859 honre
729 4802 853 4875 ingemit
868 4804 978 4874 omnis,
1036 4805 1111 4862 Olim
1127 4807 1300 4864 demnatum
1316 4809 1351 4864 de
1366 4825 1450 4865 sacra
1464 4807 1583 4882 Virgine
1599 4815 1701 4864 natum

146 4888 221 4946 ilino
237 4896 264 4945 te
280 4888 418 4961 quisquis
435 4895 516 4946 amet
530 4895 558 4947 ts
573 4895 633 4947 toto
648 4895 765 4962 pectere
780 4891 899 4948 clamat.
1036 4893 1180 4951 Nascendi
1199 4912 1317 4953 causam
1330 4897 1397 4952 fidei
1415 4915 1471 4954 uon
1482 4902 1569 4954 antea
1583 4896 1729 4966 clausam,

147 4977 225 5034 Audi
240 4976 411 5046 clementes,
428 4993 551 5050 regnum
567 4979 684 5035 caeleste
700 4983 856 5047 vocantss;
1035 4983 1125 5040 Metro
1136 4985 1329 5058 complebam,
1345 4991 1374 5042 te
1389 4990 1632 5057 praemonstrante
1646 4990 1790 5044 retexam.

147 5066 268 5123 Exorata
283 5067 346 5123 veni
364 5065 444 5140 regni
461 5065 584 5124 collator
597 5068 716 5134 amoeni,
1036 5072 1088 5138 Qui
1103 5074 1173 5131 lacis
1186 5092 1217 5132 os
1232 5077 1308 5132 muti
1324 5093 1390 5133 cunr
1407 5076 1450 5132 ris
1460 5076 1647 5134 sermonibus
1659 5076 1714 5134 uti.

146 5156 262 5212 Faleem
277 5171 410 5212 censure
426 5157 510 5212 terris
525 5155 652 5213 immitte
665 5158 781 5225 future,
1068 5163 1177 5220 Arbore
1186 5165 1241 5221 suh
1253 5166 1380 5237 quadem
1391 5166 1710 5239 protoplastuscorruit
1722 5168 1815 5224 Adam
1827 5163 1857 5227 ⁸⁰2

148 5244 212 5301 liue
229 5260 356 5301 messore
368 5246 435 5301 dato
451 5262 502 5318 pro
518 5245 665 5303 messibus
679 5245 838 5303 accelerato
1032 5251 1114 5308 Pemi
1129 5251 1192 5326 lege
1207 5254 1285 5323 date,
1301 5254 1467 5326 petulanter
1480 5272 1514 5312 aa
1525 5255 1633 5311 violata

149 5332 262 5392 culmis
275 5334 398 5393 delessis
409 5336 479 5408 quia
493 5337 636 5394 sternitur
650 5335 733 5393 arida
749 5335 865 5404 messis,
1032 5339 1125 5397 Suesu
1142 5342 1285 5415 serpentis
1301 5359 1416 5415 poenam
1432 5345 1512 5401 subit
1526 5343 1589 5417 ipse
1603 5345 1751 5413 nocentis,

182 5435 238 5507 (51)
255 5434 298 5490 lta
314 5450 368 5492 rus.
385 5437 474 5494 codex
487 5436 558 5494 elim
571 5435 757 5503 illnonensis,
775 5451 853 5491 nune
868 5436 990 5509 Regius,
1004 5456 1033 5496 n.
1050 5440 1114 5512 274,
1128 5457 1197 5497 ann.
1216 5442 1285 5499 circ.
1300 5443 1363 5499 500.

182 5576 275 5636 ”Gen
292 5594 334 5637 nr.
