3802 6030
52 220 128 279 1733
739 216 919 277 enutritis
939 214 1072 276 veuit.
1680 212 1759 276 titt

51 349 242 422 Prosequitur
255 352 335 406 totus
348 348 475 406 doctoris
491 350 569 407 dicta
585 348 744 423 maniplus.
889 357 914 421 Α
931 348 1005 406 Grex
1020 347 1106 406 solito
1122 364 1202 405 more
1213 350 1310 404 cantat
1321 345 1610 404 AlleluiaGraduale.

60 439 185 510 imperio
201 439 284 494 larva
301 455 355 495 sua
371 443 429 494 stat
444 439 592 494 sententia
605 440 721 512 cuique.
933 437 1083 509 Praepositi
1099 438 1193 494 serbis
1208 437 1390 494 contendant
1404 446 1490 508 atque
1504 434 1669 492 cachinnis.

52 526 207 582 Burburus
230 526 364 592 immitis,
381 525 498 598 sphynx
512 541 630 598 semper
644 529 739 584 amica
756 525 880 594 cruoris,
933 526 1061 583 Hocitlis
1074 527 1217 597 studium,
1233 526 1295 582 hmo
1312 526 1424 581 utilitas
1440 525 1601 581 seniorum.

57 614 154 671 Bestia
169 615 307 681 crudelis,
326 617 404 671 ierus
419 614 536 682 arbiter,
549 615 639 686 impie
655 616 757 687 pestis,
933 623 973 670 Ac
984 616 1062 671 velut
1074 633 1221 687 oppansos
1235 620 1335 671 tenent
1351 616 1375 671 si
1393 631 1486 670 emens
1500 614 1620 683 ocellos,

55 706 146 770 Quem
165 703 249 760 nobis
263 703 371 776 Stygiis
385 704 468 760 Pluto
485 704 647 760 transmisit
661 706 696 758 ab
711 705 809 774 undis,
933 703 978 758 Nil
992 705 1027 759 do
1043 705 1106 760 luce
1121 706 1234 768 uidens,
1255 707 1303 759 sel
1319 709 1416 776 aperto
1433 703 1544 758 lumine
1561 703 1670 758 vivens.

56 792 109 848 ttis
126 794 253 865 primurn
268 793 365 848 verbis
381 798 476 849 ructat
489 793 663 848 documenta
677 792 785 847 luroris
802 808 808 846 :
933 791 1105 850 Hausaliter
1116 793 1199 862 tales,
1214 793 1307 862 voltu,
1322 811 1379 848 non
1396 798 1492 848 ruente
1512 791 1651 859 nitentes,

56 886 108 937 Est
123 881 210 938 stulto
227 882 334 938 similis
348 882 397 954 qui
414 881 476 938 uult
490 883 666 938 contendere
681 880 777 937 dictis.
934 884 1015 935 Stare
1030 883 1117 938 choro
1143 883 1314 955 pulchrum,
1328 884 1376 938 scd
1395 900 1450 939 nou
1467 887 1511 938 est
1524 882 1594 938 utile
1605 881 1742 940 multum.

56 969 114 1028 Nos
129 969 209 1042 leges
226 973 364 1042 regimus,
383 973 515 1043 nosjura
531 971 658 1026 tenende
677 971 827 1038 docemus,
935 968 1034 1026 Altera
1050 972 1214 1044 prepositis
1229 978 1273 1028 est
1288 972 1379 1028 altera
1393 971 1493 1043 regula
1511 972 1606 1028 nobis.

56 1058 86 1115 Si
104 1061 226 1117 laoiruus
241 1060 505 1124 lurtum,votumus
523 1061 562 1114 sit
575 1077 691 1132 semper
706 1058 845 1115 inultum.
935 1058 997 1114 Non
1013 1065 1058 1116 est
1074 1062 1117 1115 les
1131 1077 1212 1132 teque
1227 1063 1329 1133 partiri
1346 1060 1455 1117 lercula
1471 1078 1590 1117 mensae.

55 1153 111 1204 Pro
127 1155 191 1204 voto
209 1150 285 1221 regia
304 1151 411 1221 pendet
425 1150 570 1205 seirtcntia
585 1149 669 1220 legis.
934 1148 1065 1204 Snldclat
1080 1149 1173 1205 victus
1189 1149 1275 1206 nobis
1287 1151 1350 1206 sine
1365 1167 1516 1206 murmuro
1533 1166 1638 1222 parvus

56 1241 207 1297 incassum
221 1241 318 1308 latrat,
333 1241 383 1312 qui
401 1242 498 1296 lurum
513 1240 638 1315 crimina
657 1238 766 1311 culpat.
936 1237 1101 1310 Propositis
1113 1238 1237 1310 pullula,
1253 1239 1326 1293 mibi
1343 1239 1381 1294 sil
1396 1240 1567 1295 tenuissima
1580 1246 1672 1295 costa.

57 1335 113 1384 Pro
130 1329 232 1385 merito
249 1329 318 1385 lorti
336 1330 420 1400 petiit
432 1332 480 1385 t'nr
495 1331 586 1387 ardue
602 1327 678 1385 coeli.
936 1331 975 1383 Os
990 1328 1110 1382 dubitur
1125 1328 1251 1395 nudum,
1267 1342 1291 1383 si
1308 1333 1395 1384 costra
1412 1344 1517 1400 respuo
1529 1329 1648 1385 donum.

58 1419 111 1474 itas
126 1425 171 1474 est
186 1418 350 1489 propositis
366 1419 491 1491 propriis
506 1420 657 1491 ignoscere
670 1416 776 1489 culpis,
936 1416 965 1471 Si
984 1417 1090 1472 mutire
1106 1417 1180 1487 volo,
1198 1419 1340 1488 depascer
1356 1417 1474 1473 verbere
1491 1418 1603 1473 crebro.

57 1507 116 1563 Nec
132 1508 266 1579 quamvis
280 1525 354 1571 vere,
371 1510 436 1565 ticet
453 1526 555 1565 norum
573 1509 648 1564 traria
664 1514 776 1564 notare.
937 1504 1102 1575 Praepositis
1116 1504 1230 1574 triplex,
1247 1506 1333 1561 nobis
1348 1507 1387 1561 sit
1399 1507 1492 1579 portio
1507 1506 1638 1580 simplex.

60 1596 119 1651 uer
133 1604 162 1652 et
178 1598 324 1669 prepositi
341 1597 422 1653 nulla
437 1604 508 1653 saint
522 1596 585 1670 lege
601 1596 763 1669 premendi.
937 1593 1005 1649 Post
1021 1599 1138 1649 tenuem
1155 1600 1266 1651 costam
1283 1611 1400 1650 carnem
1418 1612 1475 1652 uon
1493 1596 1639 1652 sumimus
1655 1612 1763 1666 assam,

60 1686 90 1741 Si
106 1702 155 1740 rex
170 1688 295 1750 iurator,
311 1686 355 1743 lex
373 1686 541 1743 indiscussa
561 1692 687 1742 tenetur.
899 1704 923 1771 B
940 1682 1088 1755 Praepositi
1105 1683 1213 1739 teneris
1225 1683 1374 1756 triplicant
1388 1701 1442 1739 sna
1458 1685 1568 1740 terrula
1592 1685 1693 1757 pultis.

61 1773 114 1829 Pro
131 1774 215 1847 culpa
231 1776 307 1847 regis
323 1776 463 1832 dormitat
479 1777 585 1848 pagina
602 1776 687 1849 tegis.
940 1771 969 1826 Si
981 1773 1154 1844 ieiunemus
1168 1773 1269 1845 paucis
1282 1774 1455 1846 quandoque
1472 1774 1588 1844 dicbus,

60 1864 198 1926 Qriamvis
213 1865 272 1920 sint
288 1865 376 1936 loros,
393 1871 567 1922 venerantur
582 1866 691 1938 ubique
706 1868 847 1937 potentes.
939 1861 1072 1917 Sufficiat
1085 1862 1167 1918 nobis
1182 1862 1331 1934 permistis
1347 1880 1449 1919 caseus
1461 1864 1531 1930 ovis,

59 1952 164 2009 Palliut
179 1954 315 2010 intumum
334 1972 388 2012 sua
403 1957 595 2027 praepositura
608 1955 764 2013 latronam.
938 1956 994 2006 Aut
1010 1951 1086 2017 laba,
1101 1968 1165 2023 quan
1180 1950 1291 2008 calidos
1306 1952 1384 2024 cogit
1400 1953 1574 2008 revirescere
1591 1952 1675 2011 licus.

64 2044 168 2101 16³2
184 2045 307 2100 Senium
325 2046 458 2115 nequitia
475 2046 547 2101 mibi
558 2046 591 2101 lit
603 2045 717 2102 lailaoia
733 2045 850 2118 lingum.
938 2040 969 2095 Si
982 2039 1072 2095 semel
1088 2039 1118 2095 in
1137 2056 1237 2096 mense
1253 2041 1347 2112 pisces
1363 2040 1514 2113 contingat
1530 2041 1649 2109 habere,

58 2133 111 2197 Qui
128 2132 258 2205 loquitur
274 2151 385 2204 vorum,
404 2135 453 2190 liet
470 2135 563 2191 hostis
579 2136 814 2209 praepositorum.
940 2128 1128 2197 Gemmarns,
1145 2129 1293 2202 anguillas,
1307 2130 1464 2198 tiberinus,
1481 2131 1580 2196 verba,
1597 2131 1701 2188 cloacas

57 2223 103 2278 Sic
118 2239 242 2278 censura
260 2225 342 2294 petit,
358 2224 401 2279 sio
416 2222 462 2278 lex
477 2229 505 2279 et
521 2225 620 2296 regula
636 2225 754 2297 promit.
940 2217 1160 2273 eommacutant
1175 2235 1306 2284 mensas,
1331 2235 1404 2289 uiros
1422 2219 1501 2277 trivit
1516 2219 1606 2293 longe
1631 2222 1768 2276 vetustus
1865 2267 1868 2279 .

58 2311 112 2374 Qui
128 2312 314 2374 contradicit,
331 2311 492 2368 ferularum
508 2312 600 2386 tlngra
623 2315 744 2370 subibit.
941 2306 1092 2378 l'raeposili
1109 2307 1164 2363 soli
1179 2308 1322 2364 satientur
1335 2309 1415 2380 pisce
1437 2308 1535 2365 receti.

61 2401 216 2460 burbureis
230 2403 261 2474 [f.
282 2403 449 2475 l'urpureis]
465 2403 552 2459 dictis
568 2404 643 2459 lavet
657 2403 822 2460 excoriator
836 2403 887 2461 he·
940 2395 1040 2452 Altera
1056 2399 1230 2470 propositis,
1246 2398 1332 2455 (latur
1348 2399 1437 2456 altera
1453 2400 1547 2473 portio
1564 2400 1659 2457 uobis.

800 2493 887 2566 tritis,
941 2484 999 2542 Nos
1014 2485 1146 2543 infelices
1162 2487 1220 2543 uini
1237 2487 1385 2544 nescimus
1400 2495 1516 2546 odores.

64 2583 236 2638 Sanctorum
252 2587 347 2638 costas
363 2583 413 2655 qui
431 2584 589 2640 denudavit
602 2592 630 2641 et
644 2602 726 2656 iuras,
942 2583 1092 2656 Praepositi
1108 2584 1222 2652 vinum,
1240 2603 1293 2642 nos
1304 2587 1497 2660 degustemus
1513 2591 1638 2643 acetum.

65 2671 118 2737 Qui
134 2672 267 2727 morbum
284 2672 405 2742 potitur,
421 2675 507 2746 egris
523 2690 650 2747 persaepe
671 2677 815 2731 medetur.
942 2673 1094 2745 Surgimus
1108 2691 1124 2730 a
1140 2691 1252 2745 mense,
1269 2677 1318 2732 sed
1336 2693 1393 2732 non
1405 2676 1468 2734 sine
1486 2676 1642 2734 murmuris
1657 2678 1710 2735 ira.

62 2759 206 2833 Sacrilego
223 2760 276 2818 luri
292 2760 481 2834 licetoptime
494 2765 656 2820 testificari.
943 2767 1026 2820 Hune
1041 2766 1135 2836 quatit
1150 2782 1227 2835 egra
1242 2765 1321 2834 sitis,
1337 2767 1421 2824 ittam
1445 2767 1578 2825 molestia
1593 2770 1713 2831 ventris.

65 2850 122 2906 Fur
136 2850 229 2907 foveat
245 2851 349 2916 sorem,
366 2852 442 2907 luvet
456 2857 488 2908 ut
503 2854 642 2909 meretrix
657 2853 851 2910 meretricem.
944 2852 1042 2925 Longa
1057 2855 1149 2910 lanies
1164 2856 1308 2912 stomachi
1324 2873 1389 2912 raro
1405 2857 1437 2912 tlt
1447 2858 1543 2915 amica
1557 2858 1658 2930 quieti.

65 2937 221 2995 Laudando
237 2939 342 3005 lurum,
359 2942 506 3012 propriam
522 2942 563 2998 sic
578 2959 669 3015 augeo
688 2942 816 2998 laudem.
945 2943 1003 3000 lloc
1019 2942 1135 2999 Domini
1150 2943 1282 3017 culpent,
1299 2946 1348 3018 qni
1365 2951 1448 3002 tenso
1464 2953 1579 3019 gutture
1591 2952 1719 3006 ructant.

64 3026 93 3081 Si
109 3027 203 3085 lurein
220 3029 352 3100 reprobo,
368 3029 459 3086 simili
476 3047 522 3086 rna
536 3031 636 3103 polluo
652 3033 737 3086 inrto.
906 3074 928 3139 c
946 3029 1042 3084 Altera
1058 3029 1229 3101 prepositis,
1242 3031 1385 3087 estaltera
1401 3032 1497 3103 regula
1513 3033 1607 3090 nobis.

63 3115 180 3171 Prosilit
195 3117 224 3172 in
239 3117 335 3173 medio
352 3117 552 3175 liadsmantus
565 3125 684 3192 gutture
695 3135 795 3176 crasso
811 3133 818 3174 ε
944 3116 1003 3172 Nos
1018 3121 1098 3172 extra
1110 3114 1272 3172 claustrum
1288 3117 1480 3189 prohibemur
1492 3120 1580 3193 ilgere
1591 3137 1725 3194 gressum
1742 3138 1750 3181 :

64 3207 168 3261 Conona
184 3205 299 3276 egregie
315 3221 322 3273 ;
337 3222 479 3262 numerus
494 3208 561 3263 iacit
576 3225 658 3263 arma
673 3209 785 3265 timere.
945 3206 1048 3263 16³8
1064 3208 1099 3261 At
1115 3205 1239 3261 dominis
1254 3223 1375 3263 camerae
1389 3208 1456 3264 licet
1468 3210 1503 3265 ad
1516 3225 1570 3265 sua
1581 3212 1770 3269 tectaredire.

64 3296 148 3350 Stare
163 3295 253 3350 simul
270 3294 366 3365 liccat,
383 3296 498 3353 lacinus
514 3314 588 3369 qnos
613 3298 756 3369 inquinat,
783 3300 893 3371 aequet,
945 3295 991 3351 Fit
1007 3311 1094 3368 rogus
1109 3295 1138 3350 in
1155 3295 1260 3364 medio,
1278 3294 1462 3353 celebrantur
1486 3302 1515 3354 ot
1541 3301 1623 3372 orgia
1646 3300 1770 3358 Baccho.

66 3384 178 3439 Laudat
193 3394 220 3441 et
234 3385 288 3442 hoc
304 3385 436 3453 Catulus,
450 3387 555 3443 (lindos
567 3386 656 3443 simul
670 3398 697 3444 et
705 3388 892 3445 Manichacus.
944 3385 1098 3440 Siccentur
1112 3399 1214 3456 cuppas
1229 3387 1379 3457 spumanti
1390 3393 1507 3443 nectare
1523 3386 1626 3460 plenas.

68 3474 118 3529 llic
135 3492 272 3532 nuoiorus
289 3478 386 3532 lurum
402 3478 447 3532 bis
464 3484 563 3534 ternos
580 3478 709 3552 complet
724 3483 753 3535 et
768 3496 875 3536 unum.
946 3475 1027 3531 Tunc
1042 3474 1166 3529 recitant
1181 3473 1270 3546 leges,
1287 3474 1347 3531 illic
1362 3476 1576 3548 proscribimur
1591 3494 1704 3536 omnes.

68 3565 123 3619 Sed
141 3565 209 3635 quia
224 3566 259 3621 da
274 3567 374 3623 Catulo
391 3583 469 3622 none
483 3567 570 3640 caepit
585 3584 706 3641 surgere
721 3583 826 3637 sermo,
947 3565 1008 3619 Sub
1024 3563 1117 3618 cauda
1132 3562 1196 3618 vilis
1213 3563 1322 3620 titubat
1333 3565 1476 3621 sententia
1491 3566 1575 3639 logis.

70 3653 139 3716 Oula
155 3655 209 3709 luit
225 3656 254 3710 in
270 3672 372 3726 puero,
384 3658 451 3726 quis
463 3657 542 3712 venit
556 3662 585 3713 et
601 3659 678 3713 unde
695 3657 812 3714 notabo.
947 3653 1043 3708 Altera
1058 3653 1233 3727 prepositis,
1249 3658 1294 3709 cst
1308 3653 1399 3711 altera
1414 3655 1519 3728 regula
1535 3656 1629 3714 notris.

71 3743 154 3797 llunc
168 3744 395 3810 mendicantem,
413 3747 537 3818 nudum,
552 3746 722 3817 victumque
738 3751 893 3820 petentem,
950 3742 999 3797 illc
1016 3742 1209 3813 niolendiuos
1226 3742 1274 3799 hic
1291 3752 1405 3800 nostros
1419 3744 1546 3818 subripit
1562 3763 1658 3819 agros.

70 3832 187 3887 Solibus
202 3831 309 3889 aestivis
323 3836 410 3889 cessit
426 3841 491 3890 rota
503 3836 613 3891 lervida
629 3835 710 3893 sotis.
948 3830 1000 3887 ilic
1015 3830 1099 3888 villus
1114 3831 1250 3903 <liciniae
1267 3831 1315 3890 hic
1329 3833 1478 3902 vectigalia
1495 3836 1620 3891 l'raudat.

73 3922 143 3976 llinc
160 3922 327 3977 tremefacta
342 3922 428 3991 cutis,
443 3933 469 3979 et
486 3925 559 3996 nigri
575 3924 660 3996 plena
676 3925 788 3982 cruoris
802 3930 832 3997 [t.
847 3942 893 3982 co·
949 3919 1001 3978 Hic
1016 3920 1105 3977 silves
1121 3921 1229 3990 tendit,
1247 3920 1294 3976 hic
1311 3928 1393 3993 pratu
1408 3922 1530 3979 virentia
1546 3922 1630 3981 tollit.

748 4015 843 4087 tiaris)
948 4011 1007 4067 Nee
1021 4014 1101 4066 totus
1113 4026 1218 4067 census
1230 4014 1346 4067 nostros
1361 4014 1537 4068 transfertur
1551 4016 1586 4070 ad
1600 4031 1682 4070 usus.

71 4095 237 4168 ttnmpitnr,
249 4101 279 4152 et
294 4098 368 4154 toedo
383 4098 520 4172 deturpet
536 4101 670 4158 membra
685 4117 806 4159 veneno.
949 4101 1069 4172 iusuper
1083 4099 1221 4158 ecclesias
1235 4107 1345 4175 cogunt
1359 4103 1416 4158 sibi
1431 4104 1555 4158 vendere
1576 4110 1702 4160 nostras.

69 4186 195 4257 AEthiopi
212 4187 329 4254 similis,
345 4188 424 4244 veuit
437 4189 501 4246 sine
514 4191 643 4262 tegmine
658 4189 753 4263 pellis,
949 4188 1008 4245 Hoc
1024 4190 1093 4244 lacit
1109 4189 1294 4261 improbitas,
1311 4207 1369 4246 non
1385 4192 1566 4262 paupertatis
1582 4192 1732 4249 honestas.

70 4274 299 4347 Pauper,inopa,
317 4278 426 4347 nardus,
442 4279 574 4336 tiliarum
591 4281 697 4336 cortice
710 4279 835 4335 cinctus.
950 4278 1101 4334 Burburus
1116 4279 1170 4334 hoc
1185 4280 1294 4334 donum
1306 4280 1376 4335 lecit
1388 4280 1451 4335 siue
1467 4280 1552 4335 leude
1567 4282 1722 4338 bonorum.

69 4364 147 4421 talia
159 4372 223 4423 erat
234 4365 329 4438 primo
345 4367 396 4439 qui
413 4387 491 4425 nunc
505 4386 536 4427 se
547 4368 657 4442 proluit
670 4386 752 4426 auro.
951 4367 1065 4440 Exopici
1079 4367 1111 4438 [t.
1128 4367 1249 4433 Exotici,
1265 4384 1313 4425 seu
1328 4367 1476 4440 Extranei]
1492 4386 1590 4427 mures
1609 4370 1652 4427 sic
1667 4370 1709 4427 sic
1724 4371 1777 4428 bo·

71 4453 162 4516 Quem
176 4459 237 4512 rota
253 4457 376 4513 tortuosi
392 4459 554 4516 transvexit
568 4461 604 4516 ad
621 4464 699 4515 astra
714 4463 842 4532 repente,
914 4438 936 4504 D
1413 4474 1452 4515 ne
1466 4462 1566 4514 nostra
1582 4461 1713 4517 iurantes

72 4541 155 4598 Nunc
167 4543 280 4616 rigidus
296 4546 376 4615 Coto,
393 4547 443 4602 dat
458 4547 543 4603 nobis
556 4548 625 4620 jure
640 4548 781 4605 tonando.
951 4543 988 4601 ut
1003 4561 1085 4601 sorex
1102 4559 1237 4617 granum,
1254 4545 1411 4602 corrodunt
1427 4547 1527 4604 omnia
1544 4547 1680 4605 fratrum.

72 4632 216 4688 Mirantur
230 4651 374 4706 proceres,
387 4653 500 4693 morum
518 4638 662 4710 probitate
676 4640 817 4712 vigentes.
953 4638 1028 4689 Dant
1043 4631 1142 4706 paleas
1156 4633 1252 4703 nobis,
1268 4634 1417 4708 complent
1434 4653 1488 4693 sna
1503 4640 1581 4694 tectu
1593 4636 1742 4694 medullis.

72 4722 157 4778 Nunc
172 4723 276 4779 asinus
292 4724 402 4797 pardis,
419 4742 498 4782 nunc
511 4727 635 4800 imperat
658 4744 760 4801 upupa
784 4725 896 4800 cygnis.
953 4722 1012 4781 Nec
1028 4723 1124 4793 pudor
1139 4722 1404 4791 estdecimas,cnm
1422 4725 1779 4798 quartistollerequartsr.

73 4809 102 4865 Si
118 4815 215 4866 tamen
227 4810 257 4867 in
270 4829 398 4886 praeceps
410 4812 542 4870 volvatur
556 4813 675 4871 cutinus
691 4831 809 4888 anceps,
900 4829 901 4832 ’
954 4812 1085 4882 Gallina,
1103 4811 1185 4884 pulli,
1201 4813 1295 4870 teneri
1311 4831 1378 4871 oum
1395 4817 1539 4874 matribus
1552 4818 1630 4889 agni,

74 4902 156 4955 tuuc
167 4899 235 4957 licet
249 4901 369 4972 invitus,
386 4902 486 4975 pardis
505 4920 536 4960 sc
551 4904 660 4960 subdet
672 4904 780 4961 asellus
954 4900 1064 4959 Vellere
1078 4917 1242 4968 vervecum,
1260 4903 1336 4968 faba,
1349 4903 1454 4973 lentes,
1466 4907 1613 4974 cannuba,
1637 4906 1743 4976 linum,

75 4988 110 5043 Et
125 4989 215 5045 nimis
231 4989 324 5047 elatus
341 4991 425 5047 saliet
440 4993 475 5048 de
488 5010 559 5066 rupe
574 4992 712 5050 Catullus.
954 4992 985 5048 Et
1002 4990 1121 5048 decime
1137 4994 1282 5062 pecudum
1293 5001 1362 5049 eunt
1377 5011 1479 5051 omnes
1493 4996 1725 5068 prepositorum.

75 5079 128 5143 Qui
146 5084 204 5134 stat
220 5097 295 5152 supe
311 5081 400 5149 cadit,
414 5099 535 5138 currens
552 5082 672 5156 vestigia
685 5083 772 5139 ladit.
953 5078 1048 5136 Stulta
1062 5079 1152 5135 nimis
1167 5095 1214 5135 res
1228 5085 1283 5147 est,
1299 5080 1324 5137 si
1338 5081 1548 5142 elementiciis
1562 5085 1689 5143 Fratres.

74 5167 201 5222 Motibus
217 5168 337 5225 incertis
353 5169 395 5224 sio
411 5169 465 5237 sic,
481 5173 608 5240 fortuna,
624 5171 741 5244 jocaris.
952 5169 994 5225 Ad
1011 5168 1247 5239 respondendum
1265 5171 1359 5243 surgit
1374 5189 1443 5245 grex
1459 5174 1694 5247 prepositorum.

73 5255 169 5312 Altera
182 5257 356 5330 praepositis,
372 5264 417 5314 est
431 5259 523 5317 altera
538 5260 639 5334 regula
660 5261 756 5318 nobie.
953 5260 1077 5331 Carpere
1088 5273 1140 5313 neo
1154 5255 1264 5325 lunam,
1281 5264 1397 5318 tenuem
1410 5280 1462 5320 nec
1479 5270 1573 5320 texere
1590 5264 1689 5331 telam,

14 5409 16 5413 ,
72 5345 129 5402 lies
144 5344 208 5401 vilis
224 5346 363 5421 populus,
379 5348 414 5404 nd
430 5349 540 5423 pulpita
556 5366 632 5423 sepe
646 5349 790 5423 legamus.
952 5350 1006 5404 Aut
1022 5347 1087 5403 tuso
1104 5350 1211 5403 tortum
1227 5349 1329 5420 sepitis
1342 5351 1494 5410 devolvere
1509 5353 1613 5409 linum.

73 5435 222 5509 Praepositi
237 5436 370 5506 sedeant,
386 5454 443 5493 non
455 5443 567 5496 stantes
583 5437 709 5510 psallere
727 5443 844 5512 cogant.
952 5436 1036 5494 Talia
1051 5435 1201 5511 praepositi
1217 5437 1336 5506 iaciant,
1353 5457 1512 5514 operumve
1523 5438 1658 5511 magistri

75 5523 135 5581 ilos
150 5523 225 5582 risus
242 5530 356 5597 pascet,
371 5543 424 5587 nos
438 5528 533 5586 cantio
547 5529 636 5601 longa
646 5527 755 5599 fatiget.
953 5532 1008 5584 Pro
1022 5523 1157 5582 mercede
1171 5541 1225 5581 sne
1240 5526 1279 5583 sit
1294 5530 1336 5585 eis
1349 5530 1507 5586 decimatio
1524 5533 1635 5586 nostra.
