3802 6030
77 202 133 263 117

751 191 893 256 GESTA.
917 221 955 238 ·—
977 190 1104 253 NO'l'AE.

1724 192 1782 254 tte

74 337 159 388 dietus
192 335 351 386 Falconem
366 329 471 398 lngentl
486 331 605 383 exercitu
632 344 714 395 super
744 329 902 382 Andecavos
916 332 942 399 Α
958 327 1102 380 dammodo
1130 325 1337 393 significantem,
1366 328 1511 380 Falconem
1540 329 1683 387 seniorem.
1717 331 1783 381 ller-

71 409 234 463 adducebat,
253 408 382 457 audacter
397 405 567 467 praeliaturus
582 406 707 454 occurrit.
735 402 787 454 Sed
814 402 900 453 Pieta-

71 481 212 537 reneibua,
245 485 392 542 antequam
424 480 456 526 ed
488 490 544 526 rem
572 480 683 525 rentum
710 479 790 531 esset,
820 471 901 523 atno-

69 553 221 617 gientibns,
251 550 393 599 (laufridus
419 547 483 598 inde
512 548 661 597 andecavis
692 546 813 603 veniens,
841 549 901 608 poet

71 621 409 687 paucosdiesBriolteum
436 625 553 668 cestrum
582 618 697 675 obsedit,
726 624 753 667 et
779 614 859 680 cepit.
885 634 899 660 ι

96 695 153 745 eol.
186 695 227 751 et,
260 692 307 741 liu.
339 697 363 741 i.
387 716 420 729 -
443 690 555 740 Advenit
583 693 607 737 et
637 702 758 738 consensu
791 685 899 737 citium.

68 766 143 826 burra
172 766 293 828 contigit
320 776 392 812 anuo
418 761 477 812 1098
505 777 537 811 eo
568 762 627 824 ipsu
651 774 705 825 quo
730 768 899 808 coisset-ratus

68 837 254 887 Hildebertus.
270 835 343 884 laem
360 834 506 883 chronicon
521 834 553 881 ad
582 846 683 881 anuum
716 831 801 881 lobi:
829 830 900 880 «Se-

67 910 160 973 quenti
177 921 253 956 auno
273 907 467 955 Heliuscotnes
496 903 713 953 Cenomanorum
738 904 833 965 ceptus
859 910 901 951 est

65 979 267 1029 eliobertude
298 978 426 1033 belesma,
457 975 607 1026 delectione
636 986 756 1031 suorum,
787 985 812 1021 ιι
841 972 897 1022 Kal.

66 1053 137 1108 itali.
154 1051 223 1099 teria
241 1064 278 1108 ιι,
296 1055 323 1099 et
347 1049 471 1100 redditus
499 1045 635 1096 Willelmo
664 1046 696 1099 tt.
723 1046 778 1107 regi
797 1044 897 1104 Angla·

65 1137 136 1172 rnm.
151 1122 289 1186 Falsoque
304 1121 508 1170 Andecavorum
539 1132 636 1176 comae,
667 1116 771 1167 Recbin
799 1129 898 1180 cogno-

65 1200 168 1249 mento,
202 1193 408 1243 cenomanicam
438 1191 541 1251 urbem,
572 1196 600 1240 ut
644 1202 729 1248 suam,
762 1183 897 1254 'sequenti

64 1267 185 1316 Sabbato
217 1267 328 1327 recapit.
358 1264 441 1322 Onam
472 1263 558 1312 tribua
590 1260 728 1311 mensibus
755 1265 896 1317 retentam,

62 1337 319 1388 cenomanensibus
347 1348 420 1385 more
447 1347 496 1384 suo
524 1333 576 1383 sibi
608 1332 798 1381 frendentibus
827 1334 853 1380 et
881 1342 896 1380 a

62 1422 90 1458 se
121 1408 321 1464 deficientibus,
350 1406 467 1456 reddidit
496 1417 556 1455 aem
580 1405 608 1453 iu
641 1401 761 1453 amicitie
784 1401 896 1465 praelato

60 1482 118 1543 regi
156 1480 320 1541 Anglorum,
349 1478 396 1542 qni
424 1479 509 1540 ipsam
541 1477 633 1526 urbem
662 1476 746 1538 magis
782 1474 897 1538 pecunie

61 1566 146 1615 qnam
174 1552 280 1600 viribus
308 1549 494 1614 impugnabat.
524 1565 539 1597 ι
566 1547 672 1597 AEstiro
709 1552 829 1610 tempore
867 1545 894 1595 id

60 1630 169 1686 gestum
202 1623 329 1686 designat
354 1622 506 1671 Florentius
534 1618 754 1684 Wigornieueis:
778 1636 792 1664 «
817 1619 894 1667 antro

61 1695 132 1752 11198,
163 1695 269 1745 aestatis
305 1700 433 1757 tempore,
475 1705 523 1743 rex
563 1690 708 1755 anglorum
748 1689 933 1764 Wlllelmusss

57 1768 152 1830 junior
166 1766 306 1816 civitatem
322 1778 383 1829 qum
412 1762 575 1815 Cenomanis
600 1766 718 1819 vocetur,
752 1773 892 1823 magnam·

59 1852 110 1903 que
127 1844 238 1903 partem
252 1839 330 1890 iliius
345 1836 495 1904 provinciae
510 1837 624 1902 pervim
647 1849 703 1886 auae
727 1835 823 1886 ditioni
852 1850 893 1887 eu-

60 1910 141 1974 bessst.
159 1932 172 1955 ι

88 1984 149 2033 Col.
168 1987 210 2039 et.
227 1982 277 2033 lin.
300 1982 325 2032 8.
350 2009 379 2019 -
402 1981 538 2046 Principis
564 1979 607 2032 sni
634 1979 754 2044 presidio
783 1978 892 2029 destitu-

60 2060 123 2105 tam.
149 2076 162 2101 ι
181 2056 332 2119 Receperat
343 2058 373 2105 ut
387 2068 462 2104 suam
477 2054 568 2110 Falco,
584 2073 597 2098 ι
613 2054 649 2103 sit
663 2052 809 2103 chronicon
833 2051 893 2102 bre·

60 2130 137 2187 rins;
162 2127 239 2191 jure,
271 2139 305 2175 en
332 2124 441 2190 injuria,
468 2124 609 2174 incertum.
637 2124 784 2173 Cenomani
807 2123 835 2173 ln
863 2123 892 2173 li·

62 2204 123 2248 mrte
152 2197 323 2247 andecanim
348 2202 376 2246 et
399 2196 569 2246 cenomanice
594 2196 682 2259 positi,
720 2208 768 2259 per
795 2208 890 2258 oppor-

62 2268 201 2325 tunitates,
228 2281 305 2316 nunc
333 2269 549 2325 andecavensee
581 2279 653 2315 nuno
673 2265 890 2315 Normanuurum

63 2344 172 2389 comitae
197 2340 242 2404 jus
281 2342 490 2402 damanaverunt,
515 2341 543 2387 et
570 2350 653 2400 penes
681 2351 742 2389 eune
757 2336 890 2400 possessio

10 2436 14 2477 ·,
65 2414 182 2476 tattoni
202 2413 262 2476 plus
276 2413 360 2462 armis
378 2411 489 2462 valeret.
504 2412 553 2461 Hie
565 2416 685 2475 repetere
710 2413 772 2461 licet
797 2425 890 2461 causas

10 2504 13 2563 p
69 2482 315 2532 ebnltimo.Suam
330 2482 390 2544 jure
411 2482 500 2532 dicere
530 2487 654 2545 poteraut
683 2481 891 2530 Atcdecavenses

73 2555 190 2613 comites,
220 2567 301 2618 quam
329 2553 462 2603 Robertus
488 2566 535 2603 rex
563 2551 680 2602 Gollrido
702 2550 890 2616 Grisegonellsa

10 2630 12 2679 l
74 2632 94 2674 et
119 2624 321 2676 successoribus
353 2624 426 2675 dono
463 2624 579 2686 dederat,
614 2626 644 2673 ut
680 2624 771 2673 scribit
811 2624 890 2676 Fulco

10 2718 12 2725 ·
72 2696 327 2763 Hierosolymitanus
356 2698 382 2746 in
422 2697 506 2747 Gestis
544 2697 672 2746 comitum
714 2697 891 2748 andecaven-

72 2767 234 2834 numenius
251 2769 334 2820 rerba
349 2768 505 2820 reseruntur
529 2771 609 2818 etiam
637 2769 666 2818 in
697 2771 890 2821 commentario

72 2838 180 2904 Ragonio
197 2842 231 2890 de
258 2839 368 2890 clericis
393 2843 440 2903 (a),
469 2840 506 2889 lle
535 2840 670 2903 majoratu
698 2844 725 2889 et
744 2841 890 2891 senescatis

72 2909 199 2961 ireneias:
233 2930 245 2955 ιι
272 2910 357 2960 David
385 2923 475 2960 eomes
501 2911 728 2982 Genomenorum,
752 2909 889 2961 etGollri·

73 2983 114 3031 dus
128 2996 216 3032 comes
230 2982 431 3040 Corboniensis,
462 2981 677 3045 dedignabantur
699 2980 810 3031 laudum
840 2997 881 3033 re·

73 3054 146 3116 cipere
160 3069 239 3104 snum
255 3069 272 3105 a
287 3053 416 3117 praedicto
431 3067 504 3117 rego,
520 3057 673 3103 asserentes
705 3053 776 3103 nullo
799 3055 880 3106 modo
896 3069 917 3137 C

73 3140 95 3176 se
107 3140 179 3189 posse
194 3128 291 3191 subjici
307 3126 402 3190 generi
429 3126 661 3190 Burgundionum.
694 3126 815 3176 Audiens
836 3141 882 3176 au·

10 3242 12 3265 ÷
73 3201 171 3248 lemrex
188 3198 462 3262 eorumsuperbianr,
491 3202 518 3248 et
542 3198 637 3248 ridens
664 3197 738 3260 regni
766 3200 806 3247 sui
827 3213 882 3249 non

75 3283 167 3331 parram
182 3268 405 3326 diminutionem,
422 3269 514 3319 babitu
539 3267 651 3319 oonsilio
675 3282 735 3318 cum
764 3268 882 3320 Gullrido

73 3343 159 3392 comite
174 3348 199 3393 et
214 3357 275 3391 cum
292 3340 452 3405 primatibus
473 3342 558 3405 regui,
589 3344 709 3402 tempore
736 3342 882 3391 constituto

74 3419 94 3461 et
107 3413 147 3463 die
162 3415 311 3471 nominato,
340 3413 459 3462 decrerit
486 3411 608 3463 obsidere
636 3416 752 3461 castrum
776 3413 882 3462 llorito·

72 3484 123 3535 nie.
152 3484 247 3535 Comes
274 3498 338 3535 vero
364 3483 500 3534 Goilridus
528 3497 701 3547 praenoscens
736 3483 881 3534 adventum

71 3559 194 3606 exercitus
224 3556 304 3615 regis,
334 3570 444 3606 movens
474 3560 560 3605 caetra
582 3555 615 3605 de
640 3553 881 3614 Vindociuu,dana

71 3629 438 3693 assuitamprmdictooestro
466 3627 565 3677 virtuts
593 3631 721 3676 consuetu
749 3630 775 3676 ei
797 3628 882 3689 probi·

69 3704 114 3748 tete
140 3702 228 3763 gentis
258 3714 323 3757 sure,
350 3697 495 3749 Godridum
524 3697 649 3748 comitem
677 3703 704 3748 et
730 3699 881 3762 oppidanos

69 3786 123 3823 suos
137 3776 227 3823 minus
242 3774 369 3823 timentes
393 3771 473 3834 cepit,
502 3776 529 3823 et
551 3772 662 3821 domino
682 3785 731 3821 suo
752 3775 807 3833 regi
822 3779 879 3824 tra-

69 3846 135 3896 didit.
151 3845 236 3894 David
252 3858 317 3895 vero
331 3843 481 3908 dedignans
495 3844 528 3893 ad
554 3842 717 3907 colloquium
742 3844 813 3905 regie
836 3859 880 3896 ve·

68 3918 126 3973 nire,
140 3917 282 3966 mandarit
296 3915 366 3980 quod
382 3915 456 3965 nullo
481 3914 561 3965 modo
592 3928 621 3966 sa
642 3916 698 3979 regi
726 3915 880 3980 subjiceret,

66 3992 87 4037 et
109 3989 179 4052 qaod
206 3987 284 4037 nullo
307 3991 427 4049 tempora
442 3999 489 4036 rex
516 3986 648 4036 liebertus
672 3985 879 4038 Cenomanicem

65 4073 131 4109 tuem
146 4059 239 4109 videre
254 4062 436 4122 presumeret.
465 4056 582 4107 Audiens
610 4060 701 4107 autem
734 4072 779 4108 rex
807 4073 879 4109 arro·

63 4132 170 4192 galitiam
199 4134 226 4180 et
255 4129 470 4192 indignationem
497 4127 619 4192 praedicti
647 4129 760 4187 comitis,
788 4130 877 4194 ipsum

63 4200 126 4251 dedit
166 4206 194 4251 et
235 4199 441 4250 cenomanicam
485 4214 561 4250 suurn
604 4198 720 4250 Gobrido
760 4201 879 4265 Grisnpo·

62 4272 119 4322 neila
133 4278 160 4323 et
173 4272 232 4320 suis
246 4272 448 4321 successoribus
463 4285 495 4321 ex
511 4270 586 4335 regio
604 4270 676 4321 dono
703 4272 799 4322 tribuit
817 4275 877 4338 jure

60 4343 254 4406 possidendam.
272 4362 284 4386 n
300 4343 344 4393 Sic
357 4343 473 4403 legenda
490 4343 638 4406 posteriora
659 4344 741 4394 verba
768 4359 800 4395 ex
826 4360 876 4395 ms.

59 4419 93 4466 Ad
107 4419 165 4468 bec
178 4416 282 4466 accedit
296 4415 367 4481 qaod
387 4416 515 4466 llanricus
533 4429 589 4479 rex,
620 4416 648 4466 id
673 4423 786 4468 curante
815 4423 881 4471 Ger.

58 4504 124 4541 rasso
150 4491 349 4541 cenomanensi
377 4488 506 4546 antistite,
534 4487 691 4540 comitatum
721 4491 881 4550 Cenomani·

56 4562 203 4613 eumdedit
231 4559 260 4610 in
290 4560 450 4611 beneficium
479 4560 595 4611 (loll‘rido
625 4563 755 4613 blertello.
773 4565 881 4620 Pontitl·

56 4637 104 4685 eale
117 4636 266 4684 Cencmem
282 4647 289 4680 ε
308 4633 447 4682 ebornino
462 4633 587 4682 Gervasio
603 4633 629 4682 ln
648 4634 712 4683 sede
735 4638 879 4699 residente,

56 4706 202 4757 Herbertus
231 4704 318 4753 Raoco
348 4707 430 4766 coepit
457 4717 518 4753 aum
547 4703 660 4755 irritare.
687 4705 788 4758 Videas
815 4726 879 4763 vero

54 4779 246 4837 pessulanum
264 4774 450 4838 episcopatum
478 4788 528 4824 trec
556 4788 604 4838 per
633 4790 729 4836 regem,
754 4793 803 4829 nec
831 4799 879 4849 per

53 4849 169 4912 seipsum
189 4862 204 4895 a
221 4847 343 4895 Baccone
361 4859 440 4909 posse
456 4845 574 4903 delendi,
589 4846 684 4909 petivit
712 4850 839 4912 quiddam
862 4869 878 4903 a

54 4934 113 4977 reae
131 4919 251 4968 ilenrico
266 4917 337 4979 quod
356 4915 460 4966 utinam
475 4929 530 4965 nun
560 4915 695 4980 petissetl
719 4919 821 4973 scilicet
849 4928 878 4975 ut

54 4992 127 5040 daret
138 4992 326 5053 episcopatum
342 4986 460 5036 Golirido
473 4987 676 5038 Andecavorum
705 4993 805 5054 comiti,
834 5009 878 5046 eo·

49 5060 265 5112 lummododum
296 5060 408 5116 viseret,
441 5062 470 5108 ut
494 5058 604 5109 liberius
632 5063 764 5112 acomita
787 5063 876 5117 Ceno·

49 5135 155 5183 manico
190 5132 265 5180 illuni
293 5130 450 5179 detenderet
474 5145 482 5190 3
510 5130 555 5181 illo
584 5134 675 5181 entem
703 5138 817 5194 mortuo.
847 5139 876 5189 in

48 5205 146 5263 regiam
163 5214 279 5250 menum
297 5198 407 5250 rediret.
422 5200 496 5258 Quod
515 5201 615 5252 lactum
649 5215 752 5253 versam
778 5212 819 5259 est
845 5207 875 5258 in

47 5271 297 5325 matamltudieno
326 5276 417 5321 autem
445 5271 590 5321 Herbertus
617 5272 713 5332 Becco,
743 5278 816 5339 quod
839 5279 874 5330 ita

46 5344 273 5409 presulegisset,
290 5342 518 5399 incidiadnclus,
546 5345 682 5395 accusarit
708 5360 770 5397 cum
802 5350 873 5413 apud

47 5416 196 5468 nebridum
228 5415 361 5471 comitem,
392 5412 507 5464 multum
535 5415 683 5478 deprecans
713 5421 741 5467 ut
770 5419 873 5485 abepi-

47 5493 157 5551 scopatn
174 5490 204 5536 et
218 5484 321 5535 bonore
337 5490 450 5548 paterno
465 5483 584 5547 privaret
595 5501 664 5543 eum.
680 5488 702 5538 si
730 5496 828 5552 poseat.
859 5513 871 5538 ι

47 5556 114 5612 anu
131 5558 221 5611 miror
235 5557 501 5609 malmesburiensem
525 5559 635 5625 ambage
660 5559 779 5624 maligna
806 5577 872 5629 quo·

957 401 1034 451 berto
1062 400 1153 451 comiti
1180 402 1378 451 Cenomanensi
1407 402 1467 452 dolo
1501 406 1588 467 capto,
1626 402 1781 454 comitatum

956 488 1003 538 per
1028 476 1081 523 vim
1106 476 1257 524 extorsisse.
1282 473 1326 523 Sic
1351 476 1388 525 ait
1410 475 1458 526 lib.
1483 490 1511 525 nr
1538 478 1566 525 in
1595 474 1730 526 Witlelmo
1745 477 1781 532 1:

956 545 1065 595 «Frilco
1089 547 1180 596 senior
1207 548 1369 597 Herbertum
1394 548 1519 596 comitem
1548 546 1778 601 cenomanensem

955 621 1087 669 Santonas
1101 621 1246 682 sponsione
1261 619 1336 669 urbis
1349 620 1477 676 illectum,
1491 619 1518 668 in
1535 620 1625 670 madio
1641 622 1778 686 colloquio

953 691 986 740 ab
999 691 1195 753 apparitoribus
1214 693 1322 755 arctari,
1338 697 1365 741 et
1392 694 1489 756 quibua
1520 692 1619 753 placuit
1648 696 1778 745 coriditio·

954 761 1043 818 nibus,
1060 761 1157 812 irretiri
1172 763 1243 812 lucit.
1267 780 1281 807 ι
1304 762 1335 810 lit
1360 777 1422 812 vero
1445 763 1477 811 de
1504 762 1658 825 hujusmodi
1683 767 1778 815 orendi-

954 836 1073 884 tionibus
1089 835 1154 884 reiicit
1179 835 1289 884 omuino
1316 835 1496 899 fragmentum
1524 835 1647 883 ilistorire
1671 838 1777 899 Aquita·

953 904 1032 963 nicae,
1048 905 1119 970 qrrod
1136 910 1222 955 exstat
1237 912 1290 955 tom
1304 905 1337 954 tv
1355 906 1477 954 {lictoriae
1494 905 1635 962 Francit’ae,
1667 907 1694 955 in
1722 920 1776 971 quo

953 978 1021 1027 niele
1045 980 1175 1026 arbertus
1199 990 1246 1040 pro
1272 975 1420 1026 lierberto:
1452 994 1464 1019 ιι
1487 977 1561 1025 'lunc
1584 990 1672 1025 comes
1696 978 1777 1028 soleo

952 1048 1013 1098 dolo
1031 1048 1190 1098 accersitum
1221 1062 1312 1097 ascum
1343 1048 1454 1098 adduxit
1475 1046 1608 1097 Santonas
1634 1049 1776 1100 arbertum

952 1119 1148 1170 nobilissimum
1163 1123 1285 1170 comitem
1301 1121 1471 1177 Cenomanis,
1496 1128 1523 1168 et
1546 1118 1632 1182 primu
1655 1120 1775 1179 Quadra·

951 1193 1061 1255 gesimm
1088 1191 1238 1253 Dominica,
1265 1195 1325 1254 poet
1353 1204 1469 1245 coeuam.
1498 1193 1577 1239 nocte
1617 1191 1776 1254 intempeste

951 1277 1013 1313 eum
1043 1261 1187 1312 traditione
1215 1263 1295 1326 cepit.
1320 1267 1345 1311 et
1371 1261 1398 1311 in
1430 1262 1543 1311 vinculis
1567 1274 1658 1310 secum
1689 1263 1774 1321 duxit,

951 1336 1091 1399 tenuitque
1121 1347 1182 1383 eum
1211 1334 1238 1382 in
1266 1347 1371 1383 carcere
1399 1331 1520 1382 biennio.
1551 1331 1629 1382 Unde
1671 1333 1774 1395 eripere

950 1420 1011 1457 eum
1036 1407 1164 1456 Dominus
1192 1404 1317 1470 dignetus
1337 1409 1385 1454 est.
1413 1404 1540 1468 Sequenti
1567 1417 1648 1461 anno,
1665 1408 1775 1468 propter

950 1480 1037 1542 ipsum
1053 1477 1150 1535 scetus,
1161 1478 1301 1527 combusta
1318 1482 1359 1526 est
1374 1477 1432 1538 ipsa
1442 1475 1536 1525 civitas
1551 1489 1611 1526 cum
1626 1476 1690 1525 sede
1705 1475 1775 1540 epis·

949 1550 1083 1614 sepeliet
1099 1548 1162 1598 dein
1178 1547 1278 1598 mansit
1292 1547 1400 1598 deserta
1415 1547 1532 1597 basilica.
1548 1567 1560 1592 ι

979 1622 1032 1673 Col.
1062 1624 1100 1679 91,
1129 1619 1177 1670 lin.
1208 1620 1247 1669 18.
1277 1647 1306 1656 -
1329 1620 1405 1682 Apud
1437 1623 1550 1669 castrum
1575 1618 1626 1670 tic.
1650 1618 1773 1670 Castrum

947 1693 1118 1744 Ledaerocat
1146 1692 1278 1743 Gollridue
1304 1691 1520 1749 vindocinensis,
1554 1691 1600 1741 lib.
1626 1705 1664 1753 nt,
1693 1693 1770 1755 epist.

948 1768 986 1827 13,
1002 1781 1017 1816 a
1031 1767 1177 1816 iluvionon
1193 1765 1304 1829 ignobili
1324 1764 1402 1814 leda.
1427 1765 1469 1815 Sic
1494 1762 1566 1814 enim
1589 1778 1697 1828 quoque
1725 1779 1771 1828 ap·

945 1839 1060 1904 pellatur
1083 1840 1111 1889 in
1139 1838 1201 1888 Vita
1229 1837 1379 1901 Segeniridi
1408 1837 1517 1888 (lenum.
1547 1837 1688 1901 episcopi:
1709 1837 1768 1888 abt

943 1911 1042 1973 villam,
1071 1924 1152 1975 quam
1182 1910 1313 1959 [liciacum
1350 1909 1501 1967 nominent,
1538 1908 1610 1957 ultra
1653 1906 1765 1957 flurium

944 1984 1051 2033 Ledam.
1068 2003 1081 2027 ιι
1098 1983 1148 2041 Qui
1163 1986 1190 2031 et
1212 1981 1294 2030 Lidus
1314 1981 1342 2030 in
1371 1979 1433 2029 Vita
1455 1978 1589 2044 iosepbi:
1612 1995 1626 2026 a
1654 1979 1764 2043 Lipidus

943 2068 1025 2117 supra
1045 2055 1156 2103 llurium
1180 2052 1286 2102 Linum.
1314 2071 1326 2095 ι
1350 2052 1435 2114 liujus
1459 2065 1522 2100 vero
1548 2051 1600 2099 loci
1629 2063 1765 2100 recessum

943 2126 1162 2176 amoenissimum.
1193 2138 1224 2173 eo
1253 2124 1343 2172 auimo
1372 2126 1525 2185 captaverat
1554 2122 1654 2178 Helius,
1684 2126 1712 2171 nt
1735 2122 1765 2171 in

943 2199 1058 2248 confinio
1087 2197 1248 2246 Andecavira
1275 2201 1302 2245 et
1326 2195 1497 2244 Cenomaniae
1524 2195 1634 2255 positus,
1666 2194 1764 2244 inultos

943 2271 969 2319 in
986 2275 1073 2332 partes
1090 2268 1217 2319 traheret.
1232 2268 1293 2316 Erat
1317 2271 1404 2316 autern
1429 2270 1544 2314 castrum
1571 2264 1626 2313 tidi
1655 2263 1764 2313 ditionis

942 2339 1061 2391 Garvasii
1079 2341 1160 2390 Helice
1184 2340 1280 2396 soceri,
1305 2338 1376 2403 qarod
1401 2340 1474 2399 pelet
1497 2350 1531 2385 ex
1553 2334 1641 2384 verbis
1666 2334 1764 2385 Kalen·

942 2411 1009 2462 darii
1024 2412 1146 2461 Ecclesiae
1159 2410 1370 2461 Cenomanensis
1384 2408 1508 2469 nuperius
1522 2404 1655 2468 ascriptis.

972 2482 1027 2533 Col.
1044 2487 1083 2534 91.
1098 2482 1146 2533 liu.
1161 2485 1201 2533 53.
1217 2507 1249 2519 -
1273 2479 1388 2544 Dareique
1413 2481 1501 2527 estate
1524 2479 1648 2541 sequenti.
1679 2477 1764 2541 ilarius

941 2555 1120 2619 expeditionis
1135 2554 1258 2604 meminit
1286 2549 1532 2602 Malmesburiensis
1558 2548 1682 2597 Historiae
1709 2548 1761 2596 No·

942 2628 1017 2678 selle
1039 2626 1085 2676 lib.
1101 2640 1132 2676 1:
1157 2646 1169 2669 ιι
1194 2625 1275 2675 Venit
1298 2622 1322 2673 ei
1351 2623 1440 2672 subito
1464 2621 1576 2671 nuntius
1598 2634 1613 2669 e
1637 2620 1764 2668 Cenoma·

941 2699 995 2758 nia,
1020 2700 1113 2749 dicens
1141 2697 1165 2748 ei
1190 2697 1317 2747 familiam
1345 2707 1421 2744 suam
1451 2694 1487 2743 ibi
1516 2690 1663 2742 obsideri...
1678 2688 1763 2740 Ceno·

941 2770 1058 2822 maniam
1072 2783 1134 2820 vero
1149 2772 1254 2832 petens,
1270 2764 1372 2816 Heliam
1389 2763 1527 2815 consulem
1541 2762 1644 2826 ingerit
1667 2764 1695 2811 et
1721 2759 1763 2810 sui

938 2845 1008 2907 juris
1022 2857 1082 2894 asse
1094 2841 1185 2906 jussit,
1202 2845 1228 2890 et
1241 2840 1269 2889 in
1286 2837 1405 2903 Angliem
1422 2835 1513 2887 rediit.
1529 2853 1543 2883 o

972 2917 1027 2966 Col.
1042 2915 1142 2974 setin.
1168 2916 1205 2964 li.
1231 2939 1260 2950 -
1286 2912 1397 2973 Quidam
1421 2912 1506 2959 aulem
1531 2922 1563 2957 ee:
1586 2904 1698 2956 clericis.
1723 2905 1763 2957 illi

942 2992 992 3053 ipsi
1007 2989 1052 3050 uui
1067 2989 1141 3040 lroui
1158 2988 1285 3038 dicuntur
1312 2997 1370 3034 asse
1401 2983 1433 3033 de
1463 2979 1610 3046 majoribus
1635 2978 1761 3030 Ecclesia

940 3059 1163 3124 Carromanensie,
1180 3061 1258 3123 epist.
1274 3057 1338 3106 eri:
1356 3075 1368 3099 ιι
1391 3055 1489 3104 Dicunt
1512 3051 1621 3116 quidam
1646 3052 1679 3099 de
1704 3064 1762 3100 ma·

933 3133 1039 3198 juribus
1051 3132 1260 3182 Cenomanensis
1281 3128 1417 3182 Ecclesice,
1441 3125 1486 3189 qui
1515 3130 1577 3172 anta
1606 3126 1691 3172 actem
1721 3120 1761 3171 vi-

938 3209 991 3255 tam
1014 3218 1088 3253 suam
1116 3216 1143 3252 se
1169 3215 1248 3250 nosse
1273 3205 1414 3248 testantur.
1439 3216 1451 3241 ιι
1478 3194 1620 3256 Scripsisse
1660 3194 1758 3244 etenim

937 3279 1007 3327 hunc
1032 3274 1170 3339 epistolam
1194 3272 1344 3321 illidi-berto
1367 3270 1454 3317 adbuc
1480 3267 1574 3321 electo,
1602 3264 1759 3315 certissimis

937 3346 1101 3409 argumentis
1116 3344 1195 3395 evicit
1207 3341 1322 3392 lacubus
1337 3340 1505 3393 sirmundus,
1522 3338 1564 3384 cui
1579 3350 1667 3396 piarem
1697 3349 1758 3386 nos·

936 3425 977 3471 tra
992 3425 1057 3470 retas
1072 3417 1143 3467 baud
1160 3416 1229 3474 tulit,
1245 3415 1278 3463 ed
1294 3413 1371 3474 epist.
1388 3414 1418 3460 13
1434 3410 1479 3460 lib.
1509 3423 1535 3458 ni
1559 3407 1671 3458 Goiiridi
1694 3407 1758 3459 Vitt-

936 3489 1100 3542 decinensis.

966 3564 1022 3613 Col.
1033 3563 1074 3619 92,
1089 3562 1137 3611 lin.
1153 3559 1191 3609 te.
1208 3583 1237 3595 -
1251 3556 1303 3606 Aul
1317 3558 1400 3604 turres
1414 3553 1537 3602 dirueret.
1553 3550 1601 3600 adi
1616 3549 1757 3611 epistolum

934 3636 1120 3693 8llil=lebcrti,
1149 3633 1209 3683 libri
1233 3629 1453 3687 reddideramus
1470 3632 1497 3676 et
1523 3624 1696 3675 Benedictum
1724 3636 1757 3673 ex

935 3721 989 3770 qua
1003 3707 1139 3769 lireopcne
1155 3704 1187 3753 ad
1204 3703 1324 3758 verbum,
1349 3703 1375 3748 ct
1396 3698 1436 3748 ta.
1454 3697 1551 3751 lvonis,
1579 3709 1640 3761 quas
1670 3692 1757 3744 Hilde-

934 3778 1011 3827 berto
1026 3775 1190 3826 inscribitur.

966 3847 1019 3898 Col.
1035 3847 1074 3904 92,
1093 3847 1139 3896 lin.
1153 3845 1192 3894 23.
1209 3871 1238 3881 -
1253 3844 1333 3893 ilaris
1345 3840 1473 3905 pericula.
1491 3841 1635 3904 Eleganter
1658 3837 1757 3888 descri-

935 3919 975 3969 bit
989 3923 1184 3977 tempestatem,
1200 3930 1253 3979 que
1268 3919 1352 3970 actua,
1368 3927 1427 3962 cum
1444 3914 1470 3962 iu
1489 3912 1605 3962 insulam
1618 3910 1651 3961 de
1664 3912 1756 3974 parta·

934 3995 1017 4048 relur‚
1032 3991 1059 4039 in
1076 3989 1197 4039 versibus
1211 3987 1244 4037 de
1261 4000 1310 4037 suo
1321 3986 1430 4036 exsilio:

934 4133 997 4185 Iside
1011 4136 1092 4182 ratem
1106 4130 1212 4189 scando,
1230 4130 1308 4179 uitam
1323 4130 1454 4179 comercitlo
1462 4126 1601 4191 procellis;

970 4205 1033 4254 Vela
1051 4208 1158 4260 inescent,
1172 4203 1274 4267 pemiau
1290 4202 1373 4250 cimba
1381 4200 1494 4265 juvatur
1508 4213 1563 4259 ope.

932 4277 1025 4326 Portus
1039 4277 1095 4324 erat
1111 4272 1193 4335 conon,
1208 4286 1263 4321 cunr
1279 4283 1368 4320 ventus
1381 4270 1477 4334 fortior
1492 4276 1584 4317 oretum

963 4346 1053 4400 tinuit,
1071 4349 1095 4394 et
1109 4346 1137 4393 in
1151 4346 1265 4393 anmatos
1280 4345 1374 4390 Auster
1388 4339 1475 4390 aravit
1490 4352 1581 4403 aquus.

938 4418 1034 4469 Crescit
1048 4417 1137 4474 biensa,
1152 4414 1211 4479 agit
1224 4429 1289 4463 eura
1303 4416 1393 4473 ratem,
1408 4411 1479 4475 sarit
1506 4409 1581 4458 undu
1610 4407 1754 4465 dehiscens,

968 4491 1051 4541 imore
1065 4490 1153 4539 eradat
1166 4489 1258 4545 ueiens,
1273 4501 1326 4537 noa
1340 4487 1403 4548 teuit
1418 4490 1476 4533 otro
1492 4483 1570 4532 diem.

934 4564 1075 4627 Desperare
1081 4561 1176 4625 jubent
1190 4560 1269 4614 venri.
1286 4573 1366 4611 more,
1382 4555 1495 4615 turbine,
1509 4556 1598 4620 fisiclo,

966 4635 1075 4684 Occursu
1090 4631 1177 4688 sandes,
1192 4630 1297 4696 ignibus
1310 4630 1365 4689 ipae
1378 4629 1460 4692 police.

933 4707 962 4755 lu
977 4705 1099 4769 fragilem
1113 4706 1203 4766 pinum
1219 4708 1286 4753 totus
1300 4717 1378 4764 prope
1392 4699 1507 4761 conperit
1520 4700 1576 4747 irus

964 4778 1047 4833 Orbis,
1064 4784 1089 4826 et
1103 4783 1140 4825 eet
1156 4775 1236 4825 leuatis
1251 4775 1382 4840 quidquia
1397 4771 1590 4834 chramneleni,

932 4850 999 4899 Dum
1013 4847 1052 4900 et'c
1064 4849 1137 4898 seruit
1151 4847 1240 4906 biems,
1255 4848 1316 4894 (Ιιιηι
1332 4845 1411 4905 pollet
1425 4848 1450 4893 et
1464 4846 1517 4904 ipse
1533 4841 1659 4907 irrupisset·

962 4921 1029 4970 Dum
1044 4924 1137 4983 stupet,
1153 4921 1178 4969 et
1188 4920 1247 4984 fier-i
1259 4919 1373 4982 piscibus
1385 4931 1443 4967 esca
1456 4917 1548 4978 limet,·

931 4991 995 5043 iicce
1007 5007 1094 5049 rapas
1108 4991 1191 5049 turdo,
1209 4991 1300 5041 tollens
1315 4998 1348 5039 od
1364 4990 1452 5039 sideru
1465 4990 1568 5050 fieretur,

960 5063 1065 5125 lntpttlt'l
1079 5065 1114 5110 nd
1127 5064 1201 5111 tillus
1212 5063 1268 5124 juin
1282 5060 1338 5113 sine
1353 5075 1436 5122 μαι-ιρι
1448 5067 1541 5108 ratem.

929 5134 974 5185 Sic
988 5134 1082 5184 misere
1095 5134 1170 5199 felic,
1188 5147 1281 5199 quasso
1295 5136 1361 5191 rote,
1377 5131 1452 5182 rebus
1465 5130 1604 5194 ademeris,

959 5205 1039 5256 Eucti
1053 5208 1151 5266 enetos,
1165 5220 1276 5271 equora,
1290 5220 1364 5264 saxo,
1382 5207 1477 5256 donem.

959 5349 1014 5399 Col.
1029 5349 1068 5406 92,
1085 5347 1132 5398 lin.
1148 5353 1187 5400 58.
1210 5376 1239 5386 -
1269 5349 1390 5400 Miserius
1412 5358 1451 5400 est
1473 5348 1609 5402 Doininus.
1641 5371 1653 5398 ιι
1676 5352 1749 5402 Divi·

928 5424 1019 5471 natum
1035 5425 1075 5470 est
1089 5422 1177 5471 virum
1195 5421 1284 5472 divina
1300 5422 1399 5472 ultione
1414 5437 1580 5487 percussum,
1610 5431 1748 5487 assumpto

927 5492 1046 5543 veritatis
1071 5498 1238 5558 argumento,
1266 5507 1299 5543 eo
1324 5495 1395 5557 quod
1427 5508 1574 5559 pauperum
1607 5495 1749 5549 exstiterat

925 5564 1105 5617 intolerabilis
1132 5581 1285 5632 oppressor,
1310 5565 1489 5618 Ecclesiarum
1530 5567 1649 5619 crudelis
1687 5583 1748 5620 aaa·
