3802 6030
654 489 841 555 NONITUM
864 490 903 552 lN
927 488 1164 552 OPUSCULUN
1190 486 1376 557 SEQUENS.

204 664 361 735 Quantum
377 662 444 720 erle
459 655 582 736 poetica
606 651 743 715 valuerit
758 650 958 713 Hildebertus
972 650 1022 711 vel
1045 649 1107 710 hoc
1120 649 1187 710 solo
1213 654 1358 726 poemate
1383 648 1502 727 liquet:
1520 647 1593 709 licct
1617 645 1702 709 culm
1718 647 1763 709 ibi
1780 651 1868 712 metri

162 745 247 822 leges
262 740 433 821 aliquando
449 737 544 816 paulu
561 735 689 796 liberius
705 741 916 810 transgressus
930 731 1033 801 luerit,
1052 731 1112 791 hoc
1127 731 1445 812 quantulumcunque
1460 728 1569 789 vilium
1585 738 1737 824 sensupm
1752 731 1865 792 nobili·

163 829 223 895 tas,
241 823 333 883 ludus
347 820 379 880 in
397 819 511 889 verbis,
536 823 568 877 et
584 814 668 876 licitn
694 813 794 893 poetis
810 812 962 874 orationis
985 811 1217 872 oblectamenta
1242 810 1367 872 abunde
1392 816 1608 888 compensant,
1634 808 1752 888 quibas
1767 817 1869 874 temen

162 923 250 964 more
265 921 321 964 suo
339 902 489 963 lectorum
508 904 626 958 mentes
642 915 660 957 a
676 894 806 954 terrenis
823 895 861 953 ad
880 892 1016 954 coelestia
1032 899 1163 952 conetur
1178 893 1310 970 erigere.
1328 895 1393 953 Hoc
1409 900 1513 952 autem
1530 910 1547 952 e
1563 891 1782 971 manuscripto
1796 894 1866 955 Cul-

135 1043 137 1047 .
162 984 286 1046 bertino
303 1002 389 1043 num.
408 982 487 1042 3019
502 980 652 1048 eruimus,
681 975 734 1036 nbi
761 974 819 1035 sub
846 973 1021 1043 Hildeberti
1044 973 1171 1034 nomine
1196 974 1417 1049 transcriptum
1434 972 1600 1034 dicebatur
1621 973 1868 1056 emauuscriptn

163 1065 269 1128 codice
284 1083 373 1127 num.
389 1067 409 1123 l
424 1060 605 1123 monasterii
621 1057 806 1119 breunensis
819 1055 961 1117 dioecssis
978 1054 1212 1117 suessionensis
1226 1054 1345 1116 ordinis
1357 1051 1680 1117 Praemonstratensis.

703 1368 785 1464 DE
814 1366 1078 1464 ORNATU
1101 1365 1327 1464 MUNDI.

282 1563 379 1620 liundi
391 1570 521 1621 orantum
532 1562 668 1637 depingit,
679 1568 704 1621 ct
718 1563 874 1636 periturum
889 1560 1067 1688 demcprtrlctt,
1083 1576 1116 1616 nc
1127 1558 1242 1633 proinde
1256 1558 1291 1615 nd
1306 1559 1545 1618 immarcessibiles
1558 1560 1623 1617 cneii
1635 1559 1755 1619 delicies

961 1649 1020 1689 tnui
1033 1647 1049 1688 n
1064 1671 1072 1687 .

203 1948 297 2022 Erige,
312 1946 384 2020 clio,
400 1948 509 2022 stylum
524 1948 638 2007 cultum
655 1948 800 2005 sermonis
813 1947 927 2018 iueurs,
1004 1961 1032 2030 A
1082 1943 1213 2018 Gurgitis
1224 1943 1293 2001 binc
1308 1945 1407 2002 videas
1422 1945 1521 2003 ludere
1537 1945 1626 2005 lentis
1641 1965 1764 2023 squam.

203 2038 243 2095 Os
259 2054 395 2112 resperge
410 2053 508 2095 meum
525 2038 650 2095 nectaris
665 2038 759 2094 imbre
774 2037 831 2094 tui.
1049 2034 1159 2091 Ultima
1173 2051 1241 2107 pers
1258 2035 1339 2106 rupis
1354 2035 1441 2091 rostri
1455 2037 1578 2094 mentite
1588 2037 1728 2111 ligarem,

168 2131 251 2185 Hanc
266 2127 399 2184 imitator
413 2143 508 2201 spem,
525 2129 610 2200 cujus
625 2127 780 2201 prudentie
792 2144 888 2185 cerem
1085 2126 1152 2190 Qun
1169 2124 1204 2182 de
1219 2141 1292 2198 rupe
1307 2124 1403 2180 fluunt
1417 2125 1541 2200 suscipit
1556 2126 1663 2200 hospes
1679 2146 1783 2203 squas.

202 2217 342 2290 Jejuuam
358 2216 456 2276 mellis
471 2234 529 2274 non
544 2218 616 2275 sinit
631 2235 695 2276 esse
710 2233 804 2276 suam.
1049 2215 1134 2272 Fodit
1145 2215 1172 2269 in
1186 2215 1241 2271 boc
1258 2220 1350 2271 rostro
1369 2214 1520 2288 geminum
1537 2220 1642 2274 natura
1657 2219 1802 2292 toramen,

168 2307 256 2367 Nella
270 2308 328 2365 nisi
343 2308 470 2377 dederis,
487 2326 551 2365 mee
566 2325 632 2366 cere
647 2310 745 2365 levum
761 2307 835 2378 sitit,
851 2323 920 2383 ergo
1085 2309 1122 2361 Ut
1137 2303 1208 2361 loris
1223 2307 1364 2377 emungat
1379 2307 1502 2377 utruque
1517 2306 1608 2363 meris
1623 2323 1745 2381 equam.

203 2399 260 2455 llus
275 2398 348 2454 mibi
365 2397 507 2455 mellilluo
522 2398 612 2455 stillet
629 2399 666 2456 eb
681 2416 730 2456 ore
747 2405 808 2466 tuo,
1049 2394 1174 2464 Onnum
1190 2392 1318 2452 lascivus
1334 2394 1417 2451 lensi
1435 2410 1523 2466 qnam
1539 2394 1660 2453 lesciria
1675 2398 1792 2456 dulcisl

166 2489 218 2545 nst
233 2505 339 2545 nemus
362 2489 439 2546 unde
463 2487 578 2561 loquor,
608 2505 713 2546 nemus
740 2504 844 2546 nusum
874 2493 992 2561 tongere
1084 2486 1159 2540 Hine
1174 2499 1251 2555 equa
1266 2483 1352 2552 ludit,
1368 2488 1397 2540 et
1413 2484 1480 2540 bine
1495 2484 1597 2557 garrit,
1613 2491 1643 2543 et
1656 2486 1727 2543 iude
1742 2487 1821 2547 salit.

384 2649 386 2653 ‚
873 2579 991 2652 laubos,
1049 2577 1148 2636 Dulcis
1162 2577 1261 2644 odore,
1278 2576 1372 2632 linens
1388 2575 1521 2645 humore,
1537 2577 1633 2636 colore
1647 2579 1831 2653 nigrescens,

202 2666 256 2723 llic
270 2665 353 2722 locus
368 2665 493 2722 emulus
508 2671 562 2734 est,
579 2665 763 2739 operndisel
781 2671 863 2726 inus.
1085 2668 1117 2725 ln
1133 2667 1196 2740 ripa
1212 2667 1343 2723 redolent
1358 2667 1465 2739 cassia,
1481 2671 1611 2743 myrrha,
1628 2672 1721 2743 piper.

167 2756 221 2813 Hic
235 2761 353 2828 experta
369 2759 425 2811 luit
437 2762 542 2812 neturn
557 2757 626 2828 qnid
644 2773 692 2812 ers
709 2773 762 2812 sun
779 2760 889 2830 posset,
1047 2760 1107 2816 Vox
1123 2761 1231 2826 avium,
1249 2757 1351 2815 dulcor
1366 2761 1542 2831 specierum,
1558 2777 1689 2834 purpure
1702 2761 1811 2820 durum

201 2845 247 2915 Et,
263 2850 373 2918 quanto
390 2845 493 2916 poluit,
508 2846 603 2915 pinxit
617 2847 724 2902 bonore
740 2843 849 2905 lucum.
1085 2846 1174 2905 Dulce
1189 2849 1278 2911 enuit,
1296 2864 1381 2903 neres
1395 2847 1496 2918 allicit,
1514 2857 1596 2905 crunt
1613 2852 1754 2910 humum.

165 2933 730 3007 Nnmstillnvitinbeclocnquaednm
761 2935 854 3005 glorie
884 2952 993 3004 rerum,
1049 2938 1155 2996 Perllet
1170 2937 1209 2992 ibi
1225 2936 1385 3010 Zephyrus,
1402 2955 1458 2994 nnn
1477 2939 1740 3010 llurus3aromatn
1756 2943 1870 3014 sudent,

203 3025 257 3081 Sed
274 3025 357 3095 quasi
373 3041 441 3081 curu
457 3024 557 3080 nimbo
573 3025 656 3096 cupis
672 3025 756 3081 lluxit
771 3042 872 3100 upum.
1085 3036 1146 3084 Non
1161 3029 1270 3101 glucies
1287 3048 1294 3098 ;
1312 3030 1351 3084 ibi
1365 3046 1428 3097 ver,
1445 3047 1503 3086 non
1520 3031 1559 3087 ibi
1577 3039 1681 3105 regnat
1696 3033 1805 3093 hiems.

169 3114 269 3188 Spirat
284 3114 324 3169 ibi
341 3114 461 3184 nardus,
477 3121 641 3172 naseuntur
655 3120 798 3181 aromnte,
815 3120 916 3173 nectar
1050 3120 1176 3189 Nerdue,
1193 3124 1257 3188 flers,
1274 3118 1334 3175 ales
1349 3121 1453 3192 spiret.
1471 3121 1559 3187 ridet,
1574 3122 1768 3193 modulatum

204 3202 376 3276 Conficitur,
393 3204 502 3260 sudant
515 3204 658 3272 belesme,
674 3205 764 3262 mella
779 3203 886 3277 fluunt,
1089 3207 1162 3264 lline
1176 3207 1306 3280 erumpit
1320 3208 1401 3272 odor,
1418 3206 1487 3263 binc
1501 3210 1597 3280 decor,
1612 3209 1682 3265 inde
1697 3209 1804 3280 melos,

167 3300 259 3352 Poma
276 3293 382 3362 rubus,
399 3294 498 3352 lautus
512 3295 649 3365 bacchas,
664 3294 790 3354 oleaster
804 3296 922 3368 olivam,
1011 3297 1167 3402 BFlagret
1194 3296 1273 3353 cuim
1303 3296 1426 3363 nardus,
1453 3313 1520 3354 rusa
1548 3302 1662 3367 vernat,
1692 3299 1758 3357 aris
1777 3301 1873 3370 cenit;

201 3384 293 3459 Spins
308 3399 390 3441 rosas
405 3384 513 3458 gignit,
529 3384 573 3441 lac
588 3401 691 3459 pecus,
710 3402 766 3441 nra
780 3401 905 3442 merum.
1812 3390 1874 3465 [ists

166 3472 311 3544 Qualibet
325 3474 413 3530 arbor
427 3474 467 3530 ibi
483 3474 635 3547 geminum
651 3475 773 3530 sortitur
787 3474 940 3546 bonorem,
1086 3474 1226 3541 Naribus,
1241 3474 1303 3531 hnc
1319 3475 1424 3544 oculis,
1440 3477 1563 3534 auribus
1579 3476 1630 3534 illa
1643 3476 1774 3551 placent.

204 3564 288 3622 Romi
306 3563 484 3636 parturiunt,
500 3563 719 3632 patriarumbra
734 3563 841 3621 solum.
1050 3564 1240 3633 Rivus,olus,
1267 3582 1339 3638 pnvo
1369 3566 1483 3635 suadet,
1513 3566 1670 3638 demulcet,
1700 3570 1872 3638 adumbret;

172 3653 332 3712 Remorum
349 3652 475 3725 populus
489 3658 519 3709 et
535 3653 632 3708 lructu
648 3656 756 3726 gnudet
770 3659 799 3710 et
814 3656 927 3729 umbra,
1086 3656 1195 3712 Somno
1212 3655 1305 3722 littus,
1321 3673 1414 3727 aquus
1429 3673 1591 3723 murmure,
1608 3675 1683 3730 pnvo
1699 3665 1774 3717 rota.

209 3743 330 3800 Pellitur
340 3744 407 3799 iude
422 3743 525 3811 tames,
542 3742 655 3799 tollitur
671 3744 739 3799 inde
754 3743 842 3801 celer.
1049 3745 1140 3802 Rivus
1150 3746 1253 3818 garrit,
1270 3745 1332 3801 olor
1346 3745 1508 3811 citharizat.
1525 3763 1598 3818 pavo
1613 3749 1750 3820 superbit
1763 3776 1771 3825 ς

171 3833 224 3890 llio
238 3833 340 3888 videns
357 3833 471 3888 ulmum
489 3848 577 3905 quam
596 3849 652 3888 nun
681 3832 754 3891 sinit
777 3851 842 3892 esse
857 3833 994 3907 punicum
1086 3836 1236 3891 Murmure
1254 3837 1341 3904 rivus,
1357 3835 1420 3891 olor
1431 3843 1561 3908 gutture,
1577 3854 1651 3909 pavo
1666 3843 1743 3900 rote.

205 3923 289 3994 Vitis,
305 3925 379 3980 etin
396 3924 523 3980 fructum
541 3924 670 3996 postulet
685 3926 749 3995 ejus
765 3942 861 3999 opem.
1049 3925 1168 3982 Ludens
1183 3926 1294 3992 haedus,
1312 3926 1373 3982 nris
1388 3943 1472 3999 vogn,
1485 3927 1567 3983 intus
1584 3928 1673 4001 piscis
1688 3929 1826 3988 inberbi

168 4014 301 4080 Quodam
315 4014 453 4086 conjugio
468 4013 526 4071 sibi
541 4014 658 4070 nubunt
673 4015 740 4071 vitis
755 4022 783 4072 et
800 4015 909 4086 ulmus,
1087 4016 1201 4072 sallitat
1217 4017 1245 4072 in
1263 4016 1341 4074 nudo
1359 4019 1388 4084 [l.
1399 4017 1427 4072 in
1445 4017 1869 4090 ud0],cantet,inemnenatrt.

206 4101 281 4159 vitis
296 4103 405 4175 quippe
420 4119 534 4160 merum
552 4104 692 4178 concipit,
708 4103 808 4160 ulmus
822 4105 884 4161 alit.
1050 4104 1163 4162 Cervus
1178 4104 1303 4176 lascivit,
1320 4106 1427 4178 gaudet
1442 4106 1498 4173 leo,
1513 4110 1600 4162 dame
1611 4108 1729 4178 jocatur
1742 4127 1751 4179 ς

171 4193 281 4268 Surgit,
297 4191 391 4261 floret,
408 4191 467 4250 olet
480 4193 521 4251 ibi
542 4192 658 4260 cedrus,
685 4193 794 4267 palme,
820 4210 993 4268 cypressum
1089 4195 1199 4252 Cervus
1215 4196 1319 4264 fronte,
1336 4196 1380 4253 leo
1396 4196 1510 4268 robore,
1526 4197 1613 4255 damn
1629 4200 1714 4272 pede.

207 4288 271 4343 Stet
285 4284 402 4354 cedrus,
415 4284 498 4341 lloret
514 4283 622 4358 pnlmn,
633 4300 791 4356 cypressus
806 4284 873 4342 olet.
1052 4283 1182 4340 Cursitnt
1196 4284 1245 4340 hic
1258 4285 1449 4355 ritulns‚snlit
1461 4285 1804 4356 hinnulus,ecrubntbiu
1815 4289 1870 4347 bes.

173 4374 280 4448 Malus,
295 4374 381 4445 olirs,
398 4375 481 4448 pirus
496 4375 592 4443 rubet,
608 4372 677 4431 binc
700 4375 786 4449 viret,
809 4375 879 4432 hinc
903 4379 996 4433 tumet
1087 4372 1186 4442 Ludit,
1203 4377 1302 4445 captet
1317 4373 1393 4445 olus,
1405 4375 1485 4448 itque
1500 4375 1633 4448 reditque
1647 4376 1744 4451 lepus.

916 4465 995 4539 [inde
1051 4463 1114 4522 Non
1130 4480 1205 4522 onus
1221 4464 1279 4536 bic,
1295 4483 1350 4523 non
1367 4466 1415 4524 bie
1432 4466 1563 4540 laqueus,
1588 4485 1647 4526 uon
1674 4469 1725 4528 ille
1749 4471 1869 4537 ruinam,

206 4560 275 4613 Erec
288 4554 386 4630 pomis
400 4555 450 4613 illa
465 4556 630 4626 trondibus,
646 4556 698 4613 ills
712 4556 794 4630 piris.
1086 4552 1149 4609 Non
1166 4553 1213 4610 hic
1228 4554 1364 4624 insidias,
1381 4572 1440 4612 non
1457 4557 1540 4613 timet
1553 4556 1603 4614 ille
1617 4573 1734 4618 ennam.

171 4644 209 4704 Ut
225 4661 320 4719 neque
335 4644 473 4719 devulgo
488 4645 635 4719 lignorum
652 4647 761 4702 mentio
776 4646 837 4715 flet,
1051 4642 1131 4698 Inter
1144 4646 1188 4700 tot
1202 4660 1299 4701 rerum
1316 4644 1455 4718 preclare
1470 4645 1602 4716 monilis,
1618 4653 1741 4720 pratum

207 4735 355 4793 Excudent
369 4751 526 4791 numerum
542 4742 646 4793 celera
660 4734 740 4809 ligna
754 4741 864 4797 temen.
1008 4716 1032 4783 Ῑ)
1093 4733 1232 4795 Imminet
1247 4735 1296 4792 hic
1309 4736 1474 4806 speculum,
1488 4734 1561 4792 silva
1571 4738 1684 4808 jocose,
1699 4745 1798 4799 tuum.

174 4825 258 4884 Melle
272 4824 317 4883 vel
332 4842 399 4892 nvn,
414 4824 503 4882 thure
517 4824 561 4881 vel
576 4826 666 4882 herba
681 4826 756 4884 silva
770 4827 903 4900 superbit
918 4844 926 4898 3
1054 4831 1094 4888 De
1109 4833 1151 4886 tot
1166 4827 1290 4895 deliciis,
1306 4827 1342 4883 de
1355 4831 1399 4882 tot
1411 4824 1505 4882 titulis
1522 4827 1578 4883 sibi
1593 4830 1750 4902 grandem.

212 4920 263 4973 tlel
280 4915 356 4982 lluit,
374 4931 427 4969 uva
441 4914 551 4983 madet,
567 4916 637 4972 thus
648 4916 717 4987 olet,
733 4916 825 4973 herba
840 4917 922 4976 viret.
1090 4916 1199 4975 Lnudis
1213 4915 1385 4972 fasciculum
1400 4915 1532 4971 vindieat
1546 4915 1602 4972 iste
1617 4915 1710 4977 locus.

173 5006 238 5062 Heu
254 5005 311 5060 dno
327 5004 515 5059 commendat
531 5020 627 5075 sopor,
646 5004 695 5060 ille
711 5007 769 5063 dno
784 5008 874 5078 vigor,
887 5007 937 5064 illn
1053 5010 1141 5083 Argis
1153 5006 1313 5077 nonnullis.
1331 5006 1474 5063 Narcissis
1489 5007 1636 5079 pluribus,
1652 5010 1780 5082 Orpheis

174 5094 278 5152 1189
288 5093 420 5148 Convivae
435 5096 563 5163 sapiunt,
580 5095 710 5150 febribus
725 5095 774 5150 illa
789 5096 895 5153 valent.
1090 5099 1258 5155 Innumeris
1274 5097 1384 5153 humus
1398 5096 1459 5154 baeu
1473 5103 1585 5166 rerunt,
1602 5097 1746 5172 ubundat,
1758 5101 1826 5160 olet.

175 5182 260 5240 Pellit
275 5183 311 5240 ab
327 5197 377 5238 ore
392 5181 484 5249 sitim,
499 5182 577 5238 tollit
592 5183 628 5239 de
643 5200 764 5257 corpore
779 5187 887 5244 lebrem
1055 5188 1185 5247 Stellil'er
1199 5189 1293 5258 Argus
1310 5186 1361 5256 ibi,
1375 5184 1529 5242 Narcissus
1544 5186 1672 5261 lloriger,
1688 5189 1841 5265 Orpbeus;

212 5272 262 5329 ltle
278 5270 321 5325 vel
339 5269 387 5326 ille
400 5286 498 5341 snper,
515 5270 562 5328 ille
578 5272 621 5328 vel
637 5272 686 5329 ille
702 5275 793 5346 vigor.
989 5316 995 5325 ·
1088 5277 1246 5349 Plectriger
1261 5277 1306 5332 bic
1323 5275 1434 5343 rutilet,
1451 5274 1498 5330 bic
1512 5277 1606 5342 decet,
1622 5277 1672 5334 ille
1689 5282 1782 5338 canit.

176 5361 268 5434 Rupis
283 5362 371 5417 dorsa
386 5364 510 5429 tument,
526 5361 576 5417 ubi
591 5363 688 5434 pervia
703 5364 804 5420 sancia
819 5365 901 5422 rimis
1053 5370 1161 5442 Argum
1179 5383 1249 5439 pero
1265 5365 1349 5438 gerit,
1365 5365 1532 5444 Narcissum
1547 5365 1611 5435 llos,
1627 5367 1692 5424 olor
1705 5371 1866 5445 Orpbeumt

215 5452 247 5508 ln
265 5450 360 5507 medio
375 5449 454 5507 rime
465 5451 590 5523 gurgitis
605 5452 698 5509 instar
714 5453 831 5511 babent.
1090 5459 1172 5513 llunc
1184 5455 1260 5512 oculi
1275 5454 1373 5524 decor,
1385 5454 1465 5512 bunc
1479 5471 1534 5510 sun
1546 5456 1657 5530 plectra
1673 5457 1793 5523 deceni.

180 5539 351 5599 Fonticulus
365 5540 436 5599 loris
450 5556 608 5613 erumpens
624 5543 767 5615 singultat
781 5544 811 5600 in
832 5559 891 5610 ore,
1052 5547 1149 5604 nstris
1164 5544 1307 5604 scintillat
1321 5544 1442 5619 pavonis
1457 5545 1550 5603 caude
1565 5544 1713 5620 decorem,
