3802 6030
112 124 158 189 85

911 125 1016 189 VlTll.

1785 137 1826 207 86

112 259 264 313 nendaciis
288 263 313 314 el
338 262 443 313 artibus
465 259 575 324 delusis,
594 273 768 312 censurarum
793 258 941 313 absolutio·
956 264 982 329 Λ
998 242 1152 315 lernulusin
1167 264 1287 328 proximo
1307 280 1335 317 ss
1358 264 1541 332 impleturum.
1556 268 1595 319 De
1620 282 1674 334 qua
1700 284 1729 320 re
1753 284 1822 322 ruar-

111 345 186 391 ncrn,
201 333 355 386 inconsulto
370 335 536 397 llildabsrto,
553 335 740 399 impetrarent.

141 406 202 456 Hoc
217 410 301 474 liquet
324 423 353 458 ss
371 410 560 474 conquestoria
582 407 641 471 ejus
664 407 778 469 epistola
801 410 823 463 l,
849 405 895 456 lib.
911 421 939 467 rr,

109 491 165 542 qna
193 494 295 539 amare,
324 481 371 529 sed
401 479 550 528 brrnrillima
583 481 609 527 et
645 477 839 534 amantissime,
873 475 942 529 ria-ot

108 549 195 611 filias,
219 549 317 615 inquit,
339 551 371 601 tle
394 550 545 600 clericusne
569 556 644 614 patre
670 551 699 600 ira
716 565 779 600 urire
802 549 939 614 cersqrrera'·

111 623 165 680 lar,
190 623 264 686 quod
290 621 452 674 adversariis
473 623 528 672 suia
552 627 604 673 tota
630 621 672 672 die
694 624 779 686 tuctur
801 623 897 684 suisset
912 621 939 671 in

111 693 237 755 danum,
253 695 331 759 qnasi
352 696 388 746 illi
404 709 523 746 summus
539 695 669 759 pontifex,
690 693 840 758 corriperent
863 708 938 743 eucr-

108 768 232 818 oas’totem
255 769 405 831 eapettorriae
428 784 479 817 soar
502 767 552 831 (aie
576 782 624 832 per
651 767 830 817 bomilltntem
859 768 939 816 vocat

108 853 189 890 suam
231 839 391 903 dimensiml
424 841 551 890 traditum
584 838 703 891 omnibus
737 838 866 903 episcopis
890 853 938 902 po·

108 911 398 969 lestoteurabvtolisrel,
415 917 444 964 nt
469 913 515 977 qni
538 925 554 962 a
577 925 605 960 se
629 911 737 961 nonnisi
757 910 828 975 juste
852 915 878 960 et
892 924 937 960 ca·

107 984 207 1033 nnnice
233 985 481 1035 excommunicatos
502 982 622 1041 clericos,
645 982 740 1033 oldeiis
761 982 817 1031 suis
840 986 866 1030 et
888 982 936 1030 be·

106 1053 221 1110 noticiis,
247 1054 302 1106 rirre
322 1053 540 1120 satisfactionem
563 1055 619 1103 siae
641 1053 780 1104 auduatiu
801 1050 934 1102 restituis-

107 1129 158 1174 set.
172 1126 278 1186 Quibus
299 1130 391 1176 tamen
410 1125 508 1176 Cbristi
531 1125 621 1174 vicarii
645 1124 795 1187 praeceptis,
810 1122 935 1187 quamvis

105 1195 176 1247 torte
193 1211 290 1262 parurn
314 1197 407 1262 aequis,
433 1197 601 1247 Hildebertus
624 1196 717 1245 asserit
741 1208 778 1251 ae,
795 1195 932 1258 licetgra·

106 1276 210 1327 vatum,
240 1273 397 1320 reverenter
420 1267 587 1325 obsecutum,
613 1279 729 1318 exorans
757 1265 934 1316 nihilominus

103 1338 196 1398 illurn,
227 1357 241 1389 a
269 1347 399 1407 tanquam
427 1340 583 1405 apostolicis
619 1339 735 1404 pedibus
764 1338 932 1401 provolutus,

104 1426 139 1463 ne
163 1414 288 1479 corporis
311 1415 352 1464 sni
377 1414 558 1465 infirmitatem
585 1412 684 1463 mentis
707 1411 842 1461 anxietate
870 1424 934 1473 gra·

103 1489 188 1543 varst,
207 1488 256 1536 sed
280 1484 304 1534 ei
330 1485 364 1537 de
389 1483 663 1550 capellaniattllsua
686 1482 815 1533 canonice
840 1481 931 1545 dispo·

102 1558 187 1608 nendi
213 1558 375 1608 concederet
399 1561 600 1621 potestatem.»
625 1555 702 1616 Quod
728 1555 768 1605 illi
792 1552 930 1618 probabile

995 335 1097 398 sopiatur
1117 335 1150 383 de
1164 336 1244 399 pullio
1270 337 1381 387 tiervoeo
1398 338 1488 388 abbati
1513 350 1539 388 et
1563 341 1709 390 conventui
1727 339 1757 391 in
1782 345 1821 405 pi-

995 420 1064 468 gnus
1088 407 1168 457 misit.
1193 407 1346 472 Aliquantis
1368 411 1465 459 deiude
1490 411 1603 461 evolutis
1628 412 1733 469 diebus,
1757 428 1821 462 con.

996 475 1055 536 tiuit
1080 476 1263 528 llildebertom
1289 480 1472 530 Turarnensear
1504 483 1736 544 eretriepiscupuru
1769 498 1819 546 pro

994 547 1156 611 quibusdam
1182 550 1369 599 ecclesiasticis
1392 554 1507 615 negotiis
1531 553 1626 602 iubos
1651 554 1817 605 llotlrooonsi

994 620 1158 671 monasterio
1186 635 1245 671 cunr
1282 621 1457 686 suffraganeis
1486 626 1617 688 episeopis
1652 626 1817 689 colloquium

993 691 1104 742 habere.
1133 695 1235 752 Quibus
1263 695 1386 758 peractis,
1417 698 1499 746 altare
1536 701 1676 761 praesentis
1706 701 1815 762 capellas

992 764 1158 815 intirmorum
1179 767 1205 815 in
1224 765 1327 817 bonore
1343 774 1369 818 et
1383 772 1510 819 memoria
1533 772 1618 821 beatos
1637 771 1727 822 blaciae
1747 772 1817 838 ling.

993 835 1108 900 dolense,
1134 836 1262 887 adhibitio
1285 852 1374 889 secum
1403 840 1546 904 episcopis,
1572 842 1729 893 solemnitor
1753 859 1817 893 con·

991 905 1114 955 secrevit.
1144 907 1291 972 adquam
1332 910 1452 972 prolecto
1488 916 1717 963 consecrationem
1754 929 1815 964 carm

991 979 1094 1028 casteria
1116 979 1265 1029 baronibus
1290 982 1364 1032 verrit
1391 982 1447 1047 jain
1475 983 1561 1033 dictus
1586 987 1740 1046 Gncqonns,
1766 988 1814 1036 du·

990 1054 1101 1114 ctusque
1125 1049 1152 1100 in
1176 1052 1335 1115 capitulum,
1360 1056 1388 1104 in
1416 1061 1549 1106 conventu
1574 1056 1693 1119 plenario
1709 1056 1811 1106 donum

989 1122 1060 1185 qood
1076 1122 1176 1174 lecerat
1196 1125 1229 1174 de
1244 1126 1333 1176 Ballac
1356 1141 1388 1176 ax
1412 1129 1505 1176 ordine
1529 1129 1676 1190 replicavit,
1699 1129 1811 1178 sociata·

989 1197 1042 1243 tem
1062 1198 1089 1243 et
1112 1192 1271 1245 benenatum
1300 1197 1417 1248 eeclesite
1434 1204 1460 1248 et
1483 1199 1587 1249 abbatis
1615 1203 1642 1249 ct
1669 1199 1813 1249 monacho·

988 1278 1048 1315 rum
1068 1270 1176 1329 recepit,
1201 1281 1294 1331 seque,
1318 1270 1340 1317 si
1362 1270 1394 1319 de
1411 1271 1465 1319 vita
1478 1284 1527 1319 sua
1543 1270 1686 1334 disponere
1709 1275 1810 1333 quassat,

988 1335 1070 1401 hujus
1086 1339 1171 1388 suncti
1195 1339 1311 1390 coeuobii
1331 1341 1388 1391 iore
1411 1344 1574 1392 monachum
1600 1344 1730 1405 promisit.
1746 1342 1812 1393 lodo

988 1408 1084 1458 duetus
1109 1409 1142 1458 ad
1166 1409 1248 1460 altare
1272 1411 1305 1459 ad
1329 1411 1495 1463 offerendum
1519 1413 1631 1470 donum,
1653 1413 1712 1462 base
1731 1413 1813 1462 verba

987 1480 1070 1531 dixit:
1096 1499 1109 1525 o
1135 1481 1190 1545 Ego
1214 1480 1362 1546 Guegonus
1385 1483 1418 1533 de
1439 1483 1560 1548 Blaigno,
1588 1498 1636 1547 pro
1661 1486 1810 1534 intentione

987 1556 1093 1603 aeternna
1111 1554 1303 1611 retributionis,
1322 1555 1424 1607 scilieet
1449 1559 1479 1606 ut
1502 1556 1614 1606 evadere
1635 1557 1740 1606 valeam
1755 1570 1811 1619 poe·

102 1633 143 1680 ast
166 1643 225 1680 nnn
255 1628 338 1681 luisse
366 1630 537 1693 denegatum,
563 1642 624 1678 cum
654 1627 783 1693 quidquid
807 1625 844 1676 illi
868 1625 1077 1702 vilmBnaset
1094 1629 1226 1676 tormenta
1251 1628 1344 1676 aeterni
1367 1629 1501 1691 supplicii,
1521 1642 1629 1679 necnon
1654 1643 1701 1692 pro
1723 1630 1810 1678 salute

101 1701 265 1766 superstitit,
304 1701 385 1752 nullis
423 1702 550 1764 deinceps
586 1699 672 1750 turbis
712 1697 853 1763 agitatum,
891 1696 930 1748 ita
985 1695 1137 1748 animarum
1162 1696 1283 1748 omnium
1308 1706 1451 1762 pareutum
1474 1714 1605 1759 meorum,
1630 1701 1701 1751 dono
1730 1698 1810 1749 bodie

101 1771 525 1836 paciticecnnstettransegisse,
550 1775 579 1823 nt
603 1790 615 1816 u
637 1769 842 1834 AElatis,inquit
866 1784 930 1820 nuc·
984 1783 1066 1834 anper
1099 1771 1171 1820 istud
1204 1771 1287 1822 altare
1325 1772 1383 1831 tibi,
1412 1772 1534 1824 Salvator
1573 1772 1678 1831 mundi,
1709 1777 1808 1823 terrum

100 1849 144 1895 tor
168 1845 315 1896 Gestorum
341 1846 528 1910 episcoporum
552 1841 808 1901 Cenomanensium‚
825 1855 930 1907 semper
983 1855 1156 1907 meamque
1181 1848 1294 1893 vocatur
1314 1844 1411 1904 llcllue,
1427 1847 1454 1895 in
1480 1846 1606 1910 parocbia
1630 1847 1729 1903 Peri-ic,
1748 1856 1809 1895 curn

100 1919 203 1982 pariter
228 1922 255 1969 et
282 1919 384 1969 ordinis
411 1919 612 1970 conservaverit
639 1917 820 1982 dignitatemr
842 1931 856 1963 s
880 1929 929 1966 cu·
983 1915 1107 1965 omnibus
1137 1915 1253 1965 servitiis
1280 1919 1306 1966 et
1332 1917 1492 1977 redditibus,
1518 1917 1574 1969 sive
1605 1914 1808 1969 consuetudini·
1878 1964 1888 1978 ,

97 1989 241 2055 jusetiam
265 1988 463 2056 episcopalibus
481 1990 577 2041 ciliciis
600 1989 727 2041 amnibus
750 1988 783 2037 ad
806 1987 928 2038 ultimam
982 1984 1041 2043 bus,
1064 2000 1125 2050 quae
1148 1985 1214 2036 mihi
1236 1986 1370 2038 debentur
1393 1990 1422 2039 in
1448 2004 1487 2046 ea,
1515 2004 1575 2040 cum
1601 1994 1658 2040 toto
1684 1988 1805 2040 dominio

98 2075 188 2128 nsque
203 2064 267 2114 vitea
290 2063 440 2128 periodum,
456 2062 539 2114 dubia
559 2062 621 2113 licet
643 2059 800 2112 valetudine
817 2065 927 2111 strenue
982 2057 1167 2120 momeliam
1192 2071 1251 2109 meo
1272 2058 1392 2123 liberam,
1408 2068 1435 2112 at
1456 2063 1585 2126 quietum,
1599 2067 1626 2112 et
1645 2061 1804 2119 immunem,

98 2134 261 2200 psrluuutuu
276 2139 326 2186 sat.
981 2129 1063 2188 dono,
1084 2128 1205 2194 inquam.
1228 2134 1256 2181 et
1279 2132 1440 2184 transiendo
1462 2134 1520 2195 tibi,
1536 2136 1650 2186 Domine
1671 2135 1803 2193 Salvator,

130 2207 220 2271 liujus
246 2221 328 2273 porro
352 2208 522 2258 strenuitatis
550 2205 710 2271 episcopalis
737 2206 926 2266 argumentum
981 2200 1010 2251 in
1032 2213 1113 2252 manu
1141 2201 1244 2252 ltervoei
1273 2202 1386 2262 abbatis,
1416 2205 1448 2255 ab
1478 2220 1509 2255 eo
1533 2211 1559 2256 et
1587 2221 1601 2256 a
1629 2207 1805 2257 servitoribus

99 2279 282 2343 prebetque
306 2280 356 2330 snb
379 2278 536 2330 vitoednem
550 2278 717 2336 Rntbonum,
742 2276 776 2326 ad
794 2277 926 2327 altarisin
982 2272 1064 2338 hujus
1091 2270 1268 2323 sanctissimas
1296 2276 1415 2326 ecclesiae
1438 2289 1523 2339 usquo
1553 2277 1580 2326 io
1608 2277 1687 2327 linem
1713 2277 1806 2327 saculi

99 2347 273 2400 intirmorum
291 2350 358 2401 cella
380 2351 527 2401 solemnem
550 2350 789 2412 consecrationem,
805 2361 849 2397 an.
866 2347 925 2397 tritt
980 2346 1009 2395 in
1025 2358 1089 2408 pace
1105 2344 1331 2408 possidendam.»
1357 2347 1466 2397 Factum
1491 2353 1531 2398 ast
1550 2348 1601 2398 boc
1625 2362 1697 2398 anno
1714 2349 1746 2398 ab
1762 2349 1805 2398 lo·

104 2420 245 2484 protectio.
260 2436 342 2486 quarn
357 2424 508 2486 accepimus
527 2421 647 2472 ecberte
661 2421 782 2483 Guauour
804 2421 836 2470 da
854 2419 927 2469 Blai·
980 2417 1137 2468 carnotinos
1154 2416 1261 2467 Domini
1285 2417 1420 2468 unitissimo
1443 2421 1579 2471 centesimo
1603 2421 1737 2484 taipertum
1753 2427 1806 2468 ter·

101 2505 171 2558 ssno;
198 2508 213 2544 a
240 2494 373 2545 tabulario
397 2493 566 2545 Rotlronensi
594 2493 761 2557 deprompta,
791 2506 845 2557 qua
873 2495 925 2542 ter·
981 2491 1025 2551 tro,
1050 2488 1132 2538 Nouis
1156 2488 1304 2547 Februarii,
1331 2489 1397 2540 teria
1427 2493 1555 2549 secunda,
1584 2492 1648 2542 luna
1673 2491 1805 2554 vigesima

100 2576 156 2616 ram
171 2578 252 2615 sunm
269 2567 303 2616 de
320 2563 408 2616 ltaliae
428 2563 593 2616 monasterio
619 2565 786 2615 ilotbnnensi
805 2562 924 2621 donavit,
979 2562 1075 2626 prima,
1089 2559 1236 2612 indictione
1254 2562 1405 2621 undecima,
1422 2570 1515 2627 epacta
1532 2564 1700 2622 duodecima,
1716 2565 1744 2613 in
1759 2563 1803 2615 die

100 2640 223 2703 etqnnm
240 2636 389 2689 bichicer
406 2638 647 2703 integrolcctnrem
671 2636 739 2688 torte
754 2649 808 2687 non
824 2632 926 2700 pigebit
979 2633 1087 2698 quando
1109 2633 1192 2684 altare
1217 2639 1316 2684 sanetae
1337 2634 1427 2685 Marias
1450 2635 1615 2701 Magustana
1643 2637 1694 2685 luit
1714 2650 1801 2686 saara-

98 2709 201 2772 videre,
218 2724 334 2776 quaeque
358 2725 407 2760 nos
428 2707 672 2775 nonnihiljuvabit
696 2708 728 2759 ad
749 2707 924 2758 statuendum
979 2710 1035 2757 tum
1057 2706 1090 2756 ab
1120 2706 1272 2756 llildeberto
1299 2707 1497 2771 archiepiscopo
1526 2707 1686 2758 i'rrronensi.
1710 2709 1801 2758 'l‘estes

98 2794 200 2832 annum
227 2783 318 2833 obitus
342 2781 497 2844 llildeberti‚
522 2796 538 2831 a
564 2781 645 2830 variis
669 2779 823 2831 auctoribus
851 2779 924 2829 varie
978 2776 1231 2838 hutusdonationis
1254 2784 1317 2829 sunt
1339 2779 1381 2828 isti
1398 2793 1404 2828 z
1422 2781 1478 2843 ipsc
1501 2779 1729 2844 archiepiscopus,
1746 2780 1801 2829 llil·

98 2857 233 2915 nntatum,
248 2857 276 2904 et
290 2867 351 2918 que
367 2853 477 2919 insuper
499 2853 579 2904 ritum
594 2853 743 2902 solemnem
764 2849 924 2915 promissio·
978 2849 1113 2909 dabertus,
1131 2851 1258 2900 llerveeus
1271 2851 1363 2914 abbas,
1379 2852 1471 2901 Simon
1493 2852 1583 2910 abbas,
1599 2852 1742 2901 (lauterius
1756 2852 1803 2901 ub-

97 2925 138 2975 nis
152 2923 220 2976 locis
234 2926 318 2975 sacris
332 2926 417 2982 iactae,
430 2929 456 2975 st
469 2926 536 2989 ipsis
549 2924 659 2976 landam
673 2924 782 2974 realiter
795 2922 922 2973 exhibitis
978 2921 1035 2972 bns.
1053 2922 1089 2970 De
1113 2921 1264 2987 monacbis,
1289 2925 1423 2973 Robertus
1447 2924 1575 2984 medicus,
1595 2923 1754 2974 Goiilelmus
1769 2925 1802 2974 de

96 3000 146 3038 nos
161 2987 296 3039 edocebit.
312 2987 355 3039 Sic
373 2994 461 3039 autem
475 2989 573 3039 babet:
784 3056 789 3066 Ι
977 2994 1043 3052 Fuit,
1060 2993 1218 3058 liudulphus
1233 2996 1318 3046 Parta.
1335 2996 1371 3046 Do
1389 2996 1471 3055 laicis,
1492 2997 1605 3055 ltinllon,
1626 2996 1720 3047 Daniel
1735 3011 1802 3061 prte-

127 3079 139 3104 u
155 3060 292 3119 Quoniam
307 3074 369 3110 cum
393 3061 470 3125 lapsu
493 3059 660 3112 transeuntis
677 3063 806 3123 temporis
827 3058 924 3109 transit
977 3067 1089 3129 positus,
1105 3065 1228 3128 cramail,
1244 3066 1398 3116 tlsuriclus.
1415 3087 1426 3111 s

96 3138 123 3184 et
144 3134 246 3185 labitur
270 3135 400 3185 memoria
424 3135 573 3194 bominum,
599 3139 626 3186 et
650 3131 715 3198 qnia
742 3136 839 3183 cuncta
861 3146 922 3197 quaa
1006 3137 1035 3188 In
1062 3137 1113 3188 bac
1135 3152 1215 3201 porro
1246 3140 1366 3200 Guepuni
1395 3139 1485 3190 cbnrts
1517 3140 1710 3203 (ldincnnulln
1735 3143 1800 3191 sont

97 3203 166 3256 dunt
191 3206 227 3256 ab
256 3206 365 3256 bomine
390 3206 463 3272 juste
491 3209 519 3258 et
544 3205 724 3263 landabiliter,
749 3204 830 3268 digna
858 3208 923 3255 snut
974 3208 1161 3259 observanda:
1186 3208 1272 3270 primo
1296 3209 1374 3269 ritus,
1400 3223 1453 3273 quo
1475 3211 1507 3260 de
1530 3211 1621 3263 lutura
1643 3227 1692 3263 sna
1715 3213 1800 3262 dona·

97 3278 209 3328 retineri
237 3277 290 3328 tire
316 3283 344 3328 et
367 3278 505 3336 statuliter,
529 3278 640 3343 dignum
662 3277 788 3327 duximus
816 3275 921 3327 tradere
975 3279 1209 3330 tiooeGuenonus
1231 3284 1333 3331 certum
1357 3281 1421 3331 lacit
1444 3282 1567 3332 abbatem
1587 3284 1798 3344 ltotbonensem,

97 3347 204 3407 litteris,
230 3364 291 3416 qnae
313 3354 378 3401 sunt
401 3351 571 3416 antiquorum
589 3353 727 3415 gestorum
752 3349 921 3398 veracissime
974 3351 1003 3401 in
1031 3351 1089 3416 ejus
1118 3351 1217 3416 pignus
1242 3351 1278 3400 illi
1305 3351 1436 3402 mittendo
1472 3357 1631 3418 usur-sriptum
1660 3356 1692 3406 tie
1715 3357 1798 3417 pallio

97 3421 280 3485 recordantes,
304 3426 377 3487 qood
402 3425 545 3487 tinegonue
573 3421 606 3472 de
631 3422 752 3485 blaigno,
778 3422 816 3471 vir
844 3421 921 3471 valde
974 3437 1039 3487 sac,·
1066 3424 1139 3488 quod
1165 3423 1300 3485 singulare
1328 3422 1445 3485 vitetur,
1471 3425 1516 3474 sed
1544 3427 1616 3490 quod
1645 3428 1734 3476 innuit
1760 3433 1798 3477 ta-

96 3493 211 3544 lllustris
226 3500 253 3546 et
276 3497 391 3561 egregiae
415 3496 580 3547 strenuitatis
602 3494 693 3553 bomo,
710 3494 791 3558 bans
812 3508 920 3559 auoque
973 3494 1024 3546 lem
1041 3508 1099 3545 csse
1117 3493 1168 3545 sevi
1183 3495 1256 3545 illins
1279 3509 1367 3554 usum,
1384 3496 1417 3544 nd
1442 3496 1586 3545 firmandas
1606 3500 1798 3559 promissiones

96 3570 199 3616 sanctae
214 3565 397 3617 liotbonensis
420 3566 539 3618 ecclesiae
556 3566 678 3616 diutinus
701 3568 728 3616 et
750 3565 922 3616 fidelissimus
975 3566 1007 3617 de
1021 3568 1122 3618 laturo.
1139 3568 1273 3630 Secundo,
1295 3568 1431 3618 notandus
1455 3569 1535 3617 ctiam
1559 3570 1635 3623 ritus.
1652 3583 1706 3634 quo
1727 3569 1798 3619 Gne·

96 3642 212 3695 amator,
229 3639 369 3689 oterslei
396 3639 514 3689 studium
530 3638 603 3689 omni
625 3638 746 3702 reiquae
770 3638 802 3687 ad
819 3638 919 3688 utilite·
974 3656 1060 3707 gonn²
1087 3643 1289 3706 promissionem
1312 3657 1387 3692 suam
1414 3642 1520 3692 realiter
1540 3645 1703 3706 exsequitur,
1722 3657 1798 3694 suam

93 3711 147 3760 tarn
173 3717 333 3774 perpetuam
361 3712 518 3776 pertineret,
543 3724 683 3762 assensum
710 3711 822 3760 libenter
849 3723 920 3774 pre·
974 3716 1147 3765 donationem
1179 3716 1353 3778 perrorantitrr
1386 3714 1418 3765 ad
1457 3715 1539 3764 altaro
1569 3716 1601 3764 ad
1633 3715 1797 3766 offerendam

92 3781 167 3840 bere,
183 3785 299 3847 quadam
315 3784 453 3834 Dominica
470 3784 522 3845 die,
539 3783 567 3834 in
591 3783 703 3834 ecelesia
724 3784 813 3833 Sancti
833 3784 922 3834 ouen·
974 3786 1129 3836 solemniter
1156 3787 1365 3849 pronuntiando,
1396 3786 1488 3836 eodem
1518 3788 1598 3836 niodo
1634 3800 1687 3849 qnu
1715 3802 1798 3850 supra

93 3856 161 3919 gart,
185 3857 240 3906 sita
264 3858 292 3905 in
314 3857 552 3921 persalutare-ric,
575 3869 636 3906 cum
661 3853 809 3906 dilectione
833 3861 860 3905 et
881 3869 922 3906 re·
974 3859 1128 3908 notavimus
1145 3872 1219 3907 saram
1238 3858 1412 3907 dianatiouem
1440 3863 1516 3906 terrae
1542 3860 1574 3907 de
1602 3859 1689 3907 ltntluc
1712 3861 1744 3907 ad
1761 3860 1797 3909 nl-

92 3929 225 3987 verentia,
253 3931 407 3980 admonitus
428 3934 499 3981 eata
522 3928 664 3979 Guillelmo
688 3929 722 3978 ds
745 3928 814 3986 Fuit,
840 3928 921 3994 hujus
974 3933 1030 3980 tara
1045 3929 1134 3979 Sancti
1157 3930 1301 3980 Saloutaria
1324 3929 1481 3979 solemniter
1505 3931 1703 3994 pronuntiasse.
1720 3931 1797 3990 Quod

94 4000 162 4050 sacri
189 4001 241 4050 loci
258 4002 399 4062 monacho,
424 4007 451 4053 et
475 4003 508 4052 ab
526 4002 639 4051 eremita
663 4001 792 4058 Huberto,
815 4001 860 4065 qui
883 3999 920 4050 si·
973 4007 1063 4052 autem
1078 4002 1147 4050 iutra
1162 4003 1281 4065 quinque
1297 4016 1429 4050 norrornur
1452 4003 1567 4064 arsatium
1583 4003 1704 4066 ejusdem
1721 4009 1798 4054 terrra

92 4072 147 4121 mut
165 4071 192 4122 io
219 4073 278 4124 loco
301 4076 347 4140 qui
373 4074 473 4126 dicitur
490 4072 770 4130 battuebabitabant,
788 4077 921 4137 quatenns
973 4072 1115 4123 adiversis
1142 4076 1262 4136 [ressonis
1285 4073 1355 4122 irrata
1377 4073 1460 4123 inerit
1483 4075 1687 4135 donatiu,1ubil
1712 4079 1800 4125 obstat

92 4144 310 4211 ipseGuegonos
334 4147 366 4197 de
390 4148 563 4208 rebrrs,qous
590 4142 775 4206 temporaliter
799 4150 826 4194 et
847 4149 921 4194 tran·
961 4146 1069 4195 »barum
1085 4147 1238 4194 oborturam
1254 4144 1359 4193 veritati
1383 4155 1410 4194 et
1426 4143 1585 4198 sitrecrituti.
1611 4161 1672 4195 curu
1697 4149 1798 4210 optime

93 4221 207 4268 monier
236 4220 400 4281 praesidebat.
428 4218 538 4283 aliquod
578 4230 677 4266 monus
712 4216 922 4266 memorabiliter
973 4218 1029 4267 lieri
1060 4217 1177 4278 petitorii
1202 4223 1234 4264 ut
1261 4216 1379 4275 ejusdcm
1411 4229 1488 4266 terrm
1520 4218 1619 4266 inerint
1651 4220 1709 4266 duro
1740 4232 1799 4277 prur-

92 4289 379 4340 sanenssalvatorilu
404 4290 520 4340 Ecclesia
547 4287 718 4338 Rothuueusi
742 4290 858 4348 facerei3
876 4289 921 4349 qui
973 4288 1072 4345 lienes,
1100 4293 1127 4337 et
1154 4288 1207 4336 duo
1235 4286 1345 4343 ilrrruiui,
1378 4290 1455 4349 cuijus
1496 4292 1682 4352 illllqulllvllill
1717 4291 1797 4338 variis

93 4368 239 4426 postquam
259 4365 355 4412 corruta
379 4360 544 4418 transierint,
568 4375 656 4411 rernm
683 4361 751 4410 bene
775 4359 917 4423 disposita·
934 4361 1141 4454 Dtempur'rbna
1156 4366 1182 4409 et
1196 4362 1381 4408 iria-iraiuuiturs
1396 4374 1471 4406 sirium
1489 4361 1611 4408 Erote-nra
1629 4361 1793 4409 liubenstat

92 4444 153 4481 rum
184 4439 300 4483 reternaa
331 4434 565 4483 remunerationes
593 4433 689 4481 reddit.
727 4433 919 4481 intimaverunt
973 4434 1136 4484 uriuuessuuit
1175 4438 1331 4493 purtiuueur.
1370 4432 1486 4479 Teratsia
1524 4436 1659 4480 rra-lauans
1699 4448 1795 4491 fluuius,

91 4502 176 4553 etiam
200 4505 224 4553 ei
248 4509 276 4555 ut
300 4505 441 4568 piratarum
467 4507 552 4554 locum
579 4504 673 4565 nultus,
691 4502 737 4568 qrri
760 4504 809 4552 arab
829 4504 918 4553 otus-
973 4520 1026 4568 quo
1056 4502 1154 4552 dieitur
1183 4504 1209 4551 in
1240 4504 1288 4551 lias:
1312 4502 1402 4550 utrarta
1427 4504 1571 4565 (trasgarius
1597 4520 1670 4551 arrisu
1703 4508 1795 4555 iuuisse

91 4576 132 4625 rio
149 4576 289 4630 dal’outs.
306 4578 339 4626 de
358 4591 407 4625 suo
431 4579 530 4640 jesrael
554 4577 662 4639 propria
683 4575 837 4626 beralitate
851 4581 916 4636 erat,
973 4578 1159 4637 donatianum,
1186 4589 1273 4623 arriana
1298 4573 1397 4622 scilicet
1425 4578 1493 4629 ltttt,
1517 4589 1547 4622 ur
1573 4589 1627 4639 quo
1651 4578 1738 4625 alrrrrul
1756 4594 1797 4626 su·

91 4652 196 4712 uirique
212 4661 260 4710 per
275 4650 418 4698 diuturnas
434 4662 543 4712 guerras
567 4649 594 4697 in
617 4647 788 4697 solitudinem
812 4652 838 4696 el
859 4662 920 4697 vas·
973 4647 1006 4697 tia
1031 4648 1203 4711 probabiliter
1227 4653 1313 4708 partest
1338 4648 1519 4694 cairrlruversiu
1548 4647 1580 4692 dr·
1604 4661 1675 4696 attilii
1705 4650 1796 4699 viritas

91 4719 342 4769 titatsmredootus
366 4725 432 4776 erat,
451 4724 478 4768 et
498 4722 554 4768 erat
577 4720 707 4767 transitus
731 4723 757 4766 et
782 4731 919 4768 coruversn·
974 4720 1127 4769 Hildeberti.
1154 4718 1266 4766 Vurirrnt
1293 4718 1363 4765 enisu
1392 4720 1481 4777 quarrss
1505 4719 1603 4767 eruditi
1628 4726 1752 4768 tttl··l·=l'er
1769 4724 1796 4770 iu

92 4791 130 4840 tio
155 4791 302 4846 latronum,
327 4794 360 4840 url
386 4792 435 4838 liare
458 4794 616 4838 vertebant
639 4789 684 4838 nbi
711 4794 782 4839 esset
806 4803 919 4839 cirrrvsr-
973 4792 1020 4841 illo
1044 4793 1215 4842 ussiorruudu.
1247 4791 1274 4837 tt.
1305 4790 1437 4838 Italiauus
1467 4794 1492 4837 'ru
1520 4791 1606 4836 dultin
1633 4792 1796 4850 tiu-lotum,

92 4860 551 4912 satiaretlrabitatiotlumirroDim
573 4861 702 4912 salvaturi
721 4861 918 4911 inmolantium.
974 4869 1002 4914 el
1026 4869 1120 4912 trutrua
1146 4861 1345 4911 Sirormuralruui
1376 4868 1498 4910 aruerunt
1527 4863 1599 4910 il²uru
1625 4864 1722 4911 uitiiset·
1753 4882 1796 4913 riri.

93 4934 142 4984 tire
159 4934 303 4984 scrutaris
327 4934 479 4984 admonitos
498 4932 526 4983 iu
550 4946 614 4982 aure
639 4932 768 4993 carueris,
785 4934 832 4983 sed
856 4935 921 4982 mul·
975 4934 1045 4983 lida.
1071 4935 1105 4984 At
1126 4934 1155 4983 l).
1180 4934 1256 4982 brou.
1280 4933 1371 4984 blico.
1396 4941 1421 4982 et
1448 4934 1580 4981 iuraturi).
1605 4935 1679 4982 J·.·rr.
1704 4935 1798 4986 liubit·

94 5005 215 5069 tlplrcius
237 5006 358 5057 seusticus
383 5021 409 5055 ru
434 5021 498 5056 aure
522 5007 620 5067 surdis,
647 5007 790 5067 spopondit
816 5007 868 5055 boc
893 5020 920 5055 sa
974 5006 1064 5056 lortius
1090 5008 1183 5054 dicunt
1207 5005 1231 5052 id
1262 5007 1383 5053 everrisse
1408 5020 1452 5054 rari.
1479 5005 1547 5053 1132.
1573 5005 1721 5063 igi-auururs
1751 5025 1798 5057 irrr-

92 5078 242 5128 lucturum.
262 5080 358 5129 Verum
383 5084 453 5145 quud
481 5080 616 5128 lreulieue
641 5080 777 5128 siderate
803 5092 905 5140 srrnpen
974 5080 1028 5126 tens
1059 5076 1150 5138 primis
1178 5078 1355 5123 rissentiuuurr
1380 5076 1464 5125 als-tat
1494 5086 1583 5123 ctrrrrtu
1617 5077 1666 5135 ld,
1695 5084 1798 5130 sistitu-

93 5151 183 5201 derat.
209 5165 242 5201 oe
272 5166 320 5215 per
347 5154 502 5201 oc-asiunes
530 5155 634 5214 aliquas
667 5149 718 5198 iret
746 5149 773 5198 irs
806 5149 919 5199 irritum.
976 5148 1056 5198 tionis
1081 5148 1211 5196 virriuruur
1242 5147 1415 5196 lisele-larunt
1446 5148 1541 5200 tir-iani
1577 5149 1697 5200 livia-uu
1726 5154 1799 5199 Narti-

93 5225 186 5273 abtim
202 5222 345 5286 praedictos
370 5232 529 5273 arrone-:num
545 5228 571 5271 et
594 5222 731 5271 eremitam
756 5227 816 5271 ante
839 5221 921 5270 altare
976 5223 1079 5270 aretensi
1104 5236 1118 5270 n
1145 5221 1254 5268 Curuuu
1283 5221 1350 5270 «true
1383 5221 1525 5269 irritaturus
1556 5221 1641 5282 laus,
1664 5237 1687 5270 ιν
1713 5227 1799 5274 ,t'uurr

95 5294 411 5350 l’erricensislicalesire,
438 5295 543 5344 vidente
561 5292 668 5344 Dariiele
694 5293 838 5353 arrrepusito
862 5307 920 5354 auo,
975 5289 1125 5341 lvuuuutru
1152 5290 1217 5339 rrrrrri
1243 5291 1333 5348 (llll-ii,
1355 5291 1381 5339 ia
1411 5295 1550 5350 prasentia
1584 5293 1700 5353 llouoar's
1726 5299 1801 5347 lura.-

90 5368 127 5418 lle
144 5369 360 5430 proealictodouo
380 5369 524 5425 investivit,
544 5367 654 5417 tirmiter
671 5367 831 5427 promittens
850 5366 919 5416 idem
975 5363 1128 5427 rreersisjunr
1156 5370 1218 5412 trine
1239 5364 1441 5427 aestimabatur,
1466 5369 1627 5415 airmessoiia
1653 5373 1799 5423 urrmediuti

89 5431 197 5484 denunt
220 5432 250 5484 tu
271 5431 385 5484 ecclesia
410 5430 502 5482 Sancti
526 5428 671 5481 Salvatoris
696 5429 803 5492 plenius
826 5435 852 5480 et
876 5444 921 5480 so·
974 5436 1129 5506 ltildeberli.
1154 5435 1213 5485 lom
1239 5434 1308 5485 eoiru
1331 5440 1403 5498 tune,
1424 5438 1475 5485 hoc
1496 5439 1592 5499 posito,
1618 5441 1722 5493 obierat
1746 5444 1798 5495 llil·

136 5568 232 5632 tllcu
265 5563 535 5632 lloaiuprodioecesi.
1006 5570 1058 5631 (ll)
1076 5567 1166 5617 liciata
1192 5571 1253 5616 tom.
1278 5565 1299 5614 lt
1325 5566 1448 5618 Historias
1474 5565 1632 5625 britannias,
1653 5585 1678 5634 p.
1693 5574 1747 5633 2⁸6,
1763 5589 1796 5625 eu

124 5571 179 5695 itt)
193 5583 287 5683 asiais
299 5635 368 5685 torn.
386 5631 408 5682 ll
432 5630 499 5681 liist.
522 5626 678 5691 Britannias,
692 5641 720 5696 p.
746 5628 833 5688 libe
858 5629 919 5682 Car·
975 5631 1085 5682 archivo
1102 5630 1225 5682 licelesirs
1240 5628 1428 5681 Nanuetensia.

92 5702 196 5757 talario
210 5703 376 5757 Redonansi.
