3802 6030
151 176 190 237 tlt
634 170 725 233 VBN.
748 170 980 234 ultnanuttrt
1003 170 1202 233 Gundusa.
1224 168 1349 232 EPlSC.
1818 174 1859 234 80

152 300 299 355 Βιίιιηηιο
315 297 463 368 principes,
495 299 559 352 dnm
589 301 669 351 etiem
700 314 826 368 supremo
854 300 1176 376 dominloAlugeruntr
1191 301 1272 352 stato
1288 300 1350 352 rictl
1366 303 1448 366 atque
1471 302 1684 368 presumptione
1709 301 1743 354 ab
1768 302 1861 355 arehi-

152 377 314 440 potlrautur,
343 374 434 424 sedem
460 369 635 438 apostolicam
660 372 715 422 slnt
737 371 883 437 prosecuti.
900 371 976 423 Hanc
1031 375 1159 438 episcopo
1173 372 1311 437 increpati,
1330 377 1485 426 tacuerunt.

151 452 241 497 autem
285 446 435 511 epistolam,
474 445 604 508 religione
646 447 673 495 el
704 442 779 494 liliati
807 444 980 495 observantis
1062 445 1230 495 «Celebrate
1253 448 1294 494 est
1315 445 1352 506 (et
1380 446 1430 495 hoc
1459 459 1490 496 ex
1517 444 1628 510 praelato
1656 444 1858 498 tabulariolio·

151 518 270 582 plenam,
299 532 313 567 a
342 516 512 567 Rothonensl
546 514 678 566 tabulario
709 515 976 580 quondamerntam,
1032 516 1170 578 thenensi)
1195 516 1247 566 ista
1274 515 1453 579 consecratio,
1481 521 1509 568 st
1532 516 1645 567 definita
1671 516 1731 568 haec
1764 517 1859 582 iniqua

151 590 359 641 sicutettotam
375 587 414 638 rei
430 588 567 646 aerioma
591 587 697 637 schedis
719 588 776 638 snis
796 586 875 638 nobis
903 602 977 638 com·
1031 589 1177 648 altercatio,
1203 602 1273 639 anno
1298 588 1332 639 ab
1354 590 1434 639 initio
1459 587 1554 639 mnndi
1579 587 1652 650 5⁰79,
1678 589 1711 639 ab
1727 588 1858 641 lncarns·

151 660 402 723 moderacignatus
426 662 467 709 est
489 659 653 709 clarissimus
677 659 707 709 B.
730 657 876 721 Baluzius;
909 671 979 723 quas
1030 659 1493 726 tionschristilt26,apaotaxru,
1519 661 1666 712 indictione
1690 673 1709 719 r,
1738 661 1859 727 lunsxr,

152 736 282 797 utrasque
296 731 394 782 deinde
409 730 575 782 advertimus
598 745 652 781 non
682 732 812 781 excidisse
838 730 978 796 sagacitati
1032 731 1076 783 die
1119 730 1267 790 Dominica,
1301 747 1316 784 x
1349 733 1408 784 ltal.
1441 732 1610 790 Novembris,
1654 739 1762 785 auclore
1795 735 1859 795 Deo,

151 805 252 856 eruditi
281 802 366 854 nostri
388 802 420 853 D.
443 803 525 854 blaxii
549 803 698 860 bohinsau,
723 803 769 867 qni
796 803 866 854 inter
880 801 980 867 proba·
1032 803 1230 854 exsultantibus
1257 803 1367 869 angelis,
1398 804 1557 855 letantibus
1584 802 1712 855 omnihus
1751 805 1860 867 sanctis,

152 877 590 941 tioneeprseclarusquamnuper
614 877 698 926 edidit
720 874 847 926 Historiae
876 875 978 926 Britan·
1032 873 1229 926 celebrantibus
1259 876 1338 926 simul
1368 877 1548 926 ministerium
1581 875 1735 926 Hildeberlo
1770 876 1859 927 arrhl·

153 949 307 1007 mamillas
323 950 403 999 relert
420 947 538 1010 raspsrs
554 945 981 998 autemhahetillacouanidu-
1033 948 1160 1012 episcopo
1177 948 1335 1006 Turonenel,
1364 953 1392 998 et
1428 948 1564 1012 episcopis
1591 947 1732 997 Hamelino
1775 947 1860 998 Redo-

156 1023 392 1075 cisadsummum
408 1021 560 1086 pontillrem
579 1019 710 1083 epistota:
727 1021 872 1070 «Honorio
892 1023 982 1070 snosl
1033 1017 1124 1080 nansi,
1151 1024 1177 1070 ct
1201 1018 1320 1070 Donoalo
1341 1018 1492 1077 Alclbensi,
1515 1024 1542 1070 et
1565 1019 1639 1069 Gallo
1659 1017 1802 1078 Monaesi,
1829 1032 1861 1071 ac

51 1148 54 1153 .
156 1096 277 1146 omnium
301 1093 513 1143 Christianorum
540 1091 659 1150 domino,
686 1091 797 1142 ultimus
822 1090 893 1141 lilius
916 1104 982 1143 suns
1033 1093 1149 1142 Rohcrto
1198 1089 1416 1156 Corisopitensi,
1464 1090 1677 1156 suffragantibus
1719 1089 1862 1144 abhatibus

156 1167 274 1219 cosmus
288 1167 343 1214 dux
359 1165 557 1221 Britannorum,
583 1163 710 1214 salutem.
734 1162 865 1222 Vestram,
889 1167 981 1214 sancte
1033 1162 1147 1214 Horrao
1161 1163 1340 1221 Rothouensi,
1358 1164 1511 1215 elllerrten
1535 1163 1626 1213 Sancti
1651 1161 1772 1226 hlelanii,
1795 1163 1861 1213 Gan·

156 1242 244 1303 pater,
262 1248 344 1285 exoro
360 1233 560 1299 paternitatem,
576 1240 606 1283 ut
620 1235 642 1283 si
656 1234 683 1283 in
699 1232 789 1297 aliquo
804 1232 915 1298 deliqui,
941 1231 983 1282 rel
1035 1236 1157 1298 lerioqus
1186 1233 1391 1293 machicolensi,
1421 1248 1452 1285 ac
1478 1233 1561 1285 lrone
1588 1233 1767 1284 Sacmeleensl
1798 1232 1861 1298 (37),

158 1308 307 1371 deliquero,
322 1320 375 1365 me,
391 1310 558 1356 ultenatum
573 1304 656 1355 fllium
674 1304 727 1356 leri
744 1303 981 1369 virgacorrigulis.
1035 1305 1177 1356 orantibus
1204 1305 1263 1357 sine
1288 1319 1400 1357 numero
1431 1304 1571 1356 monacbis
1605 1310 1632 1357 at
1669 1305 1783 1364 clericis,
1819 1318 1860 1355 as·

158 1380 213 1446 Ego
237 1392 354 1443 namque
379 1376 455 1427 robis
477 1391 583 1442 semper
609 1391 657 1441 per
686 1377 776 1429 omnia
804 1375 982 1440 purchased
1035 1382 1109 1429 tanta
1137 1378 1249 1429 Conana
1272 1380 1403 1443 principe,
1433 1392 1493 1428 cnm
1528 1382 1613 1428 matre
1656 1391 1706 1428 sna
1746 1377 1860 1427 Ermen-

158 1459 185 1503 et
208 1449 343 1502 abbatiam
362 1449 565 1500 llolhonensem
594 1449 684 1499 Sancti
715 1449 870 1510 salvatoris,
900 1460 982 1512 qnam
1033 1449 1129 1513 garda,
1144 1452 1171 1498 et
1185 1447 1359 1512 optimatibus
1386 1450 1442 1497 suis
1470 1445 1571 1509 multis,
1601 1446 1628 1495 id
1657 1449 1698 1496 est
1725 1445 1860 1496 Gaullrido

158 1524 227 1575 dira
243 1524 378 1572 memorias
406 1520 559 1572 Ludovicus
587 1521 649 1571 Pius
671 1520 817 1585 imperator
842 1522 981 1585 quondam
1035 1527 1063 1571 et
1093 1519 1180 1571 Alano
1224 1518 1443 1570 Porroltensibua
1485 1518 1700 1584 proconsulibus,
1759 1517 1860 1567 Blrsno

157 1592 461 1652 inminorillritannia,
485 1607 546 1658 qnae
568 1607 641 1643 nnnc
665 1597 705 1644 est
728 1606 796 1651 mea,
824 1593 982 1649 construxit,
1036 1589 1208 1647 Birannensi,
1225 1590 1550 1655 iarnogonolllioltioci,
1575 1591 1680 1654 Pagano
1707 1586 1858 1647 llalestriti,

157 1664 374 1732 elpropriojuri
398 1664 469 1716 beati
498 1664 567 1715 l'etri
599 1666 649 1715 sub
677 1670 770 1715 sancto
797 1665 884 1714 Leone
911 1676 981 1726 papa
996 1689 1020 1755 B
1036 1666 1210 1716 Gnetcnoclro
1237 1664 1336 1715 lleensi
1362 1663 1422 1727 (3⁸),
1446 1660 1563 1714 Olirerio
1589 1662 1710 1713 Portensi
1734 1661 1860 1725 (311181-

157 1739 278 1796 sociavit,
294 1751 343 1802 ego
359 1742 386 1787 et
400 1740 584 1787 antecursores
601 1736 653 1786 mei
680 1735 709 1786 in
734 1734 863 1786 fidelitate
890 1738 980 1784 restra

157 1809 288 1860 hactenus
315 1807 528 1869 custodivimns3
552 1808 608 1866 aed,
639 1808 808 1858 accumulata
836 1806 980 1856 Britanno·

158 1896 216 1933 rum
232 1880 353 1945 perfidia,
385 1883 482 1931 amodo
503 1880 639 1931 custodire
664 1884 694 1930 nt
717 1879 824 1930 deceret
851 1892 909 1928 cam
925 1889 981 1927 non

157 1967 277 2021 possum.
293 1952 385 2004 lteddo
401 1953 485 2016 igtur
498 1952 574 2002 vobis
592 1966 650 2003 eam
678 1951 799 2012 liberam,
824 1951 893 2001 sicut
921 1950 981 2014 pins

156 2027 308 2078 Lndoricus
325 2026 471 2089 imperator
484 2024 568 2080 dedit.
584 2030 611 2075 et
625 2025 744 2075 concedo
762 2024 786 2074 ei
801 2021 894 2075 omnia
919 2021 982 2086 jure

158 2113 216 2158 sua,
244 2110 392 2162 precorque
415 2099 445 2146 nt
469 2097 502 2146 de
526 2094 744 2147 malefactoribus
767 2095 828 2159 ejus
850 2094 980 2158 iustitiam

158 2172 272 2224 iacietis.
286 2169 358 2219 Vale.
376 2187 388 2212 s

191 2238 295 2292 Deinde
313 2253 347 2288 ex
363 2237 457 2289 eodem
484 2237 619 2289 tabulario
643 2236 812 2290 Rotbonensi
835 2236 917 2288 tolius
943 2231 983 2285 rei

161 2312 254 2369 series,
270 2324 351 2375 qnam
367 2309 409 2360 hic
425 2323 459 2360 ox
474 2310 579 2375 intr-gro
606 2308 757 2368 relerimus,
780 2323 840 2360 cum
865 2321 898 2358 es
912 2319 983 2370 pres·

160 2387 237 2449 cipue
267 2380 452 2433 hildebertum
482 2385 593 2447 spectet,
624 2381 662 2432 sic
690 2386 840 2432 enarratur.
870 2398 883 2424 s
906 2379 983 2429 Hanc

160 2459 251 2521 ltaqns
275 2454 417 2516 epistolam
448 2454 521 2503 misit
549 2454 675 2504 Conanns
704 2453 759 2503 dux
790 2453 982 2503 Britannorum

162 2541 210 2591 per
235 2525 374 2576 Berisum
396 2520 577 2574 venerabilem
605 2525 728 2575 abbatem
757 2524 983 2588 liegidonenaam,

161 2603 189 2650 el
217 2599 386 2648 Guillelmum
414 2595 505 2647 Sancti
536 2596 645 2648 Melanii
675 2597 804 2663 priorem,
831 2596 984 2661 supradicto

162 2672 271 2723 domino
288 2682 371 2733 papas,
385 2682 457 2719 anuo
473 2669 506 2719 ab
527 2668 716 2720 incarnatione
740 2668 887 2720 Salvatoris
913 2671 982 2719 ltin.

160 2742 245 2802 Quam
260 2745 369 2791 sanctus
385 2754 454 2804 papa
470 2739 629 2805 suscipiens,
654 2754 743 2792 coram
768 2745 859 2791 sancto
887 2743 985 2790 senata

160 2817 282 2868 Romano
297 2818 324 2863 et
347 2812 509 2877 quibusdam
536 2815 703 2864 nostratibus
726 2813 868 2877 episcopis,
892 2810 919 2861 id
945 2816 986 2862 est

161 2887 282 2937 Gnidona
310 2883 517 2942 cenomanensi,
545 2884 654 2950 Ulgerio
686 2885 882 2949 indagarensi,
909 2882 986 2934 Guil-

160 2955 428 3018 lalmoPictarienal,
454 2957 564 3021 exponi,
591 2961 619 3006 et
641 2957 668 3007 in
692 2958 793 3020 palatio
819 2968 879 3006 cum
904 2953 984 3018 prirl·

160 3033 231 3098 legio
254 3036 346 3081 nostro
373 3029 501 3080 custodiri
523 3029 619 3093 jusslt;
649 3035 675 3080 et
691 3030 738 3093 qui
764 3034 854 3080 essent
876 3027 986 3079 malele-

1036 1739 1126 1787 rarico
1159 1735 1307 1800 Bangensr,
1336 1734 1453 1786 Gerslrio
1481 1734 1609 1785 lladicusi
1637 1735 1698 1797 (ill),
1719 1747 1781 1784 cnm
1806 1733 1859 1784 lilio

1035 1823 1084 1860 suo
1100 1807 1245 1867 llarcnido,
1263 1807 1436 1858 Guetenocho
1451 1807 1617 1870 ltncinienei,
1642 1805 1778 1856 Ganllrido
1795 1805 1860 1858 Ces·

1036 1879 1214 1939 tellihricntii,
1229 1881 1389 1931 senebruno
1404 1878 1539 1936 Bainensi,
1555 1879 1684 1929 Haimona
1700 1879 1860 1931 Guircbicn·

1036 1953 1067 2012 si,
1083 1952 1197 2002 Radullo
1214 1950 1412 2011 hlontlortonsi,
1429 1956 1456 2001 et
1467 1950 1527 2000 aliis
1541 1951 1631 2001 multis
1642 1949 1787 2008 nobilibus,
1799 1964 1860 2002 cam

1035 2026 1121 2075 mallo
1136 2024 1236 2090 populo
1261 2021 1406 2088 promiscui
1429 2036 1520 2085 serus,
1545 2022 1671 2073 omnibus
1691 2022 1775 2072 Deum
1808 2023 1861 2074 lau·

1036 2099 1173 2157 dantibus,
1200 2101 1228 2149 et
1255 2097 1388 2148 nefariam
1410 2094 1592 2148 archidiaconi
1616 2100 1643 2146 el
1666 2108 1858 2148 canonicorum

1036 2173 1194 2237 petitionem
1206 2170 1416 2221 exsecrantibus.
1430 2188 1444 2216 s

1067 2247 1105 2295 Ex
1122 2243 1268 2308 praemissis
1293 2257 1357 2308 argo
1385 2246 1460 2308 patet
1487 2243 1626 2294 llerrssnm
1655 2240 1857 2293 liothonensem

1036 2315 1174 2375 abbatom,
1219 2313 1339 2378 epistolas
1382 2311 1485 2365 Conani
1527 2315 1648 2375 latorem,
1694 2326 1738 2363 an.
1786 2311 1858 2374 11211,

1037 2389 1148 2440 Romam
1166 2387 1317 2452 prolectam
1345 2400 1414 2445 assa,
1444 2398 1473 2437 ut
1511 2385 1544 2437 de
1581 2386 1783 2450 gravaminibus
1811 2399 1858 2436 aaa

1037 2459 1144 2511 danrnis
1168 2460 1288 2511 ecclesias
1317 2463 1344 2511 ct
1371 2457 1533 2510 monasterio
1568 2471 1617 2507 suo
1654 2456 1742 2515 illatis,
1786 2457 1859 2521 apud

1038 2547 1172 2584 summurn
1203 2532 1357 2596 pontificem
1385 2530 1578 2596 expostularet.
1619 2530 1639 2579 h
1680 2541 1734 2591 quo
1760 2529 1860 2592 perhu-

1038 2606 1153 2656 maniter
1183 2607 1322 2669 exceptus,
1346 2600 1550 2668 impetratisque
1575 2598 1779 2665 privilegiorum
1802 2615 1861 2652 mo·

1038 2674 1149 2727 nusterii
1164 2677 1205 2726 sui
1234 2674 1351 2741 sigillata
1365 2675 1579 2732 confirmatione,
1596 2677 1624 2723 et
1637 2673 1665 2722 in
1686 2686 1742 2722 rem
1767 2673 1863 2723 litteris

1039 2748 1266 2800 commendatitiis
1280 2749 1313 2798 ad
1329 2748 1468 2798 Girardum
1493 2746 1650 2810 episcopum
1677 2743 1861 2808 Bagolismen·

1039 2835 1103 2879 scm,
1119 2822 1235 2885 legatum
1251 2825 1317 2872 tunc
1331 2819 1517 2884 apostolicum,
1543 2822 1570 2868 el
1592 2816 1777 2867 Hildebertnm
1804 2830 1863 2867 ωι-

1040 2893 1242 2957 tropolitanum,
1258 2891 1291 2942 ad
1306 2888 1500 2943 monasterium
1515 2902 1595 2940 snum
1618 2889 1668 2939 sub
1695 2887 1774 2937 linem
1790 2889 1862 2952 ojus·

1040 2964 1101 3015 dam
1117 2964 1181 3014 nuni
1196 2976 1321 3014 reversus
1335 2965 1384 3015 est.

1072 3035 1149 3096 Quod
1164 3035 1264 3099 elapso,
1280 3040 1307 3085 st
1327 3048 1400 3086 anno
1426 3033 1487 3084 llil
1516 3032 1637 3091 ineante,
1664 3029 1804 3096 probabile
1822 3034 1864 3082 est

162 3104 596 3169 clares,qnodqnamalelsctum,
612 3108 707 3169 etqua
729 3119 811 3155 causa
834 3101 985 3162 accidisset,
1001 3071 1023 3139 G
1042 3105 1228 3158 Hildebertum
1252 3105 1396 3158 concilium
1425 3106 1603 3163 Nannetense,
1633 3102 1665 3154 de
1691 3118 1745 3165 qno
1771 3116 1863 3168 supra,

161 3179 197 3236 ab
228 3176 325 3227 abbata
356 3172 508 3239 inquisivit.
531 3175 620 3226 abbas
646 3179 735 3225 autern
763 3180 861 3225 cuncta
886 3172 911 3224 ei
940 3186 988 3238 per

163 3247 287 3301 ordinem
305 3245 406 3297 retulit.
423 3245 525 3305 Quibus
539 3247 601 3310 pius
616 3260 685 3311 papa
699 3247 808 3306 auditis,
828 3249 932 3297 tautum
947 3244 988 3294 la·

164 3321 242 3373 cinus
255 3318 473 3384 perhorrescens,
490 3319 629 3369 mandarit
644 3332 691 3382 per
705 3318 808 3369 litteras
821 3319 933 3368 Grrardo
949 3315 989 3367 la·

165 3398 227 3460 gato
244 3390 452 3455 Eupolismensi,
467 3395 494 3440 et
511 3390 664 3441 llildeherto
677 3390 881 3455 archiepiscopo
903 3391 987 3439 'luro-

159 3466 252 3528 'nsnsi,
270 3468 297 3514 sl
313 3462 440 3513 omnibus
457 3463 590 3527 episcopia
607 3461 754 3513 Britannia
775 3462 942 3520 nominatim,
958 3464 988 3511 at

166 3534 311 3602 episcopali
336 3535 478 3585 severitate
503 3535 596 3584 tandin
623 3533 809 3583 malcluctores
823 3535 986 3591 coercerent,

159 3610 254 3660 'donec
268 3607 389 3658 ecclesius
404 3612 500 3655 cuncta
517 3605 625 3666 damna,
641 3610 668 3654 et
681 3618 741 3668 qnae
757 3605 782 3654 ei
805 3604 874 3656 mals
899 3604 987 3654 ablata

165 3682 282 3738 lucrant,
297 3683 351 3728 tam
377 3677 576 3740 possessionum
598 3689 678 3740 quam
703 3685 861 3727 caeterarum
884 3689 985 3737 rerum,

166 3754 382 3803 restituerentur.
405 3745 505 3797 Abbati
524 3761 588 3797 vero
609 3751 637 3797 et
664 3747 803 3799 monacbis
831 3748 901 3798 vices
923 3759 986 3797 sust

166 3824 236 3873 sicut
253 3817 455 3886 specialissimis
470 3818 539 3877 liliis,
556 3819 584 3868 in
608 3818 731 3869 iaciendo
754 3821 807 3870 reis
836 3817 985 3870 misericor·

161 3894 241 3952 diam,
272 3891 418 3941 commisit.
461 3888 685 3954 Conllrmaliaque
729 3892 834 3942 cunctis
866 3890 984 3942 ecclesias

161 3962 318 4031 privilegiu,
333 3976 411 4012 suum
430 3975 538 4026 quoquo
563 3962 667 4013 addidit
692 3960 817 4026 sigillum.
845 3961 984 4012 Concussit

160 4039 242 4089 etium
260 4039 290 4087 ut
301 4048 477 4099 quascunque
493 4047 620 4098 personas
638 4033 721 4084 abhas
746 4034 779 4084 ad
808 4035 983 4086 consecratio·

158 4123 221 4160 nem
238 4109 329 4159 altaris
346 4112 372 4157 et
396 4107 611 4171 purrtlcntioncm
634 4108 752 4157 ecclesias
773 4120 870 4158 vocare
894 4108 981 4166 rellel,

159 4186 278 4232 vocarat.
295 4178 409 4228 Vos-urit
432 4179 514 4236 icitur
538 4176 770 4241 archiepiscopum
798 4179 981 4230 Turonensem

157 4267 218 4305 rum
243 4251 369 4304 omnibus
393 4249 571 4310 suffraganeis
595 4250 652 4299 suis
676 4250 808 4314 episcopis
835 4249 980 4302 etabbatl·

156 4327 216 4379 lms.
232 4326 312 4388 Quia
333 4324 393 4374 Kal.
417 4322 577 4372 Nouembris
604 4322 676 4385 apud
705 4322 859 4373 llothonum
884 4336 979 4374 conve.

155 4406 264 4458 nerunt,
298 4401 325 4447 ot
351 4399 484 4460 pressante
514 4393 625 4443 Conana
649 4395 771 4458 principe
801 4408 862 4445 cum
893 4399 978 4445 matre

155 4483 205 4520 sua
235 4478 262 4520 et
292 4469 419 4520 omnibns
449 4465 596 4518 Britannia
626 4466 812 4531 optimatibus,
851 4481 882 4518 ac
911 4480 980 4531 pens

155 4541 283 4592 omnibus
309 4538 450 4591 monachis
482 4545 510 4589 el
539 4538 653 4597 clericis,
681 4553 741 4589 cnm
767 4539 978 4604 mnltopopnlo,

154 4614 238 4665 altare
264 4612 291 4662 in
315 4613 417 4662 honore
444 4611 588 4662 salvatoris
611 4611 706 4662 mnndi
730 4625 841 4678 suaeque
864 4611 978 4663 Genitrl·

153 4682 202 4741 cis,
223 4687 250 4736 ct
279 4686 420 4734 bealorum
442 4679 513 4731 Petri
536 4686 564 4732 cl
586 4680 673 4744 Pauli,
698 4681 839 4747 sanctique
866 4680 978 4732 Marcel·

151 4753 201 4805 linl
231 4768 310 4820 papea
342 4760 368 4805 et
398 4751 529 4818 martyria,
559 4759 640 4818 atque
668 4754 790 4804 omnium
821 4759 976 4805 sanctornm

151 4826 208 4885 nst,
224 4841 286 4878 curn
300 4840 406 4877 sumnia
432 4824 606 4875 reiteratione
627 4829 864 4882 consecraverunt,
891 4825 975 4876 eccle·

149 4900 273 4965 uiamque
290 4901 323 4950 ab
338 4899 511 4950 immunditia
526 4911 607 4962 qnam
623 4899 725 4949 obsessi
739 4899 768 4948 ln
790 4912 822 4948 ea
844 4897 974 4956 lecerunt,

149 4972 370 5033 purillcarernnt.
385 4969 437 5019 Sed
454 4971 517 5020 dum
542 4969 600 5020 bac
622 4974 845 5034 praepararentur,
873 4969 975 5019 Bricius

147 5045 330 5096 Nannctensis
363 5045 516 5108 episcopus,
560 5042 606 5101 arri
649 5055 677 5092 se
710 5039 828 5104 litigabat
858 5041 973 5093 abbatiae

148 5114 381 5168 archidiaconum.
406 5117 512 5177 partem
536 5114 569 5164 de
594 5112 730 5164 olierenda
753 5125 875 5177 quaerere
905 5125 973 5178 pra·

147 5184 283 5251 sumpsit3
307 5186 430 5236 similiter
459 5198 555 5235 omncs
577 5184 745 5235 Venatcnses
768 5184 890 5235 canonici
910 5197 973 5247 par-

146 5263 201 5321 tem
215 5273 290 5308 suum
306 5267 331 5308 et
347 5258 388 5307 sni
403 5255 534 5323 episcopi.
561 5257 653 5306 Abbss
677 5270 742 5306 raro
763 5254 876 5305 consilio
897 5254 972 5319 capi·

145 5328 434 5395 tulijndiciumsuper
453 5330 599 5379 hircorum
628 5327 830 5391 archiepiscopo
856 5332 883 5378 el
912 5327 972 5391 epl-

143 5402 232 5464 scopis
258 5401 458 5466 abbatibusque
487 5401 512 5451 oi
538 5400 645 5451 obtulit.
673 5396 725 5449 Sed
756 5396 795 5448 illi
822 5396 970 5448 Romanam

141 5477 269 5529 limantes
283 5477 421 5530 incurrere
454 5476 683 5540 indignationem,
708 5471 839 5536 judicium
860 5474 969 5527 subter·

171 5602 226 5668 (dd)
243 5603 473 5666 asseruimus,
489 5606 555 5654 tom.
571 5598 603 5664 Il,
618 5612 679 5666 pag.
692 5595 749 5651 279.

169 5675 224 5813 gl
237 5673 412 5804 3:¹5on
423 5674 516 5732 cedas
530 5673 577 5726 des
591 5670 656 5726 bois.

1043 3180 1191 3231 celebrasse
1218 3195 1226 3240 3
1255 3177 1333 3244 cujus
1359 3178 1593 3230 conltrmationem
1621 3176 1655 3227 ab
1691 3176 1810 3226 Honorio
1840 3174 1865 3226 ll

1041 3248 1225 3302 menselnnio
1248 3250 1369 3314 eiusdem
1393 3250 1458 3301 anni
1482 3247 1601 3300 obtinuit
1624 3252 1651 3298 at
1671 3248 1783 3311 excepit,
1809 3259 1865 3311 qua

1042 3337 1090 3388 per
1120 3319 1287 3374 armoricam
1315 3322 1468 3372 nniversam
1507 3318 1645 3384 publicata
1684 3322 1714 3369 at
1748 3323 1864 3380 recepta,

1041 3397 1205 3459 rogatnsest
1220 3407 1236 3445 a
1251 3397 1397 3445 memorato
1423 3394 1519 3444 abbats
1546 3392 1674 3448 lloerroeo,
1703 3394 1733 3439 ut
1759 3390 1793 3439 ad
1817 3401 1864 3439 ec·

1041 3465 1150 3517 clerium
1179 3478 1265 3524 snam,
1293 3465 1438 3530 sacrilegiis
1478 3462 1615 3527 pollutam,
1657 3459 1862 3525 purificandam,

1040 3536 1277 3596 reconciliandam,
1294 3542 1322 3588 et
1335 3537 1424 3588 denuo
1439 3535 1660 3590 consecrandam,
1684 3547 1712 3583 se
1740 3532 1863 3582 conterre

1040 3610 1214 3674 dignaretur3
1230 3609 1367 3674 quodsub
1392 3608 1472 3657 tinem
1495 3605 1616 3671 ejusdem
1641 3604 1715 3663 anni,
1746 3607 1863 3655 exeunte

1040 3684 1140 3733 scillcet
1155 3681 1273 3741 Octobri,
1290 3679 1382 3732 accitis
1396 3678 1572 3744 suffraganeis
1586 3677 1643 3728 suis
1671 3677 1812 3741 episcopis,
1830 3673 1864 3726 li·

1038 3751 1197 3804 bcnlissime
1213 3751 1326 3817 perlecit
1340 3751 1518 3802 llildebertns.

1070 3826 1198 3876 Nonnihil
1229 3831 1319 3875 tumen
1352 3823 1381 3874 in
1410 3831 1562 3887 temporum
1587 3820 1656 3871 serie
1688 3817 1864 3870 obscuritatis

1038 3898 1116 3951 allert
1140 3899 1233 3950 charta
1263 3895 1420 3949 donationis
1449 3903 1527 3947 terras
1553 3895 1587 3943 du
1610 3893 1707 3951 Bellus,
1735 3893 1769 3942 ab
1799 3891 1861 3955 ipso

1038 3970 1155 4022 Olirerio
1185 3970 1218 4021 de
1249 3969 1345 4029 Ponte,
1374 3969 1482 4020 landem
1517 3964 1701 4030 resipiscente,
1738 3961 1860 4015 ecclesiae

1037 4046 1171 4109 data‚cni
1192 4045 1346 4109 assignatur
1383 4056 1470 4094 annus
1506 4042 1577 4098 ltro,
1613 4052 1725 4103 eamque
1767 4041 1860 4088 lamen

1037 4117 1130 4168 eadem
1144 4121 1236 4166 charta
1253 4114 1348 4165 iactam
1367 4114 1450 4166 luisse
1465 4118 1579 4164 testatur
1605 4112 1633 4160 ia
1657 4109 1770 4159 murtiae
1795 4121 1859 4157 con·

1035 4187 1194 4240 sacrationis
1212 4186 1364 4251 principalis
1393 4186 1483 4236 altaris
1514 4183 1632 4235 ccclesias
1674 4179 1858 4230 llotbonensis

1035 4261 1068 4313 ab
1085 4260 1238 4311 llildeberto
1264 4257 1424 4310 turonensi.
1453 4257 1537 4318 Quem
1568 4254 1677 4306 modum
1700 4266 1753 4304 non
1778 4250 1859 4302 aliter

1033 4335 1100 4385 solvi
1116 4346 1194 4396 posse
1209 4335 1346 4396 putamus,
1364 4344 1444 4394 quarn
1469 4341 1587 4380 errorem
1612 4324 1784 4377 amanuensis
1812 4336 1860 4374 ar-

1033 4405 1150 4470 guendo,
1180 4404 1226 4468 qni
1256 4404 1366 4454 incanta
1397 4403 1478 4452 unius
1507 4401 1591 4465 spicis
1622 4396 1777 4453 omissione,
1808 4408 1860 4459 pro

997 4454 1105 4528 Dauno
1121 4475 1181 4527 1127
1195 4488 1297 4526 annum
1312 4475 1435 4539 posuerit
1452 4475 1525 4538 llis,
1551 4475 1581 4523 nt
1607 4471 1763 4535 lreqnenter
1788 4467 1861 4518 solet

1032 4546 1163 4601 accidere.

1062 4620 1121 4671 Non
1140 4619 1187 4669 sbs
1208 4633 1236 4669 re
1261 4621 1350 4669 aulem
1372 4617 1432 4678 erit,
1458 4618 1480 4668 si
1502 4617 1622 4668 chartam
1647 4613 1722 4664 illam
1745 4608 1856 4663 Olirarii

1031 4692 1165 4756 integram
1189 4692 1346 4750 relaramus,
1371 4691 1398 4740 in
1426 4703 1480 4754 qne
1508 4688 1635 4738 nimirum
1676 4685 1856 4734 donationum

1031 4761 1153 4815 ecclesiis
1177 4776 1235 4813 tero
1259 4760 1305 4813 illo
1329 4762 1439 4812 modum
1467 4761 1629 4823 singularem
1654 4757 1738 4807 lector
1761 4759 1856 4806 notare

1030 4835 1143 4900 poterit;
1174 4847 1253 4899 quum
1282 4835 1309 4884 et
1334 4834 1360 4882 in
1391 4833 1473 4882 altera
1500 4830 1636 4894 Gueqonir
1657 4829 1689 4879 ad
1711 4839 1857 4877 consecra·

1025 4907 1132 4958 'tionem
1161 4903 1253 4956 altaris
1281 4903 1388 4967 capellae
1420 4902 1526 4954 Sanctae
1557 4902 1648 4952 staria
1676 4898 1856 4962 blagdalensr,

1029 4991 1078 5041 pro
1093 4976 1260 5027 infirmorum
1289 4973 1355 5024 celle
1376 4973 1545 5024 llothonensi
1568 4974 1601 5023 ab
1625 4973 1740 5035 ipsomet
1767 4967 1857 5019 llilde·

1028 5048 1104 5099 berto
1118 5047 1239 5112 quinque
1252 5049 1312 5110 post
1326 5058 1413 5095 annos
1426 5044 1584 5096 solemniter
1612 5042 1718 5099 lectam,
1741 5039 1858 5090 interius

1028 5119 1171 5169 ohservare
1194 5129 1263 5181 opus
1286 5115 1346 5166 erit.
1375 5115 1420 5168 Sic
1449 5123 1539 5168 antem
1564 5115 1646 5165 babet
1673 5113 1718 5161 illa
1745 5107 1857 5160 Olivsrli

1027 5193 1138 5243 charra:

1058 5283 1071 5310 s
1108 5265 1186 5314 anno
1215 5260 1248 5312 ah
1280 5262 1468 5314 incarnatione
1508 5261 1578 5322 1126,
1613 5263 1708 5324 epacta
1746 5256 1854 5307 decima

1026 5337 1150 5400 septima,
1180 5334 1329 5384 indictione
1360 5336 1455 5399 prima,
1492 5334 1548 5401 jam
1585 5333 1673 5383 dictas
1706 5328 1852 5388 oliverius,

1025 5409 1096 5459 lllins
1125 5406 1273 5470 larnogonl
1303 5407 1336 5456 da
1364 5404 1458 5464 Ponte,
1491 5406 1589 5457 delicta
1610 5402 1762 5468 juventutis
1794 5410 1852 5451 sne

1024 5482 1198 5533 vehementer
1213 5478 1390 5543 horrescensr
1416 5481 1474 5530 arat
1497 5481 1569 5530 anim
1594 5477 1636 5526 sir
1657 5475 1733 5527 miras
1756 5471 1853 5525 teroal-

1054 5610 1105 5675 (ιι)
1119 5605 1337 5659 Post-cissimis.

1051 5680 1105 5750 (10)
1118 5680 1188 5737 aaa.
