3802 6030
72 273 148 336 test
753 273 930 336 uAtttssNlt
952 273 1088 337 vetite.
1696 280 1775 344 ldssi
1847 278 1849 283 ⁴

69 408 200 473 Scimus.
216 409 269 479 eit,
285 410 320 466 de
335 412 363 465 te
377 423 465 480 quem
482 409 609 481 gesseris
622 408 718 467 omnia
736 411 825 479 reste,
912 407 1048 481 Alnque
1062 409 1180 484 siguum
1196 411 1268 486 pata
1284 412 1336 468 dat
1349 413 1446 486 spiren
1460 413 1539 471 dona
1554 413 1672 485 puelle,

72 498 110 556 Ut
128 499 263 568 postlata
278 499 331 555 siri
347 501 441 555 socrui
459 501 591 571 subjecta
607 500 698 569 luisti,
952 498 1054 557 tlissli
1071 504 1125 557 Sex
1141 503 1255 559 modios
1270 504 1353 576 grani
1367 520 1403 560 ne
1419 511 1499 560 veste
1514 503 1622 560 rediret
1637 505 1728 573 innui,

73 588 108 642 Et
123 593 266 658 <quantum
283 593 384 656 pentes
403 586 519 658 lugiens
533 585 691 642 simulacra
706 587 846 657 nolentes,
952 588 1131 646 Conveniens
1147 592 1207 647 ruri
1225 594 1341 665 pignus,
1358 594 1535 667 signumque
1551 594 1652 652 loturi.

72 676 159 755 liitus
174 678 309 746 sprevisti
327 676 434 748 qmbns
449 677 592 730 innutrita
606 676 698 730 luisti.
951 678 1024 735 Nem
1042 683 1110 736 litet
1126 683 1154 738 in
1171 686 1272 756 granis
1288 684 1417 740 cmlestis
1432 684 1528 758 gratis
1544 686 1638 757 panis,

70 765 129 822 Neu
142 777 167 820 te
185 773 358 820 nroereutum
377 766 470 820 tenuit
485 765 608 820 dulcedo
625 768 800 836 parentum:
951 770 1041 836 Qnem
1057 771 1137 826 dedit
1153 773 1416 846 Ecclesioegenitus
1432 783 1467 831 de
1483 792 1571 831 carue
1587 775 1695 842 lituris,

69 855 144 920 Quin
166 855 278 910 tierriini
299 854 382 911 melis
397 856 539 910 servanda
557 855 647 909 tatere
662 856 717 909 sub
732 853 797 909 alis.
951 858 1003 922 Oui
1019 876 1070 930 per
1083 863 1235 918 robustum
1252 866 1362 931 signiri
1377 866 1506 921 creditur
1517 866 1620 932 istum,

66 945 252 1002 Credidimus
272 943 359 1011 veris,
376 943 610 999 mutiervirtutis
626 943 755 1001 haberis.
950 945 987 1003 Ut
1003 964 1093 1004 nurus
1111 951 1279 1017 Ecclesiam,
1296 969 1398 1010 saurus
1413 955 1526 1026 etllgiet
1539 961 1735 1028 synogogam.

66 1038 133 1090 lime
151 1033 202 1088 nbi
221 1038 390 1105 compenset
407 1050 466 1100 rex,
483 1034 532 1107 qui
546 1033 715 1104 Justissime
733 1037 842 1091 eeusel.
951 1038 1020 1091 Exin
1033 1044 1168 1109 nngnatn.
1187 1043 1292 1112 populo
1309 1051 1461 1115 presente,
1478 1051 1579 1101 veeste

69 1127 123 1178 ttet
139 1121 189 1176 tibi
208 1124 382 1188 mercedem,
398 1123 446 1192 qui
463 1122 526 1179 emti
545 1123 676 1193 possidet
690 1126 790 1181 aedem.
949 1125 1035 1183 Urbis
1049 1134 1077 1183 et
1092 1134 1159 1184 ante
1177 1132 1252 1189 tores
1269 1135 1395 1190 residere
1411 1151 1516 1206 rogans
1531 1135 1675 1201 seniores,

68 1211 157 1277 Dixit,
174 1214 202 1265 et
217 1214 251 1265 ad
272 1227 377 1281 pueros
392 1227 551 1267 conversus
572 1210 701 1283 precipit
716 1210 802 1266 beros
817 1225 824 1266 :
948 1216 1007 1272 llao
1023 1219 1233 1276 mediastinum
1248 1224 1399 1292 compellit
1413 1240 1482 1279 vore
1495 1225 1647 1280 sobrinum
1661 1239 1667 1281 :

67 1301 134 1359 Hes
151 1300 200 1357 ubi
217 1300 279 1355 vult
293 1301 462 1368 metito‚nec
473 1317 535 1357 eam
547 1303 706 1373 quisquam
725 1300 895 1373 prohibeto:
948 1304 1106 1363 Etimeleeb
1121 1324 1190 1381 ager
1204 1315 1260 1379 est,
1272 1314 1334 1383 qui,
1347 1312 1424 1383 quod
1440 1313 1494 1367 tibi
1510 1314 1606 1368 dicere
1617 1315 1660 1369 vis
1675 1313 1772 1388 [tius]

65 1391 123 1447 Vos
138 1408 257 1464 quoque
273 1392 308 1446 de
322 1393 429 1447 vestris
446 1391 509 1447 volo
523 1391 707 1448 dissimulare
723 1392 872 1466 maniplis.
1647 1403 1716 1474 pist,

66 1487 168 1538 Partes
185 1484 344 1554 prudenter
358 1498 433 1554 ques
448 1482 565 1553 colligit
580 1482 644 1554 ipss
656 1481 789 1548 licenter,
946 1487 969 1540 Α
984 1489 1012 1540 te
1027 1485 1114 1543 debet
1131 1486 1201 1554 emi,
1216 1489 1304 1545 vidue
1318 1490 1461 1547 vendente
1477 1491 1598 1561 Noemi3

64 1570 170 1628 Nullus
188 1571 216 1626 id
239 1571 369 1644 exploret
394 1571 466 1627 mibi
483 1587 601 1644 parcere
616 1571 650 1645 [s.
667 1571 780 1646 parere]
808 1587 895 1628 namu
946 1572 1018 1630 Nem
1036 1577 1112 1647 quod
1128 1576 1170 1633 sis
1186 1579 1299 1647 primus
1314 1578 1344 1635 in
1361 1580 1516 1652 sanguinis
1532 1582 1635 1637 ordine
1650 1581 1771 1654 seimus,

705 1659 839 1734 [laboret.
946 1666 1037 1730 Quem
1053 1671 1084 1720 tu
1100 1665 1124 1720 si
1140 1668 1248 1722 retines
1264 1669 1387 1740 cupiens
1404 1669 1563 1740 producere
1578 1670 1664 1741 lines,

61 1752 138 1824 Ergo
153 1749 230 1808 notu
251 1749 361 1806 assedit
376 1749 565 1819 messoribus,
582 1754 670 1823 atque
683 1749 829 1820 eomedit:
908 1786 932 1853 B
948 1752 1025 1810 Ruth
1041 1770 1158 1826 quoque
1174 1754 1238 1829 legs
1252 1756 1305 1812 viri
1322 1757 1412 1814 debes
1429 1773 1515 1815 uxore
1528 1758 1615 1830 potiri

61 1842 93 1898 ut
108 1834 172 1897 uon'
184 1856 317 1913 expense
340 1839 471 1897 retinens
486 1839 609 1897 obsonia
623 1856 742 1906 mense,
949 1842 1081 1899 ttelunoti
1097 1844 1195 1901 fratris
1211 1846 1353 1918 supplens
1367 1845 1429 1903 vice
1444 1847 1545 1903 munis
1561 1848 1663 1919 patris.

58 1932 97 1987 Ae
113 1946 230 1987 servans
246 1945 357 1995 seeum,
377 1928 475 1985 soerni
490 1928 559 1984 dare
577 1927 688 2001 judicat
702 1945 830 2001 equum.
947 1932 1029 2000 Quod
1046 1933 1070 1989 ei
1086 1932 1227 2002 nolueris,
1240 1938 1272 1990 tu
1289 1935 1339 2008 qui
1356 1935 1436 2008 prior
1449 1952 1514 1993 esse
1527 1935 1648 2002 sideris,
1877 1983 1883 1994 .

61 2010 892 2091 lnda'movensgressumredit,utpriusbordesmessum,
946 2023 1012 2079 Jsm
1028 2024 1767 2099 meuseetlundusquisumtibieorteseeuudus.
1883 2060 1889 2073 ι

59 2109 157 2183 Deque
172 2108 272 2165 labore
287 2125 340 2165 sun
363 2107 463 2164 studio
478 2107 602 2166 collecta
616 2108 734 2176 diurno,
946 2112 1109 2183 Respondit
1120 2113 1253 2184 iuvenis:
1270 2114 1343 2176 uitii,
1357 2131 1414 2171 non
1431 2131 1505 2187 opus
1519 2123 1562 2173 est
1578 2116 1681 2174 nlisnis

59 2200 149 2271 Virga
163 2200 316 2273 confregit,
331 2203 517 2271 purgataque
533 2214 624 2271 grene
637 2197 750 2270 redegit
946 2201 1055 2257 Usibus
1069 2218 1133 2258 esse
1144 2207 1268 2276 patrem,
1284 2204 1413 2276 primum
1430 2206 1489 2261 inre
1504 2212 1532 2262 te
1545 2205 1611 2263 velo
1623 2207 1751 2276 tratrem,

60 2291 130 2359 lipbi
147 2305 315 2345 mensuram
333 2289 447 2343 modios
466 2294 524 2343 tres
539 2287 748 2353 exhibiturum,
945 2291 1015 2347 lure
1031 2306 1096 2348 men
1112 2293 1192 2359 redo,
1210 2295 1287 2364 quod
1302 2299 1422 2366 aretque
1437 2311 1535 2351 meum
1551 2297 1604 2352 tibi
1620 2297 1703 2354 dedo.

60 2381 138 2447 Quos
154 2379 222 2435 tulit
237 2379 272 2434 ad
290 2393 406 2433 snorum
429 2379 541 2450 reliqua
558 2394 624 2433 rum
643 2384 723 2450 perte
737 2375 891 2448 ciborum:
945 2380 1161 2437 t'tnautasotva
1178 2384 1271 2455 pedis,
1288 2383 1311 2439 si
1324 2384 1390 2452 jure
1405 2391 1456 2440 tuo
1474 2385 1542 2440 mibi
1558 2385 1648 2442 cedis.

62 2469 209 2540 Gestaque
224 2467 363 2531 norrevit,
381 2483 414 2521 eo
430 2467 508 2521 dicta
525 2466 599 2522 Bone
616 2466 756 2523 recitavit.
944 2469 1033 2524 Solvit
1047 2476 1076 2525 et
1091 2475 1221 2526 astutum
1238 2475 1325 2527 dalei
1342 2471 1432 2528 talare
1447 2473 1588 2531 solutum.

61 2557 117 2613 Ille
134 2559 220 2614 relert
234 2565 345 2629 gretes,
364 2557 445 2610 eddit
461 2572 578 2629 qunque
593 2556 711 2629 provida
726 2559 827 2611 vates:
944 2561 1004 2614 ilos
1018 2568 1076 2613 erat
1093 2560 1233 2631 antiquis,
1247 2566 1276 2617 et
1291 2561 1335 2617 ter
1351 2561 1434 2634 quasi
1452 2562 1507 2617 lixa
1524 2562 1696 2635 propinquis

60 2647 82 2704 0
101 2648 170 2704 mibi
187 2664 237 2717 pro
254 2644 355 2701 multis
376 2662 446 2716 spes
461 2647 547 2701 unios
562 2644 662 2702 reliets
673 2643 816 2717 sepultisl
944 2653 981 2707 ttt
997 2665 1076 2720 prior
1092 2649 1198 2705 lueredi
1216 2653 1333 2708 tradens
1349 2668 1404 2707 sua
1415 2653 1481 2722 jors
1496 2653 1631 2725 sequenti

58 2740 96 2794 Ut
108 2736 161 2793 tibi
177 2736 344 2792 consultum
362 2740 455 2806 quent
470 2751 535 2791 esse
549 2735 675 2807 recogito
690 2735 826 2790 muttum.
943 2740 1024 2805 Quod
1041 2739 1100 2795 dixi
1117 2741 1225 2796 inseret
1239 2757 1296 2813 qun
1311 2741 1405 2798 neseio
1421 2743 1510 2798 robur
1524 2743 1656 2800 baberet.

56 2826 192 2884 Nelsbor
207 2825 383 2880 immodicus
406 2823 458 2879 tibi
479 2824 516 2879 sit
533 2825 618 2882 tescia
632 2825 763 2897 infqous,
942 2833 1004 2885 tino
1018 2827 1107 2902 igitur
1122 2836 1206 2901 pasto
1221 2831 1343 2888 solemni
1361 2847 1440 2887 more
1456 2838 1573 2900 peraeto

57 2916 169 2988 lilergat
183 2920 212 2970 et
226 2913 364 2970 inllexum
383 2911 520 2985 fragilem
537 2914 591 2970 sub
608 2915 735 2985 pondere
749 2928 852 2970 serrum
943 2916 1018 2974 Boea
1033 2918 1069 2973 ad
1084 2926 1258 2975 conventum
1275 2920 1368 2991 plebis
1384 2926 1561 2992 patrumque
1576 2921 1747 2979 sedentum:

56 3005 152 3061 Auris
168 3009 332 3075 paupertas,
349 3018 438 3072 qnam
456 3001 499 3058 sie
514 3005 647 3060 evincere
660 3007 764 3059 eertes.
941 3004 1063 3061 Gulosus
1079 3009 1124 3060 est
1134 3006 1228 3072 testis,
1244 3009 1333 3061 testes
1347 3022 1464 3080 qunque
1478 3023 1540 3071 vos,
1555 3007 1607 3076 ait,
1623 3008 1696 3066 estis

55 3098 130 3168 Ergo
146 3092 271 3150 sollicito
283 3107 345 3148 mea
361 3096 475 3164 pectore
486 3092 572 3163 jussa
587 3091 693 3159 subito,
941 3090 1022 3156 Quod
1039 3091 1120 3147 fruor
1134 3108 1201 3148 ecce
1217 3092 1301 3150 bonis
1316 3097 1344 3149 et
1359 3094 1497 3166 conjugio
1512 3093 1688 3152 Mabalonis.

55 3184 91 3245 Ut
105 3184 161 3240 etto
177 3181 324 3255 prolicies,
341 3185 368 3237 st
384 3180 452 3237 letis
467 3181 593 3253 conjuge
609 3180 675 3248 lies,
759 3231 760 3236 ,
899 3145 922 3213 c
938 3179 1083 3236 ‚dixerunt
1098 3180 1140 3235 illi
1157 3182 1284 3252 majores
1299 3186 1388 3253 etque
1403 3182 1524 3254 pusilli:

54 3264 107 3342 Qui
123 3277 150 3328 ta
170 3271 318 3337 lseuodet,
334 3286 490 3344 perquem
505 3270 558 3326 tibl
573 3284 689 3340 semper
703 3267 832 3327 abundet
939 3269 1041 3325 Testes
1055 3268 1155 3342 sugeri
1171 3269 1246 3325 bona
1262 3274 1415 3338 poscentes
1430 3270 1559 3343 mulieri,

57 3362 147 3420 Panis
162 3378 228 3418 eum
244 3360 313 3417 vine
328 3377 384 3416 unu
396 3360 549 3415 definiente
564 3357 670 3416 salino.
937 3359 1029 3425 Quam
1046 3357 1123 3414 Deus
1138 3363 1301 3432 assumpsit
1315 3359 1353 3416 de
1367 3360 1514 3429 reatibus,
1530 3368 1558 3417 et
1573 3360 1624 3418 tibi
1636 3362 1747 3433 junxit,

57 3453 180 3522 Quando
198 3453 269 3507 Boos
283 3467 382 3507 servos
396 3449 472 3506 viset
487 3465 644 3505 mensurus
660 3465 778 3507 seorsus
938 3446 976 3504 ut
990 3446 1030 3504 sit
1043 3447 1182 3520 progenie
1198 3448 1320 3505 fecunda
1335 3448 1489 3505 simillime
1505 3450 1571 3517 Lie,

53 3541 224 3610 Composito
239 3539 336 3605 vultu,
352 3540 454 3596 festivo
470 3538 624 3612 splendide
638 3537 732 3606 eultu,
938 3536 973 3594 ut
984 3537 1046 3593 viee
1060 3537 1193 3594 ttaebetis
1208 3537 1326 3605 dilecta,
1341 3539 1462 3611 viroque
1478 3539 1584 3609 tidelis,

52 3633 115 3700 Qun
129 3631 216 3686 cubet
231 3629 261 3685 in
277 3633 367 3684 strato
388 3635 474 3686 noeto
490 3629 625 3685 studiosa
641 3633 752 3696 notato,
937 3630 978 3682 Ao
993 3626 1250 3684 Bethlehemitieas
1265 3633 1384 3700 superet
1398 3629 1507 3685 virtute
1522 3630 1654 3687 meritas.

54 3717 104 3776 unt
117 3721 179 3791 jam
196 3718 329 3776 stertenti
347 3733 437 3789 psssu
454 3724 482 3772 te
493 3718 587 3788 junge
602 3716 714 3786 silenti,
935 3715 983 3772 sio
998 3716 1111 3772 invitati
1127 3717 1282 3773 discedunt
1297 3719 1394 3774 inusta
1410 3720 1529 3791 pseusti.

54 3809 246 3878 Exritumque
263 3822 349 3862 mnne
368 3804 492 3877 detegis
508 3805 685 3871 conditione,
936 3802 1012 3860 lione
1028 3805 1114 3860 babet
1130 3822 1249 3862 uxorem
1266 3822 1324 3879 qus
1339 3808 1438 3864 nutius
1454 3809 1543 3866 babet
1558 3809 1721 3882 meliorem,

56 3899 92 3957 Ut
110 3915 160 3970 prn
176 3897 292 3952 subluto
309 3895 359 3951 titi
375 3895 480 3950 debeat
494 3911 558 3950 esse
574 3895 689 3961 marito,
935 3891 971 3948 Et
986 3908 1043 3948 uon
1060 3900 1126 3964 pest
1143 3893 1266 3951 muitum
1284 3896 1386 3969 resipit
1399 3897 1435 3953 de
1447 3899 1572 3972 cunjuge
1587 3900 1725 3971 truetum,

56 3991 260 4057 Instauretque
275 4000 328 4040 suo
345 4000 445 4040 semen
463 3983 575 4053 geniale
596 3984 773 4057 propinquo,
935 3980 1009 4037 Nam
1025 3987 1181 4053 generatus
1196 3983 1274 4040 Obed
1291 3986 1457 4057 generantis
1472 3989 1581 4058 gaudie
1608 3989 1750 4062 eomplet'

56 4076 110 4140 Oui
123 4076 181 4130 lato
197 4072 289 4128 sterili
306 4071 403 4127 caruit
419 4076 586 4143 pregnante
602 4071 702 4128 cubili.
936 4069 988 4127 ilie
1002 4077 1083 4142 puter
1097 4078 1142 4129 est
1155 4072 1248 4144 lesse,
1265 4091 1352 4147 quem
1370 4080 1482 4148 patrem
1498 4076 1634 4134 novimus
1648 4094 1713 4135 esse

57 4165 131 4233 Quid
150 4180 256 4227 moror,
273 4167 301 4218 st
315 4161 392 4217 lento
408 4178 494 4216 versu
512 4161 666 4232 procedere
680 4164 760 4217 teuto
774 4161 789 4215 t
935 4163 1020 4231 ltsgis
1036 4161 1209 4230 Psalmiste,
1226 4164 1311 4233 eujus
1327 4164 1502 4230 desemine,
1519 4164 1644 4232 Christe,

55 4255 133 4310 Finis
149 4257 211 4310 erni
228 4253 345 4320 messis,
360 4257 457 4326 partes
472 4251 562 4307 debat
576 4267 645 4307 ersa
659 4251 756 4319 lessis,
934 4251 973 4305 'le
988 4249 1113 4307 solimus
1128 4257 1242 4319 natum,
1258 4252 1345 4308 linem
1361 4254 1508 4325 sperando
1524 4253 1650 4311 beatum.
1665 4256 1758 4312 Amen

55 4345 131 4402 Ruth
149 4360 253 4417 parens
268 4343 362 4408 dietis,
381 4341 478 4414 pueris
494 4341 563 4398 hine
580 4341 647 4398 inde
660 4340 781 4415 relictis,
1285 4341 1411 4399 ttttttt.

56 4434 169 4491 Sensim
185 4433 279 4489 tolera
294 4432 350 4488 tori
362 4432 515 4503 iungenda
531 4431 603 4504 petit
619 4430 742 4498 meliori,
1113 4447 1152 4487 eu
1170 4445 1265 4487 sessu
1285 4447 1361 4489 utute
1380 4431 1456 4498 (Cen.
1472 4434 1580 4508 xxxiv).

56 4523 249 4596 Exeitumqne
262 4527 360 4579 monet
375 4521 448 4594 quid
461 4522 507 4577 lex
517 4521 603 4592 jubet
618 4525 650 4576 ut
664 4521 720 4577 sibi
736 4522 835 4579 donet.
896 4503 920 4569 ll
1081 4518 1135 4589 (Ad
1153 4535 1209 4577 ms.
1226 4518 1425 4589 Audegaveue.
1441 4527 1470 4578 et
1483 4523 1606 4595 Turno.)

56 4612 109 4670 llle
125 4628 232 4684 pavens
248 4612 357 4680 subito,
372 4612 421 4666 sed
438 4619 552 4681 pectore
568 4627 635 4667 mnx
650 4610 791 4681 stabilito,
934 4605 1041 4665 Discite
1057 4609 1187 4666 claustra
1201 4609 1263 4682 pati
1278 4608 1329 4680 qui
1344 4611 1463 4681 pareitis
1478 4611 1640 4684 integritati

56 4701 218 4771 Respondit
239 4700 360 4755 timide:
376 4699 547 4757 (iustissima
562 4700 633 4767 titis,
648 4699 714 4769 lida,
932 4697 990 4756 Nec
1006 4699 1133 4772 prolerre
1142 4700 1256 4772 pedem,
1268 4707 1452 4774 vestramque
1465 4701 1630 4775 relinquere
1641 4705 1751 4763 sedem.

58 4790 138 4857 Quod
156 4791 228 4859 petis
244 4804 330 4844 omne
343 4789 427 4853 teres,
444 4788 468 4844 sl
484 4787 606 4859 quidam
628 4804 675 4844 me
689 4788 769 4861 prior
787 4790 880 4850 beares
934 4789 1001 4855 Qus
1016 4787 1145 4845 latebras
1158 4789 1230 4856 odit,
1246 4804 1277 4846 se
1292 4789 1383 4846 stulta
1398 4790 1527 4863 puellula
1543 4793 1651 4865 pmdit,

55 4881 116 4937 Non
133 4878 185 4934 tibi
202 4876 372 4944 reddiderit,
388 4876 464 4947 quod
480 4876 554 4949 legis
570 4877 695 4933 termule
710 4879 824 4950 querit.
935 4877 1075 4948 Stuprnm
1090 4877 1354 4951 sollicitatquoties
1370 4895 1430 4936 non
1446 4880 1562 4953 publius
1576 4887 1656 4941 vitet.

54 4969 109 5025 Sed
128 4984 205 5024 nuno
221 4972 366 5037 exspecta,
383 4967 517 5020 decurrat
533 4970 565 5022 ut
577 4967 653 5024 aetio
668 4973 767 5036 rects3
934 4965 1039 5023 Forma
1055 4966 1201 5037 pudinitie
1214 4965 1254 5022 sit
1267 4966 1350 5023 vebis
1365 4968 1423 5023 vita
1438 4969 1535 5027 Marias

52 5057 117 5114 Non
135 5062 181 5113 est
196 5057 244 5112 bio
259 5054 351 5112 moris
366 5055 409 5108 vis
425 5054 457 5126 [t.
471 5053 533 5127 jus]
548 5055 708 5126 anticipare
725 5056 848 5128 prioris;
932 5054 1060 5125 Virginis
1074 5055 1186 5128 absque
1202 5056 1276 5128 peri,
1293 5071 1379 5127 quam
1396 5058 1440 5115 las
1453 5064 1552 5116 tamen
1565 5067 1612 5119 est
1631 5064 1749 5137 lmilari,

52 5145 279 5204 Crruveniendus
294 5143 351 5201 erit
367 5158 472 5199 numva
487 5143 574 5209 volet,
591 5159 626 5200 eu
642 5144 695 5203 tibi
712 5146 822 5217 deerit;
931 5146 998 5200 lien
1013 5143 1041 5199 iu
1059 5143 1163 5216 plateis
1178 5161 1235 5202 non
1251 5157 1294 5200 eat
1309 5144 1438 5203 admista
1451 5148 1582 5218 choreis,

52 5239 122 5294 Cras
139 5235 189 5292 liet
205 5240 307 5291 notum
320 5233 365 5290 eui
378 5233 489 5305 junges
505 5232 605 5290 nubite
622 5238 743 5306 sutum:
930 5231 1004 5290 ttuto
1018 5232 1047 5290 in
1065 5249 1176 5292 seereto
1191 5233 1260 5291 tulit
1275 5235 1398 5309 angelus
1414 5235 1485 5293 illud
1499 5246 1590 5298 aratu

47 5325 131 5384 Nunc
144 5342 247 5383 secura
261 5325 326 5391 site,
343 5328 518 5396 aestumque
537 5329 630 5382 tovstn
644 5326 751 5384 cubile.
929 5323 1010 5389 Quod
1028 5339 1085 5380 nou
1096 5323 1229 5381 audisset
1240 5324 1264 5381 si
1282 5341 1339 5382 nen
1356 5325 1470 5382 laelusa
1487 5329 1603 5389 luisset.

51 5415 117 5472 fleo
133 5415 182 5470 ubi
198 5414 353 5487 complevit
368 5429 471 5469 seeurs
487 5412 583 5485 puulls
598 5414 719 5487 quievit.
928 5410 1054 5469 Pulobrs
1071 5413 1159 5470 niniis
1176 5413 1249 5470 tneie
1263 5413 1436 5487 virguuuule
1453 5415 1513 5472 lllia
1529 5418 1588 5476 Lite

49 5503 135 5560 Mene
153 5504 228 5561 Bnoz
242 5518 378 5575 surgens,
394 5506 424 5557 et
436 5502 513 5572 quod
528 5510 700 5577 onnceperat
715 5521 823 5580 urgens
928 5499 1003 5558 Dina
1016 5503 1147 5576 vagando
1163 5503 1232 5562 ioris
1247 5504 1336 5561 sensit
1352 5522 1424 5562 nova
1439 5504 1548 5563 demus
1566 5509 1697 5581 pudoris,

53 5591 189 5669 Preotpit
204 5601 235 5650 ut
249 5592 353 5652 mulier
368 5591 468 5652 redeat
481 5590 588 5651 testlua
597 5591 732 5668 lsteutar,
928 5589 1048 5667 integra
1061 5595 1231 5669 mansisset,
1247 5595 1273 5653 si
1288 5611 1347 5654 nou
1361 5610 1480 5670 egressa
1493 5597 1615 5671 luisset:
