3802 6030
54 219 131 280 terr
380 217 512 281 suane
536 221 574 281 m
599 220 723 285 vluna
745 223 778 282 a.
805 196 1035 284 ucenesrn.
1059 254 1097 268 -
1119 224 1285 286 essunt.
1307 222 1437 286 eamr.
1686 224 1764 290 rara

416 490 505 614 ru
550 432 822 616 urrant
855 492 917 627 s,
947 492 1399 618 enesaunt

328 688 575 754 PRESBYTERI
611 689 877 754 CONFESSORIS
898 690 938 754 lh
961 688 1122 753 deonna
1142 692 1282 755 uentu
1305 687 1476 756 uatum.

735 837 1084 992 SERMO

235 1062 521 1161 AUCTORE
552 1064 854 1162 MARBODO
880 1065 1188 1163 EPlSCOPO
1213 1064 1590 1168 REDONENSI.

102 1218 177 1289 (leto
188 1215 352 1276 Sanctorum
365 1218 506 1292 Bellone,
521 1222 601 1293 Sept.
618 1224 689 1278 tem.
705 1219 754 1290 Vl,
770 1220 818 1278 dia
831 1220 877 1291 22,
893 1236 960 1296 pag.
975 1221 1038 1290 tiu,
1053 1236 1088 1279 er
1103 1212 1204 1278 bodies
1220 1221 1410 1281 membraneo
1425 1239 1483 1282 me.
1498 1225 1720 1300 vetustinum.)

494 1358 1013 1532 OBSERVATIOFES
1048 1435 1327 1532 PRAEVIAE.

97 1618 126 1677 l.
143 1616 234 1677 Mens
248 1615 382 1689 Glonna,
399 1615 468 1678 aliis
485 1614 593 1681 diemo
606 1624 634 1677 et
651 1614 769 1687 olonro,
786 1616 875 1678 loeus
890 1621 947 1697 est,
964 1615 1010 1678 uti
1027 1616 1161 1696 legimus
1176 1616 1208 1678 iu
1223 1615 1360 1679 Historia
1377 1616 1560 1680 monasterii
1575 1619 1607 1680 S.
1629 1618 1763 1683 Floren·
1888 1686 1892 1699 ,

57 1696 93 1758 ιιι
108 1696 330 1760 salmuriensis
345 1697 430 1775 apud
446 1697 633 1758 blartenium
648 1704 723 1760 tem.
742 1697 981 1760 thelleetienis
996 1697 1199 1778 amplissimae
1221 1697 1281 1759 eol.
1301 1697 1388 1771 lOSt,
1411 1699 1444 1759 in
1460 1700 1609 1761 extremis
1634 1700 1763 1780 Aquita·

56 1779 119 1839 ui·
134 1777 288 1872 partibus,
306 1796 369 1839 nen
385 1777 584 1857 longiuscule
609 1777 729 1858 Ligeris
753 1779 855 1859 oripo
875 1779 1043 1873 sepositus,
1069 1797 1132 1858 quo
1148 1779 1179 1839 iu
1196 1779 1274 1872 ‘leco
1301 1779 1498 1840 beatissimus
1520 1779 1575 1840 Dei
1599 1783 1762 1845 confessor

57 1861 246 1930 Florentius,
263 1859 413 1919 diuturno
430 1870 571 1938 ternpore
585 1858 650 1920 uro
666 1860 856 1937 deserviens,
871 1858 994 1921 ieheem
1010 1867 1105 1920 artam
1124 1859 1262 1920 selimero
1282 1859 1343 1921 line
1358 1877 1595 1933 consummans,
1617 1860 1760 1926 felicissi-

58 1957 128 2001 mus
146 1938 292 2018 migravit
307 1940 346 1999 ad
362 1939 532 2001 Christum.
552 1940 670 2000 Dicitur
684 1940 771 2001 lerrus
783 1940 841 2001 iste
855 1941 935 2002 situs
950 1940 980 2000 in
996 1939 1145 2001 extremis
1160 1941 1335 2020 aquitaniae
1358 1941 1511 2020 partibus,
1528 1941 1604 2020 quia
1626 1942 1688 2004 hoe
1711 1961 1760 2006 re·
1882 1946 1885 1951 '

55 2038 154 2100 gnum
170 2019 360 2082 extendebat
374 2039 407 2081 se
422 2019 496 2080 oiim
512 2021 552 2081 ad
574 2020 710 2099 Ligerim
729 2039 827 2100 usque
842 2038 879 2081 ac
903 2022 995 2101 proin
1014 2021 1171 2082 Glennam
1197 2038 1333 2082 montem
1351 2023 1628 2100 complectebatur.
1654 2022 1759 2085 Simili

56 2109 96 2162 de
111 2120 207 2163 causa
222 2104 308 2162 leeus
322 2103 506 2162 emortualis
521 2101 553 2162 S.
569 2101 719 2161 Florentii
735 2101 885 2162 statuitur
898 2104 937 2162 ab
952 2101 1023 2162 eliis
1038 2102 1067 2162 in
1085 2120 1167 2181 page
1183 2102 1386 2163 Pictaviensis
1403 2101 1575 2182 provincia,
1599 2121 1672 2183 pars
1694 2122 1760 2167 ma·

56 2200 120 2261 gna
135 2184 296 2262 quendam
314 2181 402 2260 regni
417 2181 604 2260 Aquitanis,
622 2182 756 2260 Ligerim
773 2199 900 2262 quoque
914 2183 1024 2243 eodem
1044 2182 1076 2242 in
1092 2190 1193 2243 tractu
1209 2183 1268 2245 eibi
1292 2183 1424 2244 limitem
1442 2182 1590 2255 habebnt,
1616 2190 1648 2245 et
1662 2185 1759 2247 (ilon-

57 2281 133 2322 nnm
150 2270 288 2324 mentem
303 2263 429 2341 aliaque
443 2263 512 2323 loce
535 2262 834 2341 comprehendebat,
850 2263 1022 2325 hodiedum
1051 2264 1240 2342 pertinentia
1253 2264 1293 2325 ad
1319 2266 1469 2326 ducatum
1485 2267 1757 2342 andegavensem.

59 2344 171 2422 ltaque
183 2344 342 2422 loquendo
354 2342 446 2421 juxta
461 2343 646 2404 hodiernam
662 2342 835 2404 dictionum
850 2343 1047 2416 divisionem,
1065 2344 1152 2404 locos
1167 2344 1350 2406 emortualis
1362 2345 1462 2406 sancti
1477 2344 1556 2406 situs
1570 2351 1617 2407 eat
1639 2345 1672 2406 in
1697 2347 1757 2408 du·

61 2432 134 2486 eatn
158 2423 387 2503 Andagavensi.
414 2426 515 2503 Lepon
542 2424 691 2502 temperis
714 2431 853 2485 ereetum
871 2424 929 2485 luit
953 2423 1069 2484 ibidem
1095 2447 1109 2479 ιι
1136 2425 1241 2485 nobile
1264 2425 1423 2504 quoddam
1449 2425 1640 2499 eoenebium,
1668 2426 1756 2489 ldens

60 2505 185 2567 Glonna
200 2505 374 2583 antiquitus
387 2511 604 2585 nuncupatum
620 2503 730 2583 (verba
744 2510 818 2566 sunt
832 2524 907 2567 mox
920 2504 1057 2566 laudatoe
1072 2504 1238 2582 Historia),
1257 2507 1343 2568 mirra
1358 2507 1612 2587 congregationis
1626 2512 1658 2567 et
1681 2509 1756 2587 pul·

60 2585 146 2647 ebrae
159 2585 334 2647 dilectionis
350 2586 551 2658 tormentum,
567 2585 670 2647 forma
691 2585 851 2668 religionis
879 2592 910 2647 et
925 2586 1021 2648 totius
1045 2586 1218 2647 honestetis
1233 2588 1424 2666 exemplum.
1450 2608 1465 2645 n
1484 2590 1709 2650 consecratum
1724 2586 1759 2650 id

60 2673 128 2726 erat
143 2667 244 2727 eidem
260 2672 379 2738 sancte,
397 2664 555 2745 hodieque
570 2666 663 2726 etiam
679 2670 716 2730 S.
732 2668 883 2730 Florentii
895 2676 976 2728 uetus
991 2676 1202 2746 nuncupatur,
1222 2672 1256 2727 nt
1270 2667 1483 2746 distinguatur
1496 2686 1516 2730 a
1531 2687 1613 2730 nove
1634 2668 1667 2730 S.
1685 2666 1758 2731 uto·

60 2747 151 2808 rentii
168 2748 319 2826 prceeiaro
337 2749 536 2818 monasterie,
555 2746 755 2827 postmodum
774 2766 870 2828 prope
885 2747 1067 2810 Salmurrrm
1082 2748 1235 2827 oppidem
1250 2748 1417 2809 aetiitleale.

99 2831 128 2888 2.
147 2829 243 2888 Juxta
259 2827 386 2888 modum
400 2829 466 2901 jnm
491 2829 666 2906 expositum
691 2827 736 2888 ita
751 2837 895 2890 sanetum
920 2828 980 2889 hec
994 2829 1044 2889 die
1070 2829 1236 2889 annuntiat
1260 2829 1443 2891 Usuerdns:
1463 2851 1478 2885 n
1503 2829 1538 2890 ln
1555 2846 1637 2908 pago
1654 2826 1759 2891 Pieta-

58 2907 155 2968 vienai
171 2908 272 2970 sarrcti
287 2908 434 2968 Florentii
451 2908 625 2987 presbyteri
642 2909 912 2970 stromensem..
930 2911 1022 2970 Hune
1038 2910 1149 2969 ducem
1167 2909 1176 2987 ι
1201 2911 1319 2970 namin
1343 2909 1573 2989 antiquioribus
1596 2910 1695 2971 sacris
1710 2916 1758 2973 tn-

58 2988 140 3049 bulis
155 2990 348 3050 Florentium
367 2994 507 3048 nestrum
524 2988 742 3066 consignatum
760 3008 821 3050 non
838 2989 952 3068 reperi)
967 2991 1066 3050 secuti
1081 2996 1155 3048 sunt
1171 2989 1318 3062 bellinus,
1334 2990 1522 3060 (laiseinins,
1547 2990 1701 3051 Beronius
1723 2990 1756 3053 in

56 3068 212 3130 hodierno
227 3073 373 3133 Romane
388 3087 425 3129 ac
442 3071 630 3129 recentiores
644 3069 709 3129 alii.
727 3069 840 3130 lisdem
858 3080 950 3148 plane
964 3069 1066 3131 verbis
1083 3076 1286 3139 memoratur,
1305 3077 1335 3130 el
1350 3071 1381 3129 in
1396 3071 1539 3131 Florario
1555 3077 1662 3130 nostro
1678 3087 1750 3145 ms„
1870 3066 1875 3077 “

56 3152 111 3211 aad
128 3151 306 3211 subduntur
320 3151 482 3227 sequentia
499 3167 506 3207 :
524 3171 539 3203 ι
568 3150 623 3209 ilie
650 3167 779 3226 puerum
797 3150 966 3228 quemdam
991 3152 1188 3210 submersum
1214 3150 1358 3226 precibus
1381 3149 1446 3209 suis
1460 3149 1533 3209 vitae
1561 3150 1707 3223 restituit,
1723 3156 1755 3212 et

57 3230 210 3292 miracula
227 3233 326 3291 multa
349 3232 496 3307 patravit,
523 3247 560 3289 ac
584 3236 708 3289 centnm
735 3247 812 3293 xxtn
827 3248 982 3290 annerum
1008 3229 1085 3290 obiit
1101 3248 1184 3290 anne
1208 3230 1319 3290 salotis
1334 3229 1403 3290 aee.
1430 3229 1631 3309 Maurolycus
1646 3236 1754 3293 tamen

56 3312 318 3387 Lugdunensibus
333 3317 474 3371 sanctum
490 3309 635 3370 attribuit
652 3329 659 3372 :
678 3334 693 3364 rr
712 3311 864 3390 Lugduni,
881 3311 995 3388 inquii,
1012 3313 1044 3373 S.
1064 3311 1214 3371 Florentii
1231 3311 1415 3390 presbyteri,
1432 3309 1487 3389 qui
1508 3311 1548 3370 ad
1572 3311 1675 3389 ripam
1702 3311 1753 3372 ti·
1867 3362 1871 3369 ,

56 3393 140 3470 geris
162 3412 303 3470 specum,
333 3391 448 3469 iugatis
471 3391 544 3451 inde
566 3391 777 3470 serpentibus,
803 3391 969 3464 habitavit,
992 3392 1195 3453 Constantino
1218 3390 1438 3471 imperante.»
1466 3393 1538 3451 llaee
1559 3390 1624 3465 ille,
1649 3398 1755 3453 metus

55 3472 266 3534 verisimiliter
281 3474 468 3533 auctoritate
492 3471 576 3532 Petri
599 3471 638 3533 de
654 3471 816 3534 balatibus
834 3474 888 3534 lib.
904 3491 968 3546 ιιιιι,
987 3491 1056 3550 cap.
1073 3475 1140 3542 illi,
1167 3472 1322 3533 dicentis:
1344 3495 1359 3528 ι
1384 3470 1560 3533 Florentius
1584 3471 1751 3552 presbyter

54 3550 162 3614 ileruit
175 3560 316 3633 tempere
330 3552 526 3615 Constantini
542 3551 776 3632 imperatoris...
793 3556 935 3634 sepnltus
949 3555 1033 3631 apud
1049 3553 1239 3629 Lugdunum
1258 3552 1418 3615 miraculis
1432 3552 1545 3614 clarus.
1563 3574 1578 3607 ιι

97 3636 126 3695 3.
144 3634 261 3696 Eadem
280 3635 385 3714 quoad
401 3633 572 3713 sepulturae
589 3634 690 3695 lecum
707 3633 871 3710 descripsit
885 3635 1071 3696 henedicrua
1092 3636 1242 3696 Genenus
1257 3634 1288 3694 in
1312 3633 1389 3694 Vitis
1404 3634 1534 3695 Patrem
1556 3628 1746 3705 Occidentis,

56 3733 130 3808 pag.
150 3718 206 3775 tet
224 3732 231 3775 :
249 3723 423 3792 saussayus
439 3722 542 3773 autem
564 3716 595 3773 in
622 3715 844 3794 ltartyrolegie
882 3715 1043 3776 Gallicano
1059 3716 1200 3775 eamdem
1226 3713 1407 3791 opinionem
1421 3712 1596 3794 amplexus,
1621 3728 1748 3774 causam

54 3811 184 3871 rnarrper
205 3795 330 3870 adjecit,
354 3813 410 3854 eur
432 3800 557 3854 sanctus
582 3795 768 3870 Lugdunum
798 3796 995 3861 concesserit.
1024 3795 1204 3873 ibidemque
1233 3794 1378 3855 obierit:
1407 3816 1423 3850 ιι
1451 3795 1607 3872 Lugduni,
1632 3791 1748 3872 inquit,

54 3875 86 3936 S.
107 3876 256 3936 Florentii
272 3875 457 3954 presbyteri,
480 3890 572 3953 quern
598 3883 669 3935 ertu
693 3876 920 3937 pictaviensem
936 3878 968 3936 S.
994 3874 1144 3936 ldartioua
1166 3875 1358 3937 consecrauit
1372 3875 1551 3936 eoeiestihus
1575 3873 1699 3937 indicia
1713 3889 1751 3936 ac

57 3954 217 4015 miraculis
231 3955 460 4032 conspicuum:
485 3974 504 4014 a
527 3973 590 4032 quo
605 3954 658 4015 ilie
679 3955 846 4029 divertens,
865 3975 903 4016 ne
923 3958 964 4016 ob
987 3964 1166 4036 susceptam
1182 3957 1277 4018 invite
1301 3957 1487 4038 dignitatem
1503 3956 1598 4017 decus
1621 3953 1752 4016 honoria

55 4037 244 4116 perciperet,
261 4037 291 4095 in
310 4030 412 4096 lecum
428 4053 446 4095 a
462 4034 638 4113 frequentia
652 4044 805 4096 semotum
824 4036 999 4111 prosiliens,
1017 4038 1056 4097 ad
1074 4038 1173 4099 Liltus
1188 4037 1304 4114 Ligeris
1320 4040 1414 4106 venit,
1433 4037 1487 4098 ubi
1502 4042 1569 4097 erat
1583 4036 1747 4114 spelunea,

53 4117 254 4194 serpentibus
270 4117 373 4194 plena,
392 4134 471 4193 qrres
486 4115 629 4176 eratione
646 4115 786 4193 iugarit3
805 4115 918 4195 hicque
933 4116 1106 4178 consistens
1118 4118 1198 4178 eoele
1214 4117 1345 4189 delirus,
1364 4117 1521 4196 precibus,
1544 4114 1685 4195 jejuniis,
1702 4116 1754 4174 ri·

56 4197 140 4275 giliis
153 4197 268 4257 Christi
280 4215 347 4258 sese
362 4198 482 4257 addixit
497 4196 666 4275 obsequiis.
683 4198 807 4257 Aleum
826 4215 970 4275 puerum,
986 4197 1077 4275 aquis
1094 4197 1179 4258 lluvii
1196 4202 1413 4275 prreiocatum,
1432 4199 1524 4258 matri
1538 4194 1683 4257 moerenti
1706 4192 1753 4254 si·

56 4295 129 4337 vurn
147 4278 342 4347 reddidisset,
358 4277 527 4339 veritusne
544 4278 616 4339 iacti
633 4279 716 4338 lama
730 4278 789 4339 sihi
812 4277 897 4352 vigili
911 4283 1036 4358 pareret
1060 4278 1334 4350 existimationem,
1350 4279 1487 4339 statione
1511 4275 1651 4348 dimissa,
1668 4276 1752 4355 Lng-

56 4358 175 4418 dunum
192 4362 231 4420 ad
247 4359 406 4419 latendum
422 4359 578 4420 contendit
593 4379 601 4420 z
619 4359 672 4420 ubi
687 4378 704 4420 e
718 4360 820 4421 stadie
837 4359 947 4421 mertis
962 4359 1131 4438 digressus,
1145 4367 1296 4420 aeternam
1321 4359 1360 4418 ad
1377 4357 1524 4437 patriam,
1548 4374 1644 4437 quam
1668 4354 1753 4441 quae·

55 4440 156 4510 rabat,
173 4459 191 4500 a
207 4460 343 4519 superne
361 4442 442 4519 linge
457 4449 606 4500 evocatus
620 4444 677 4510 est,
695 4438 781 4502 senio
797 4439 923 4520 quiriern
940 4440 1111 4512 coniectus,
1129 4446 1160 4499 at
1185 4439 1303 4499 meritis
1317 4438 1414 4518 (qued
1431 4438 1500 4516 ipse
1526 4435 1654 4497 nomine
1670 4452 1752 4514 praa·

55 4518 189 4600 larebat)
205 4523 295 4583 ualde
312 4520 426 4582 ilerena
442 4527 472 4582 et
487 4532 626 4582 ornatus.
645 4540 660 4578 ι
680 4523 766 4583 Unde
781 4539 818 4582 ea
834 4521 979 4583 didicerit
995 4522 1164 4600 Sausayus,
1183 4519 1264 4579 unde
1279 4537 1337 4580 sua
1354 4518 1492 4579 hauserit
1510 4520 1618 4578 Petrus
1633 4514 1672 4576 de
1687 4517 1752 4577 Na·
1836 4539 1841 4548 ·

55 4602 172 4662 talibus
188 4621 245 4680 pre
262 4601 461 4681 Lugdunensi
477 4601 613 4671 civitate,
632 4619 693 4661 non
709 4620 869 4681 assequor.
887 4602 1044 4679 Quidquid
1060 4604 1111 4672 sit,
1129 4602 1208 4660 sicut
1221 4618 1330 4660 eorum
1346 4599 1518 4660 aucteritas
1540 4594 1755 4658 verisimiliter

57 4682 124 4743 aisa
140 4701 200 4743 nen
217 4684 433 4744 estsutlleiens
447 4682 603 4760 'leophito
621 4682 805 4760 liaynaude,
822 4691 855 4744 ut
866 4684 898 4745 S.
917 4682 1075 4744 Florentio
1090 4682 1192 4741 lecum
1209 4682 1396 4742 concederet
1410 4680 1441 4741 in
1459 4678 1599 4740 indiculo
1624 4684 1755 4738 sancte·

57 4781 127 4823 rum
145 4763 412 4843 Lugdunensium,
435 4762 480 4822 ita
504 4762 594 4822 uobis
617 4781 680 4822 nen
702 4764 818 4824 sullleit
840 4770 876 4824 ut
890 4763 1025 4824 solidum
1048 4762 1179 4824 dubium
1195 4762 1368 4824 formemus
1390 4762 1429 4822 de
1443 4760 1576 4822 veritate
1599 4757 1755 4838 opposito

57 4846 232 4914 sententia,
250 4861 321 4923 quae
336 4850 367 4905 et
381 4843 558 4904 cummunis
572 4848 619 4903 est
634 4861 713 4921 pene
738 4843 891 4920 omnium,
908 4850 939 4906 et
953 4844 1073 4924 petiere
1097 4843 1286 4904 auctoritate
1300 4842 1449 4905 stabilita.
1473 4842 1562 4904 Adde
1586 4839 1672 4919 quod
1686 4839 1757 4918 ipae

58 4921 233 5004 saussayus
247 4928 287 4985 ad
303 4925 384 4985 diem
402 4929 420 4983 ι
436 4921 508 4984 Maii
522 4923 680 4985 tumulum
705 4926 738 4986 S.
755 4923 905 4988 utorenui
925 4924 958 4987 in
982 4923 1203 5006 andegavensi
1217 4925 1376 4987 territerio
1390 4923 1535 4999 collocet,
1552 4919 1593 4984 ad
1616 4934 1757 5001 eumque

56 5003 164 5064 nobile
178 5005 291 5066 exinde
306 5003 483 5067 coennbium
495 5003 684 5067 aedificatum
700 5004 795 5066 dieat.
1753 5060 1756 5065 .

95 5088 166 5145 4....
182 5085 354 5162 subjiciam
371 5084 436 5165 (88)
450 5084 522 5145 dein
538 5085 713 5162 elegantem
729 5083 875 5147 Marbedi
888 5083 1103 5147 archidiaconi
1118 5083 1353 5165 andegaven-is
1367 5082 1397 5144 in
1413 5083 1522 5146 eadem
1539 5085 1618 5144 hela
1632 5094 1756 5143 sermo·

55 5181 140 5236 nent,
157 5166 197 5225 ab
213 5166 348 5245 ipsemet
359 5175 488 5227 auctore
502 5164 553 5224 die
569 5169 648 5225 testo
663 5163 694 5225 S.
720 5165 868 5226 Florentii
890 5174 921 5227 et
935 5167 966 5227 in
982 5166 1114 5228 eeclesia
1137 5165 1348 5228 verrnmhher
1362 5165 1421 5244 ipsi
1446 5168 1630 5225 consecrata
1646 5160 1757 5223 recita·
1874 5200 1880 5207 -

56 5249 123 5304 tum
141 5261 149 5304 :
167 5247 196 5306 id
213 5246 330 5317 colligo
346 5267 383 5307 rx
400 5246 500 5326 prime
517 5245 585 5325 ejus
600 5246 742 5325 periodo,
759 5264 829 5326 qum
847 5254 918 5324 post
933 5247 1016 5308 hunc
1031 5247 1156 5308 titulum
1175 5264 1182 5306 :
1200 5271 1214 5302 ιι
1232 5248 1344 5326 incipit
1358 5264 1462 5307 sermo
1477 5244 1620 5306 ilarbedi
1644 5242 1675 5303 in
1701 5239 1753 5301 Vi·

56 5329 120 5384 tam
135 5329 167 5388 S.
184 5327 331 5387 Florentii
349 5326 546 5398 contessoris,
569 5350 584 5381 ιι
602 5329 647 5387 sic
671 5327 766 5388 habet
783 5347 790 5388 :
810 5351 824 5383 ιι
841 5330 876 5389 In
900 5331 1001 5390 sancti
1018 5327 1113 5406 hujus
1127 5327 1229 5388 Patris
1254 5329 1353 5389 nostri
1375 5324 1526 5388 Florentii
1541 5321 1754 5391 solemnitate,

57 5404 131 5466 licet
146 5408 214 5482 ejus
227 5407 396 5470 virtutibus
409 5408 604 5483 explicandis
618 5426 721 5470 sermo
738 5408 839 5470 tenuia
852 5428 1053 5489 nequaquam
1071 5408 1334 5489 poenitentemne,
1350 5427 1413 5469 nen
1429 5414 1534 5469 lamen
1549 5423 1586 5465 ex
1604 5411 1670 5464 tete
1684 5418 1758 5463 cen·

53 5486 143 5548 venit
158 5506 216 5549 nes
230 5487 333 5550 silere.
349 5512 364 5545 ιι
382 5488 562 5550 Describam
578 5507 650 5551 eure
666 5508 705 5551 ex
719 5488 834 5570 insigni
849 5491 955 5552 codice
972 5497 1080 5552 ueatre
1096 5508 1154 5552 ms.
1173 5490 1425 5564 membranaceo,
1444 5496 1508 5549 tam
1531 5483 1656 5565 antiqui
1678 5483 1757 5545 eha-

53 5568 199 5644 racteria,
215 5576 251 5634 nt
264 5569 439 5650 maioribus
452 5570 580 5644 nestris,
594 5570 649 5654 qai
663 5588 735 5635 eum
749 5570 923 5638 laudarunt
936 5587 973 5636 ac
987 5571 1202 5637 adhibuerunt
1216 5571 1385 5654 aliquoties
1398 5570 1431 5634 iu
1446 5584 1553 5653 opere,
1575 5565 1687 5669 merite
1709 5561 1760 5627 ri·

88 5691 144 5778 (ἃ)
159 5701 195 5766 ld·
207 5706 253 5767 ιιι
267 5706 335 5781 pert
348 5707 421 5770 ans
433 5702 465 5765 t.
480 5698 620 5768 rrsnset
634 5704 671 5767 ab
686 5707 805 5771 austere
819 5722 966 5787 anonyme
980 5704 1086 5770 aeduin
1098 5722 1128 5769 rx
1143 5676 1317 5783 oeamdpta,
1331 5719 1396 5782 gua
1409 5698 1574 5766 omldmne.
1587 5672 1671 5789 ansi

191 5822 321 5891 Parnon.
345 5823 475 5887 CLXXI.
1577 5820 1618 5882 5⁰
1741 5889 1748 5900 .
