3802 6030
147 278 241 350 ,tttt
666 261 851 328 Mannum
872 264 1113 328 senonensis
1135 266 1307 329 uersuum
1812 265 1868 326 1335

142 450 145 457 .
163 411 325 481 mergetur,
338 418 434 474 neque
448 399 610 457 vexabitur.
622 397 780 455 Pulchrum
796 394 991 470 quoiuetacit
1004 406 1030 464 Α
1044 398 1166 453 Sardiua
1188 398 1285 454 bonus
1308 402 1353 455 cst
1375 401 1520 471 portatus,
1549 412 1567 452 a
1600 395 1797 452 mulieribus
1814 413 1871 454 cna·

163 504 327 573 gestantem
344 498 374 549 et
389 490 503 547 tidelem
519 495 547 546 et
563 496 722 561 potentem,
738 495 767 542 et
781 488 880 543 omnia
899 486 990 558 peril·
1046 486 1114 542 bilia
1130 491 1184 543 est.
1199 486 1302 562 sculpe
1315 486 1345 544 in
1360 504 1394 545 so
1409 488 1528 544 vineam
1543 490 1575 544 et
1600 485 1644 542 ha
1655 485 1769 543 derum
1784 486 1873 543 insolu-

165 588 290 645 cientem
313 583 450 654 Sculpere
466 585 579 652 oportet
593 579 713 635 Martem
731 585 877 633 armatum
894 579 922 632 et
938 577 993 631 vir·
1046 582 1117 634 tam.

165 674 407 748 ginemstolatam
418 672 709 727 vcstecircumlusam
720 673 865 724 tenentem
876 669 990 722 laurum
1081 666 1265 740 onychinum
1281 669 1306 724 si
1320 668 1387 741 quis
1401 666 1551 737 babuerit,
1568 667 1682 724 uidens
1694 667 1833 724 visionem
1845 667 1874 724 iu·

169 780 313 840 perpetua
328 762 558 825 consecratione.
1045 759 1195 827 terpretari
1206 757 1322 816 valebit.

204 854 372 913 Aristoteles
388 853 417 908 ia
435 853 485 908 lib.
502 853 537 907 de
554 849 764 924 Lapidibosait
776 865 782 906 :
795 847 991 918 «Smaragdos
1081 846 1412 905 Coraeolusiacolluvel
1424 849 1517 922 digito
1527 849 1813 922 portatusmitigat
1822 849 1875 905 iren

168 944 373 1018 suspensusin
385 943 459 1000 collo
475 941 518 998 vel
536 950 668 1013 portatus
680 942 708 996 in
733 938 992 1012 digitodeleadita
1046 944 1075 994 at
1089 939 1317 997 contentionem.

169 1053 239 1094 casu
255 1035 402 1107 epilepsia
413 1038 560 1105 suspecta.
577 1054 591 1082 »
604 1030 686 1088 Unde
700 1032 875 1086 mandamus
891 1026 993 1083 nobili·
1081 1028 1191 1085 casteis
1207 1036 1292 1101 aptus
1308 1029 1432 1086 libertati
1448 1031 1517 1101 (37).
1529 1029 1614 1087 Nam
1633 1032 1692 1102 qui
1709 1046 1877 1087 consecrare·

170 1128 228 1184 bue
244 1130 276 1181 ut
291 1141 408 1196 semper
422 1123 496 1179 collo
508 1123 632 1177 filiarum
647 1137 768 1176 suorum
781 1119 991 1190 suspendatur,
1046 1119 1170 1185 riteum,
1185 1129 1213 1176 at
1228 1121 1453 1193 perfeceritqnae
1465 1123 1493 1178 ia
1511 1122 1632 1178 celleri
1647 1122 1768 1178 debent
1781 1121 1875 1177 omnim

172 1232 209 1274 ne
223 1216 253 1271 ln
268 1215 343 1271 hanc
362 1214 564 1269 infirmitatem
590 1209 729 1266 incidant.
754 1210 933 1280 smaragdus
955 1206 990 1262 ad
1047 1208 1217 1279 impetrabit
1232 1210 1404 1265 libertatem.
1421 1209 1543 1282 Oportet
1560 1218 1675 1268 autem
1695 1212 1742 1268 sic
1763 1213 1875 1284 particen

171 1323 288 1366 omnem
305 1305 512 1360 divinationem
529 1302 728 1373 probationem
742 1300 850 1369 habet;
866 1300 896 1355 in
912 1296 991 1355 omni
1048 1299 1180 1370 adeptum
1196 1298 1331 1371 lapidem.
1345 1300 1452 1372 Sculpe
1467 1302 1496 1356 ia
1509 1318 1548 1357 eo
1565 1303 1781 1369 scarabaeum,
1796 1301 1875 1356 deinde

170 1398 286 1468 negotio
303 1398 437 1467 portatus
448 1390 574 1465 adauget
588 1390 784 1448 substantiam
795 1395 954 1461 etcorpore
965 1391 995 1444 ei
1049 1390 1103 1446 sub
1120 1396 1218 1446 ventre
1230 1391 1294 1461 ejus
1311 1398 1434 1448 stantem
1448 1398 1553 1464 postea
1564 1392 1785 1464 protundatur
1798 1409 1823 1447 ta
1836 1390 1876 1447 lca·

170 1499 316 1541 sermone.
1048 1479 1221 1552 gitudinem,
1238 1485 1347 1536 etcum
1365 1498 1452 1538 aurea
1467 1482 1565 1537 llbula
1592 1491 1809 1543 consecratus.
1824 1480 1875 1536 etia

208 1573 327 1631 Sardlus
340 1572 443 1645 viginti
455 1570 555 1628 bordei
567 1586 727 1643 granorum
740 1570 854 1642 pondus
864 1574 993 1642 portans,
1048 1567 1112 1625 loco
1128 1577 1288 1642 preparato
1301 1577 1330 1626 et
1345 1578 1446 1628 oruata
1463 1571 1585 1645 positus
1604 1573 1762 1630 ostendet
1779 1570 1874 1646 glorian

175 1662 199 1722 si
215 1663 246 1720 in
266 1662 340 1720 collo
358 1663 446 1719 inerit
460 1677 624 1734 suspensus
638 1658 682 1717 ael
696 1660 726 1716 la
741 1659 833 1732 digito
850 1661 992 1730 portatus,
1049 1674 1137 1732 quarn
1153 1660 1179 1716 ei
1197 1664 1272 1716 Deus
1288 1662 1442 1718 concessit.

174 1768 231 1810 noa
246 1751 359 1809 videbit
372 1750 514 1807 terribilia
530 1767 579 1807 seu
600 1750 741 1806 timorosa
755 1749 787 1806 in
814 1747 949 1813 somniis,
964 1749 994 1803 et
1011 1777 1035 1842 B
1084 1746 1116 1804 ln
1128 1749 1246 1820 jaspide
1256 1766 1323 1821 ergo
1339 1750 1405 1807 tidei
1420 1748 1558 1808 viriditas
1569 1753 1775 1825 designatur.
1790 1753 1819 1808 ln
1831 1765 1874 1821 sap

172 1844 388 1901 incantationes
399 1848 428 1900 el
443 1841 584 1899 maleficia
601 1858 659 1898 aon
675 1841 800 1898 timebit.
1052 1837 1135 1910 phire
1151 1841 1212 1912 spei
1225 1840 1349 1897 coelestie
1360 1840 1504 1909 altitudo;
1516 1840 1549 1896 in
1568 1841 1772 1898 Chalcedone
1782 1842 1873 1897 damna

209 1932 412 2007 chrysolithus
425 1947 522 1990 omme
532 1948 627 2004 genus
638 1932 839 2005 serpentinum
856 1930 948 2002 lugat,
960 1927 998 1984 la·
1050 1930 1201 1985 charitatis
1221 1930 1343 1986 interme
1359 1931 1520 2002 liguratur:
1539 1932 1572 1987 in
1600 1934 1778 2004 smaragdo
1800 1938 1873 1986 auten

174 2023 221 2098 pis
238 2023 392 2094 spissuset
408 2022 522 2078 lucidus
537 2021 644 2077 similis
664 2038 745 2077 euro.
762 2019 814 2075 Hic
834 2020 998 2091 applicatus
1051 2017 1182 2090 ejusdam
1200 2020 1266 2076 ildei
1284 2020 1365 2076 lortis
1378 2021 1768 2079 interadsersncontcssio
1781 2040 1788 2078 :
1799 2022 1825 2077 in
1836 2036 1877 2075 ear·

174 2113 211 2168 ad
228 2129 359 2169 rasuram
370 2111 996 2183 auri‚lavutus‚phptecteriumtutamentum
1051 2108 1163 2182 donyce
1178 2118 1347 2166 sanctorum
1362 2110 1575 2167 intervirtutes
1592 2112 1769 2168 humilitas
1780 2112 1875 2180 staro

176 2200 213 2273 (s.
233 2197 996 2273 tulissimum)cstsdnocturnostimorea,traueje·
1051 2197 1099 2253 dio
1126 2201 1302 2254 reverendus
1331 2204 1490 2268 martyrum
1522 2216 1619 2257 cruor
1646 2197 1876 2271 exprimitorria

177 2288 999 2363 ctussettaasintnta,alligatustnsinistrabracntoda-
1051 2286 1314 2359 chrysolithovero
1338 2288 1594 2359 spiritualiainter
1624 2290 1742 2348 1686
1759 2286 1876 2346 miraruit

154 2422 157 2427 -
176 2383 278 2437 monia
292 2383 393 2439 vincit.
412 2382 461 2437 list
479 2383 555 2437 enim
572 2397 662 2454 snper
677 2381 750 2453 (35)
754 2417 997 2438 ......
1053 2378 1239 2449 praedicatio:
1257 2380 1284 2434 in
1304 2378 1661 2451 berpllo,prn·dicantium
1681 2384 1813 2453 perlecta
1826 2393 1877 2451 opt·

176 2473 207 2525 et
222 2471 331 2526 amoris
345 2477 372 2526 et
382 2469 516 2540 justitias.
535 2469 613 2525 Facit
626 2475 724 2524 alitem
738 2470 876 2525 advenam
897 2482 994 2522 soace-
1054 2469 1147 2524 ratio:
1164 2468 1192 2522 in
1210 2471 1323 2538 topazio
1338 2471 1507 2525 eorumdem
1526 2471 1645 2526 ardens
1666 2474 1879 2544 contemplata:

178 2565 272 2633 ptum,
284 2566 313 2614 et
324 2557 520 2631 eloquentem,
537 2565 566 2613 et
580 2560 739 2631 gratiosum
751 2564 780 2613 et
795 2555 948 2612 amabilem
961 2555 997 2612 ab
1053 2558 1082 2612 in
1097 2558 1289 2631 chrysopraso
1307 2560 1455 2614 beatorum
1469 2566 1646 2633 martyrum
1660 2577 1740 2634 opus
1755 2559 1878 2633 pariterat

160 2647 222 2705 -his
236 2648 285 2720 qui
301 2664 367 2702 eum
383 2646 637 2712 vident,etomnia
651 2646 675 2700 ei
691 2646 793 2718 aperit.
809 2645 825 2701 J
831 2651 898 2701 urat
908 2647 997 2701 etiam
1054 2651 1204 2717 premium
1219 2664 1227 2715 ;
1243 2648 1272 2702 in
1290 2647 1446 2721 hyacintho
1461 2647 1622 2705 doctorum
1643 2650 1778 2706 coelcstis
1793 2648 1828 2704 ad
1836 2646 1880 2703 alta

177 2736 213 2793 ad
231 2735 463 2806 indignationem
478 2733 641 2790 oculorum.
1053 2737 1216 2793 sublevatio
1232 2743 1261 2793 et
1276 2749 1393 2811 propter
1408 2739 1544 2794 intlrmos
1560 2738 1696 2795 humilis
1712 2740 1748 2796 ad
1764 2739 1880 2795 human

211 2822 344 2896 Beryllus
360 2821 434 2893 lepis
449 2829 494 2878 est
512 2839 637 2894 inagnus
652 2827 681 2878 et
697 2821 823 2880 lucidus.
839 2822 945 2895 Sculpe
968 2823 998 2879 in
1053 2827 1215 2882 descensio.
1232 2827 1264 2882 lo
1276 2830 1447 2899 amethysto
1462 2828 1596 2884 caelestis
1611 2844 1741 2901 semper
1767 2828 1879 2902 regnitc

176 2911 819 2985 eolocostammarinnmetsubpedibusejus
830 2913 999 2981 corniciam,
1054 2915 1211 2971 homilium
1228 2917 1327 2972 animo
1352 2917 1492 2972 memoria
1513 2917 1702 2990 designatur
1727 2920 1880 2991 (sperari

177 3010 208 3062 et
219 3004 636 3076 subgemmaponrberbinam
655 3005 846 3060 modicoaoro
856 3003 999 3060 inclusam
1054 3004 1100 3071 19)
1113 3006 1213 3078 ltaque
1229 3005 1337 3078 singuli
1350 3007 1461 3077 lapidas
1470 3009 1592 3078 pretiosi
1606 3010 1878 3083 singuliasuntlua·

177 3100 467 3166 consecratagrstato
479 3094 536 3165 (36)
548 3110 612 3149 essa
627 3093 693 3166 (36⁸)
706 3095 848 3150 malorum
865 3096 998 3150 omnium
1054 3095 1201 3151 dementis
1214 3098 1356 3165 deputati,
1371 3099 1440 3169 quia
1455 3097 1523 3151 licet
1545 3097 1611 3153 siat
1637 3115 1749 3154 omnes
1779 3095 1877 3171 perfert

176 3147 1342 3257 uictoremtacit,etadoculorumviticomnemvaletu·Cquibuscivitasltei
1375 3202 1478 3240 nomen
1500 3185 1529 3241 in
1563 3192 1672 3245 monte
1702 3194 1874 3253 sanctonas

179 3272 277 3332 dinem
295 3272 408 3340 tribuit,
423 3279 452 3328 et
466 3276 487 3327 st
505 3271 583 3328 hunc
598 3271 724 3344 lap²dem
742 3273 769 3328 iu
784 3289 860 3344 aqua
873 3274 998 3345 miseris,
1052 3278 1175 3329 ornatur
1189 3281 1276 3345 atqua
1301 3276 1451 3343 tundatur,
1475 3273 1649 3347 spiritualis
1672 3285 1777 3337 tamen
1792 3280 1872 3352 grati·

179 3369 208 3419 et
222 3364 258 3419 de
271 3379 346 3434 aqua
361 3361 410 3418 illa
427 3369 526 3434 potum
540 3363 667 3429 dederis,
683 3369 796 3435 raptum
813 3363 949 3434 spiritum
966 3377 999 3418 an
1053 3368 1124 3419 sunt
1142 3361 1207 3419 luce
1228 3362 1384 3435 fulgentes.

177 3452 374 3525 suspiriosum
387 3452 512 3516 sanabit,
523 3459 552 3507 et
563 3454 598 3506 ab
610 3451 725 3523 hepatis
739 3451 837 3508 dolore
852 3450 998 3509 liberabit.
1088 3449 1297 3522 Sabaepuamlur
1310 3452 1410 3508 rteinde
1421 3455 1560 3509 sexdecim
1576 3470 1681 3513 uersas
1696 3457 1789 3514 ueteri
1805 3455 1872 3514 Galli·

133 3543 136 3548 '
180 3538 266 3598 Utilis
281 3549 327 3596 est
342 3545 485 3611 portatus,
501 3547 530 3595 et
545 3541 595 3613 qui
619 3539 696 3595 hunc
711 3540 838 3610 lapidem
865 3554 1000 3612 superse
1052 3524 1228 3607 ‘mmm
1247 3528 1872 3602 “idemmilliiss‘wrl'l'tmiffiflm

178 3630 326 3694 habuerit,
342 3636 445 3684 contra
458 3629 593 3684 inimiros
608 3629 755 3684 dimicans
770 3629 862 3685 vietor
885 3632 999 3686 existet.
1052 3608 1113 3652 ⁸⁸⁰²

180 3716 329 3774 Invenitur
343 3717 372 3773 in
388 3718 471 3774 India
488 3717 592 3773 similis
606 3717 778 3789 smaragdo,
794 3718 845 3774 sed
862 3735 928 3774 cnm
939 3717 999 3792 pal·
1123 3702 1161 3788 ¹⁶²:
1174 3712 1238 3757 ΨΜ
1253 3718 1338 3758 ’mm‘
1352 3705 1390 3760 ¹⁶⁵
1404 3703 1472 3760 Μ
1485 3704 1578 3764 'litim

179 3803 252 3863 lore·
1123 3772 1159 3830 lit
1173 3785 1233 3830 aeirt
1248 3784 1342 3856 taliaes
1357 3793 1388 3866 m
1402 3778 1462 3844 plns
1475 3777 1584 3860 clirres,

215 3894 358 3966 'lopezius
369 3910 437 3951 cum
452 3893 489 3950 eb
505 3893 604 3968 aliquo
620 3895 706 3953 luerit
717 3896 1001 3970 deportatus.aullus
1123 3847 1622 3988 'gmjffl'‘gg'rdssss‘fggog'ggrge3

179 3985 204 4042 ei
222 4001 325 4041 nocere
341 3985 447 4058 poterit
470 3984 619 4042 inimicus.
646 3988 703 4042 lloc
727 3987 762 4043 ad
789 3985 1000 4045 malellciorum
1125 3988 1342 4058 crisolitllrrit,
1358 3991 1501 4061 clepone:

179 4074 359 4132 aversionem
376 4074 482 4130 babere
496 4074 524 4129 in
540 4073 641 4132 1686
659 4075 746 4131 domo
761 4076 871 4132 bonum
887 4081 941 4132 est.
1125 4060 1276 4142 Ctimeni&
1296 4063 1395 4125 tuerat.
1410 4078 1425 4117 θ
1439 4064 1592 4120 milite-⁶

212 4162 1000 4236 lacintbumsiquisbebueritincollosuspensumvelin
1123 4131 1260 4259 ss‘ss‘u'm
1274 4150 1348 4244 ”sm
1363 4141 1469 4202 ''m‘'
1483 4134 1591 4206 ΜΨ*

178 4251 409 4324 digito‚siintret
420 4252 449 4306 in
464 4252 610 4323 regionem
621 4251 787 4324 pestiferam
800 4271 856 4311 non
869 4254 998 4327 ludetur,
1125 4215 1344 4332 Τὲιςξῖηῗιςὲξῖικι
1353 4220 1533 4349 goerisgggreek,

178 4344 229 4398 sed
245 4343 342 4416 potius
355 4343 391 4398 ab
405 4342 543 4398 omnibus
559 4342 790 4409 honorabitur,et
805 4345 868 4416 ejus
882 4346 998 4418 petitio·
1125 4345 1206 4403 tinto
1222 4364 1299 4405 ornes
1314 4346 1411 4420 fipare,

177 4447 229 4488 nes
243 4430 494 4505 adimplebuntur.
1124 4417 1158 4473 lii
1172 4437 1188 4473 o
1204 4420 1260 4474 Dea
1275 4422 1369 4476 ealdre
1382 4420 1479 4490 serrir,

212 4522 413 4594 amethystus,
425 4520 449 4576 si
461 4537 537 4593 aqua
551 4520 707 4589 lanstanet
720 4520 812 4579 sterili
829 4522 943 4580 mulieri
954 4524 1000 4580 de·
1013 4477 1036 4544 D
1123 4489 1357 4619 fflfflss‘ffi
1368 4490 1599 4634 igssfffflw'

178 4615 236 4677 tur,
252 4613 393 4667 continuo
408 4610 560 4682 concipiet·
1122 4632 1144 4687 3
1157 4633 1184 4687 el
1197 4634 1362 4704 [autument
1376 4635 1439 4691 bien
1453 4605 1538 4702 aliod,

214 4700 339 4756 Achates
351 4699 502 4756 mulierem
519 4699 683 4756 abortivum
695 4699 852 4757 habentem
868 4701 996 4774 adjuvat,
1123 4705 1165 4759 En
1180 4712 1270 4760 visiun
1286 4716 1320 4763 rte
1333 4709 1397 4776 pais
1411 4721 1550 4778 reposera,

177 4789 277 4846 etrite
292 4789 390 4862 egredi
405 4791 491 4860 cogit.
704 4872 707 4877 Ι
1029 4869 1031 4873 7
1107 4775 1162 4874 'En
1179 4777 1268 4873 lugud
1283 4777 1370 4874 senfin
1379 4781 1441 4851 joir
1453 4794 1552 4852 porra.
1650 4866 1653 4870 g

178 5021 185 5036 ι
213 4949 279 5034 (33)
294 4968 309 5006 e
322 4953 379 5010 eni.
396 4968 462 5026 sup.
480 4951 556 5026 ipam
573 4952 602 5026 qi
617 4952 677 5009 aris
692 4952 849 5012 estacul'l.
861 4956 997 5014 americi
1054 4959 1098 5015 tiis
1113 4962 1273 5019 accurrerit
1287 4981 1351 5038 que
1375 4965 1409 5020 ad
1428 4963 1559 5021 auctoris
1582 4982 1720 5031 sensum
1738 4977 1876 5035 accederet

172 5033 304 5094 ¹iusticie.
1053 5031 1211 5090 maluimus
1227 5036 1277 5091 illa
1292 5035 1431 5108 graphice
1446 5038 1576 5109 tigurala
1590 5041 1682 5111 sieut
1694 5055 1728 5103 et
1744 5052 1877 5106 ducante

212 5094 270 5190 (36)
282 5113 317 5188 τ)
330 5095 427 5165 caing.
471 5168 476 5179 ἢ
1052 5108 1206 5176 sequentia
1221 5108 1373 5192 sagacitati
1388 5108 1504 5166 lectoris
1522 5108 1876 5195 renumerationem

209 5167 256 5237 (36
270 5170 358 5239 thum
370 5166 793 5226 emultishorumcaracterum
803 5173 832 5225 et
844 5170 998 5230 verborum
1052 5192 1110 5233 non
1128 5179 1275 5236 intellecta
1287 5181 1443 5308 subgrcers.

173 5236 536 5322 interpretationibuequra
547 5243 859 5326 cataperitioriliuein
876 5245 1000 5302 bisdiai·
1087 5247 1145 5321 (37)
1160 5249 1208 5307 Sin
1222 5260 1321 5308 exacte
1349 5268 1367 5308 u
1382 5251 1447 5326 ipso
1462 5268 1519 5308 ms.

173 5311 292 5380 nendts,
308 5321 383 5367 outa
398 5313 482 5367 nubis
500 5319 657 5386 potuerunt
671 5321 839 5386 excogitari,
853 5317 935 5373 nulla
951 5334 1011 5375 no·.
1026 5362 1030 5369 .
