3802 6030
47 229 123 293 irai
792 230 1003 295 rersroua.
1678 200 1757 304 aaa

44 386 138 447 quem
155 366 296 428 libellum
313 385 331 427 a
346 367 498 430 ltlorbodo
513 367 790 445 addiscipulorum
816 368 1032 432 eruditionem
1048 371 1256 449 compositum
1285 371 1379 432 tuisse
1402 372 1565 449 probabile
1590 380 1648 447 est,
1678 375 1754 438 dum

45 450 207 527 Andegavi
227 450 348 528 publice
361 452 560 521 protlteretur
574 449 800 527 eloquentiam,
818 456 849 510 et
861 451 952 530 lunge
977 459 1145 530 antequam
1171 453 1379 529 inauguratus
1396 455 1505 515 luisset
1518 458 1697 532 episeopus.
1717 459 1753 520 ln

46 531 220 608 exemplari
238 549 330 608 porro
349 532 524 591 ltedooensi
540 530 607 591 sola
624 539 852 608 praeceptorum
868 534 1011 609 exenrpla
1024 533 1151 593 metrice
1163 534 1414 612 proterebantur.
1429 554 1489 594 uon
1508 537 1573 615 ipsa
1593 548 1753 618 prraecepta

47 612 386 690 qrraeernanuscriptia
415 611 644 686 Aridegavenei.
684 611 934 683 Gemmerlcensi,
962 615 1104 673 ltecceusl
1135 621 1166 673 ct
1193 616 1380 683 Turonensi,
1398 618 1450 690 qiu
1473 621 1563 675 1111111
1580 638 1616 677 ex
1634 621 1752 696 insigni

46 691 152 753 Sancti
169 692 294 752 Gatiuni
310 693 441 752 ecclesia
464 693 591 752 ultimus
607 691 730 768 obtigit.
744 693 890 770 supplere
905 694 1095 753 curavimus.
1114 695 1204 754 Hunc
1219 705 1323 754 autem
1351 696 1441 755 uobis
1458 698 1591 757 libenter
1605 718 1751 759 eommo-

44 773 120 832 dare
136 772 284 847 dignatus
303 780 350 833 est
367 773 405 833 cl.
425 776 459 834 1).
476 776 650 835 [lavannes.
667 774 778 832 doctor
795 774 995 847 sorbonicus,
1013 775 1152 848 ejusdem
1173 779 1384 850 metropoleos
1400 778 1569 836 canonicus
1586 786 1616 838 et
1634 780 1750 840 biblio-

45 852 213 921 thecarius,
233 853 279 911 vir
296 854 384 913 bonis
396 852 506 913 litteris
523 851 744 930 promovendis
761 860 863 921 natus,
883 857 1040 913 mediante
1065 863 1171 914 nostro
1186 858 1222 916 D.
1255 857 1419 916 Erlruundo
1450 859 1604 924 Murteae..
1620 878 1657 919 ex
1685 880 1749 938 qiro

46 931 201 993 nonnulla
216 952 276 993 non
293 935 523 994 contemnenda
539 933 734 1011 collegimus,
752 952 823 1012 quae
846 934 877 992 iu
906 934 976 993 aliis
992 935 1212 1012 manuscriptis
1239 955 1298 995 nou
1319 938 1507 1000 videramus.
1540 940 1629 999 verbi
1647 942 1751 1013 gratia

45 1011 241 1090 epitaphium
261 1013 398 1077 maaistri
417 1015 593 1083 Laniranci,
610 1014 804 1092 epitaphium
825 1014 961 1074 anselmi
981 1017 1194 1075 laudunensis
1207 1017 1358 1091 magistri,
1377 1036 1482 1076 versus
1498 1018 1629 1098 Sibyllae
1647 1022 1684 1079 de
1700 1022 1751 1083 dio

44 1093 205 1163 ludicii,et
221 1093 282 1152 alia
299 1093 831 1173 pluraetprolixa,quaehucusque
847 1094 1749 1174 1111ῑὶ1111111111111111111111111111111111111111111111111111.

85 1175 293 1235 lntercaetera
310 1183 414 1235 autem
430 1176 574 1237 Marbodi
585 1176 748 1254 opuscula.
767 1194 882 1253 magno
897 1193 1021 1254 semper
1035 1176 1118 1254 apud
1136 1176 1289 1236 litteratos
1312 1177 1341 1236 iu
1355 1179 1454 1255 pretio
1480 1179 1538 1238 11111
1555 1180 1632 1239 liber
1644 1186 1687 1242 De
1702 1200 1750 1242 se-

48 1255 176 1329 xaginta
192 1254 376 1332 gemuisseu
395 1256 519 1334 lapillis,
538 1258 677 1334 quicum
694 1257 815 1315 catoris
831 1259 860 1314 in
876 1257 1013 1316 editione
1029 1256 1204 1316 lledonensi
1220 1257 1277 1316 sub
1294 1257 1362 1333 ejus
1385 1257 1509 1317 nornine
1533 1261 1647 1335 prodiit
1666 1280 1751 1323 auno

48 1339 138 1405 lost,
155 1340 185 1395 ct
200 1354 292 1412 qrrem
308 1336 403 1413 paulo
419 1345 500 1415 post,
516 1355 599 1399 anno
613 1337 731 1396 scilicet
748 1335 836 1413 1531,
853 1337 1007 1398 Pictorios
1030 1338 1220 1415 Willigen-is
1239 1338 1302 1397 suis
1331 1338 1458 1397 scholiis
1480 1340 1625 1419 ilriburgi
1642 1343 1749 1422 erlitis,

47 1423 78 1478 et
92 1434 177 1476 anno
194 1415 271 1477 1539
287 1418 419 1476 alardus
436 1416 734 1478 amstelodamensis
749 1417 813 1476 suia
826 1418 1060 1478 commentariis
1076 1418 1255 1478 illustravit.
1276 1421 1362 1478 llunc
1379 1437 1451 1477 vero
1468 1420 1497 1477 in
1512 1422 1750 1500 manuscriptis,

49 1515 128 1576 qnos
144 1496 232 1556 uobis
249 1496 352 1557 videre
369 1498 467 1568 licuit,
493 1499 537 1559 ita
553 1499 750 1558 uniformiter
770 1498 925 1559 Marbovlo
941 1499 1159 1578 andegavensi
1187 1501 1336 1576 episcopo
1367 1500 1519 1559 tributum
1549 1501 1699 1576 vidimus,
1719 1508 1753 1565 ut

48 1596 111 1640 non
129 1577 330 1637 mediocriter
346 1578 449 1637 mirati
465 1579 563 1638 simus
586 1578 833 1638 eruditissimum
860 1579 1026 1638 Morerium
1056 1579 1152 1638 alirrm
1173 1580 1375 1651 Mar-bodam,
1399 1581 1665 1660 necepiscopum,
1693 1602 1751 1645 nec

48 1656 319 1736 Andagavcnsem
336 1660 389 1718 sed
407 1659 506 1719 civem
524 1663 790 1720 Cenomanensem
807 1658 878 1718 libri
901 1659 984 1718 illius
999 1667 1160 1720 auctorem
1177 1662 1367 1735 designasse.

88 1738 165 1799 Gom
183 1738 300 1797 veroid
318 1739 1210 1817 sineprobaiioneasseruerit,maniisaapmrumadstet
1242 1740 1340 1800 veteri
1365 1739 1496 1801 editioni
1525 1742 1615 1801 nobis
1644 1742 1749 1806 adhva·

49 1819 182 1879 rendum
200 1819 292 1879 luisse
308 1819 466 1889 duximus,
485 1822 655 1892 prasertim
673 1838 747 1881 vero
762 1821 977 1898 manuscripto
993 1821 1105 1898 insigni
1118 1820 1221 1880 Sancti
1239 1821 1380 1891 Victoris,
1400 1840 1504 1883 coaevo
1520 1832 1570 1882 aut
1592 1824 1654 1884 iere
1669 1844 1751 1886 cirea·

50 1918 102 1966 vo,
121 1900 173 1977 qrri
190 1900 277 1959 illum
294 1900 408 1960 11111111
423 1903 570 1978 episeopo
586 1900 803 1981 andegavensi
824 1901 942 1971 tribuit,
975 1909 1005 1961 et
1022 1903 1073 1961 ubi
1091 1920 1151 1962 non
1169 1902 1269 1961 solum
1289 1902 1415 1962 latinus
1432 1908 1535 1962 textus
1551 1904 1676 1974 legitur,
1694 1906 1748 1966 sed

48 1981 142 2041 etiam
159 1979 227 2055 ejus
239 1980 355 2041 Gallico
371 1982 600 2058 interpretatio,
614 1989 649 2043 ut
667 1982 835 2058 plurimum
852 1981 941 2059 qnasi
958 1984 1100 2042 deversa
1118 1984 1157 2041 ad
1179 2000 1313 2048 versum,
1330 1984 1382 2042 aed
1407 1984 1459 2042 illo
1481 1984 1611 2062 antiquo
1627 1987 1746 2046 Gallico

49 2060 200 2122 idiomate
215 2061 299 2140 qnod
316 2070 388 2122 tunc
405 2062 487 2138 apud
506 2062 640 2138 maiores
664 2070 787 2123 nostros
814 2068 881 2121 erat
909 2061 939 2121 in
959 2082 1027 2130 risu,
1044 2071 1073 2121 et
1090 2063 1139 2123 cui
1155 2064 1248 2123 etiam
1265 2062 1429 2141 subjicitur
1446 2062 1585 2138 ejusdem
1604 2065 1746 2126 llarbodi

49 2141 213 2213 ingeniosa
227 2141 379 2220 cujusque
397 2143 508 2220 lapidis
521 2151 552 2204 et
567 2144 690 2204 virtutis
705 2144 773 2211 eius
788 2142 826 2200 ad
845 2160 947 2203 morea
962 2144 1143 2220 applicatio,
1172 2160 1267 2221 quam
1283 2144 1314 2202 in
1338 2145 1395 2204 hoc
1406 2146 1473 2203 solo
1490 2145 1650 2206 Victorino
1678 2164 1744 2206 ma·

48 2223 219 2299 nuscripto,
238 2241 294 2282 nec
312 2242 443 2301 risquam
461 2224 490 2281 in
516 2224 581 2285 ullo
596 2224 658 2286 alio
672 2224 860 2285 vidimusllt
875 2224 1000 2302 quidem
1017 2223 1111 2297 hujus
1126 2225 1391 2302 interpretationis
1408 2225 1525 2300 [11111111
1537 2232 1658 2285 tantum
1674 2245 1745 2287 ver·

47 2320 111 2370 sus,
128 2303 216 2379 quasi
233 2304 270 2364 ad
287 2303 370 2362 iltius
382 2305 437 2365 aevi
454 2305 612 2365 idiomatis
627 2305 784 2383 specimen
811 2304 903 2364 cdere
919 2305 1008 2364 nobis
1037 2323 1124 2364 mens
1139 2304 1253 2374 inerat,
1268 2322 1377 2364 veram
1397 2306 1532 2379 plurium
1549 2307 1745 2381 antiquitatis

47 2384 259 2444 studiosorum
277 2384 408 2444 consilio
424 2385 511 2455 moti,
528 2386 614 2446 illam
631 2404 669 2446 ex
684 2386 807 2462 integro
831 2402 847 2444 e
862 2382 990 2461 regione
1001 2386 1287 2463 representantem
1305 2386 1492 2462 enauimus,
1507 2391 1744 2448 last-1882

46 2481 142 2541 quam
159 2464 220 2543 ipsi
236 2465 321 2525 velut
335 2465 550 2527 authenticum
567 2466 809 2546 antiquatae
832 2463 992 2539 obsoletae,
1019 2465 1186 2527 locutionis
1200 2465 1427 2526 monimentum
1456 2467 1633 2545 posteritati
1644 2467 1747 2529 cousi·

45 2546 206 2623 gnandum
222 2545 491 2607 existimaverunt.

86 2625 282 2701 supradictis
298 2628 391 2686 etlam
409 2627 587 2687 addidimus
601 2627 769 2689 nonnullas
798 2638 978 2694 sanctorum
1008 2626 1128 2686 Vitasa
1153 2624 1302 2687 llarbodo
1333 2646 1425 2705 prosa
1439 2626 1550 2700 editas,
1571 2634 1603 2689 et
1618 2648 1636 2690 a
1652 2628 1745 2690 variis

44 2706 227 2767 auctoribus
242 2708 396 2784 vulgatas,
411 2726 448 2768 ea
465 2708 579 2786 quibus
594 2709 691 2769 solers
702 2709 800 2774 lector
815 2713 935 2790 liquido
951 2708 1125 2785 perspicere
1141 2708 1255 2786 poterit
1270 2708 1370 2783 ipsum
1399 2727 1459 2767 nou
1478 2709 1580 2769 minus
1595 2710 1745 2771 orationis

44 2785 157 2847 solertes
173 2806 266 2864 quam
284 2787 400 2849 strictae
417 2790 562 2867 peritum,
578 2808 634 2850 nec
650 2790 694 2850 illi
710 2790 866 2854 immerito
880 2789 1031 2854 tributum
1047 2787 1157 2865 famosi
1171 2798 1198 2849 et
1213 2788 1445 2848 nominatissimi
1455 2791 1743 2870 uinprstrititulnm,

45 2885 109 2947 qun
130 2868 217 2927 illum
234 2868 390 2946 encyclica
407 2871 647 2948 andegavorum
666 2874 892 2936 monachorum
908 2875 946 2932 de
961 2871 1028 2945 ejus
1045 2869 1131 2928 obitu
1148 2870 1283 2945 epistola
1298 2871 1468 2931 decoravit.

84 2947 192 3021 Qualis
207 2966 279 3007 vern
294 2956 325 3008 et
340 2957 477 3025 quantus
488 2950 581 3012 luerit
592 2951 773 3026 Marbodns,
789 2973 806 3015 a
823 2953 966 3033 pluribus
982 2948 1139 3027 praecipue
1151 2949 1376 3026 diplomatibus
1395 2953 1424 3008 in
1441 2948 1570 3010 archivo
1587 2957 1745 3012 monaste·

44 3027 81 3097 rii
97 3027 203 3089 Sancti
220 3029 323 3089 Albini
344 3031 577 3108 studegavensis
601 3036 768 3094 asservatis
797 3035 904 3113 liquet.
936 3048 1071 3108 quaerum
1098 3029 1220 3107 copiam
1241 3030 1329 3088 1101111
1358 3031 1745 3102 111111111111111111111111118

43 3117 151 3169 noster
168 3110 201 3170 11.
220 3111 254 3168 Ρ.
268 3110 304 3168 D.
322 3112 433 3170 Petrus
448 3111 728 3186 Cosson,ejusdem
747 3113 926 3176 monasterii
941 3109 1097 3187 subprior,
1107 3117 1175 3187 post
1191 3110 1743 3187 diligentissimametexactissimam

43 3189 169 3251 illorum
186 3189 422 3250 discussionem.
441 3193 485 3252 Ex
502 3192 668 3252 bisantem
698 3195 850 3257 evincitur
879 3196 981 3274 ipsum
1012 3191 1198 3249 illarbodum
1227 3190 1258 3248 in
1280 3189 1496 3267 hrrdegaveusi
1514 3191 1745 3262 e‹›mi<atu‚vet

45 3271 139 3331 etiam
156 3272 186 3328 in
204 3271 272 3347 ipsa
288 3272 363 3330 urbe
378 3273 594 3349 andegavensi
609 3272 694 3334 clara
709 3284 826 3345 ortum,
855 3274 964 3351 etjam
983 3280 1056 3330 tunc
1073 3287 1238 3329 numerosa
1255 3269 1384 3330 familia.
1402 3270 1489 3341 Ound
1508 3278 1593 3348 patet
1608 3290 1645 3330 ex
1661 3270 1744 3331 anti·

43 3370 106 3427 quo
117 3351 290 3429 diplomate
306 3370 369 3429 quo
382 3352 535 3413 liebertus
550 3352 756 3426 pelliciarius,
772 3356 874 3417 dictus
888 3355 984 3416 etiarn
996 3350 1026 3410 in
1048 3352 1110 3411 alio
1126 3351 1298 3426 diplomate
1317 3352 1579 3421 Paramentnrius‚
1597 3351 1745 3414 Marbodi

44 3439 146 3509 paler,
164 3437 314 3503 presente
331 3452 427 3493 uxore
443 3452 511 3509 sua,
523 3452 593 3494 crim
611 3434 733 3494 duobus
749 3436 819 3496 liliis
843 3438 908 3497 suis
925 3438 1055 3507 llugone
1083 3438 1113 3490 el
1127 3433 1305 3501 8111111018,
1323 3449 1394 3491 1311111
1425 3431 1744 3508 111111118101111111111

43 3510 120 3584 suia,
138 3511 237 3586 iisque
252 3513 474 3581 annuentibus,
487 3514 565 3575 cedit
584 3516 746 3576 monachis
760 3517 866 3577 Sancti
882 3514 985 3576 Albini
996 3512 1164 3590 quemdam
1182 3512 1363 3571 descensum
1381 3530 1481 3583 aqirae,
1496 3512 1552 3571 sub
1568 3512 1744 3573 certiacon·

42 3591 214 3652 ditionibus
233 3611 240 3665 ;
258 3593 308 3653 eui
324 3595 455 3653 cessioni
472 3613 541 3654 cum
560 3595 728 3657 blarbodus
744 3606 818 3657 nutu
837 3597 938 3657 minor
967 3612 1027 3653 non
1054 3593 1253 3661 interfuisset,
1286 3593 1385 3670 major
1401 3591 1514 3664 factus,
1538 3592 1624 3653 illam
1642 3600 1743 3653 ratam

43 3669 151 3731 habel.
169 3671 244 3746 Ejus
261 3692 353 3749 porro
370 3675 496 3735 lamiliae
514 3674 707 3736 nobili¹atem
733 3677 864 3738 innuere
879 3676 1003 3737 videtur
1019 3673 1162 3752 Ulg··rius
1177 3675 1344 3754 episcopus
1361 3675 1607 3753 Andegavcnsis,
1624 3693 1695 3736 cum
1711 3674 1744 3734 in

42 3750 113 3832 ejus
128 3752 231 3829 elogio
244 3754 377 3825 lunetiri,
395 3755 479 3833 quod
494 3755 574 3814 inira
590 3755 745 3826 dabimus,
758 3759 976 3839 asseritquod.

282 3832 380 3895 Notas
394 3846 467 3905 erat,
485 3854 610 3916 priorem
625 3840 709 3898 decus
722 3852 788 3900 erat
800 3838 1043 3917 Anilepaurvm.

83 3911 169 3974 Licet
185 3919 290 3974 autem
307 3933 344 3976 ex
360 3916 427 3992 ipso
442 3915 603 3987 llarbodo,
621 3917 675 3993 qui
697 3936 716 3978 a
740 3918 929 3994 juvenilibus
944 3917 1080 3977 arruisse
1095 3919 1159 3977 Deo
1174 3921 1204 3975 et
1229 3914 1375 3978 Ecclesiae
1392 3915 1595 3992 mancipavit,
1611 3915 1744 3991 1111111-

43 3992 140 4055 miliae
157 4013 218 4053 non
237 3995 328 4055 luerit
342 4002 410 4055 orta
428 3996 603 4076 progenies,
620 3997 661 4057 nil
678 3999 782 4061 obstat
797 4000 872 4075 quin
888 4017 906 4060 e
921 3997 1068 4058 iratribus
1083 3996 1150 4077 ejus
1166 3999 1295 4073 llugone
1309 4002 1338 4053 et
1354 3996 1521 4057 Salomone
1538 3997 1623 4056 laicis
1639 3998 1744 4074 plures

46 4079 139 4134 natos
155 4074 270 4136 liberos
286 4076 496 4152 opinemur,e
521 4077 635 4155 quibus
663 4097 771 4140 coriam
797 4089 974 4159 propagata
1000 4077 1092 4138 luerit
1116 4095 1283 4137 numerosa
1298 4075 1428 4147 familia,
1446 4095 1516 4153 qrrae
1532 4077 1572 4135 oh
1589 4077 1743 4154 insignem

38 4155 183 4217 Marbodi
197 4157 553 4221 tamamMarbodorum
565 4157 775 4239 potiusquam
786 4160 1030 4222 eellieiaaoruru
1044 4178 1059 4215 e
1072 4158 1221 4219 iratribus
1237 4158 1315 4216 111111
1330 4156 1469 4215 obscuris
1480 4156 1741 4219 riomiueclaruit.

81 4237 115 4295 El
133 4238 255 4297 certesi
273 4256 405 4297 noanon
423 4238 988 4320 fefellitconjectura,quaepistolam
1018 4240 1056 4300 35
1073 4238 1127 4299 lib.
1143 4255 1165 4300 11
1194 4237 1398 4316 epistolarum
1424 4235 1598 4298 Hil·leberti
1619 4236 1743 4312 abipso

41 4317 235 4383 coniecimus
250 4317 398 4378 directam
417 4319 510 4379 luisse
526 4320 687 4391 litarbodo,
707 4340 769 4382 nou
786 4322 912 4400 quidem
928 4323 1087 4399 episcopo,
1104 4319 1156 4377 sed
1169 4325 1244 4377 tirnc
1261 4325 1381 4378 tantum
1398 4316 1551 4377 canonico
1561 4322 1637 4396 {qua
1652 4315 1742 4377 illum

41 4393 194 4459 divinitate
206 4406 350 4458 ornatum
369 4400 1047 4465 11111111111111118111111111111111011111
1068 4397 1242 4461 Christiano
1271 4397 1309 4458 ad
1327 4398 1507 4465 Eusebium,
1526 4399 1610 4474 quud
1637 4395 1744 4476 etalii)

41 4473 173 4545 liquebit
189 4478 250 4552 jam
264 4488 338 4539 tunc
355 4479 498 4540 Marbodi
514 4481 666 4542 familiam
680 4483 773 4545 irrisae
790 4483 1071 4544 nominatissimam
1090 4480 1278 4558 ;siquidem,
1298 4484 1330 4536 ut
1345 4479 1374 4537 in
1391 4477 1446 4536 illa
1461 4478 1595 4554 epistola
1609 4483 1743 4536 testatur

41 4555 254 4635 Hildebertus,
284 4560 443 4621 canrrniris
472 4562 760 4638 audegavensibus,
778 4587 792 4619 a
809 4564 871 4633 iam
889 4563 1074 4623 incubuerat
1102 4559 1194 4618 tirunr
1209 4558 1349 4618 Marbodi
1366 4564 1397 4617 ct
1424 4575 1565 4627 suorum,
1583 4558 1696 4636 quibus
1710 4561 1743 4618 et

41 4636 111 4707 ejus
126 4647 270 4710 suspecta
286 4646 352 4701 erat
366 4641 549 4701 universitas
564 4645 746 4718 parentelae.
763 4668 777 4699 o
794 4645 839 4705 De
854 4661 917 4721 qvia
932 4660 996 4702 nori
1020 4639 1229 4719 improbabile
1252 4638 1374 4697 videtur
1393 4645 1532 4698 exortam
1552 4657 1606 4716 per
1621 4655 1696 4698 avos
1711 4644 1742 4697 et

41 4735 177 4794 proavos
193 4720 287 4781 inisse
303 4722 545 4781 illustrissimam
562 4724 783 4785 lltarbodorum
800 4724 964 4790 familiam,
983 4722 1077 4798 vulgo
1105 4719 1219 4780 dictam
1236 4718 1272 4777 rte
1296 4716 1458 4793 illnrtoeus,
1477 4718 1530 4796 qiri
1548 4718 1740 4778 nuncetiam

40 4815 205 4870 supremos
220 4801 250 4861 in
268 4820 414 4875 suprema
429 4802 599 4863 Armoricae
622 4804 709 4865 curia
725 4804 927 4875 magistratus
943 4818 1067 4861 somma
1095 4818 1165 4860 com
1181 4798 1361 4877 integritate
1382 4804 1539 4864 exercent,
1558 4800 1639 4871 regis
1654 4798 1741 4859 obse

39 4880 114 4953 quio
130 4901 254 4958 semper
266 4882 468 4943 addictissimi
486 4883 627 4946 ministri.
647 4885 757 4959 palriae
771 4882 1002 4952 ferventissimi,
1016 4881 1109 4941 etiam
1126 4898 1209 4958 saepe
1221 4882 1258 4938 ad
1277 4878 1472 4939 fortunarum
1490 4879 1741 4954 pericnlumpa·

39 4961 132 5022 troni.
152 4965 213 5021 Nec
226 4963 298 5021 huic
317 4963 526 5023 Martiorliauae
544 4963 670 5025 familiae
685 4964 819 5026 claritati
836 4971 991 5042 repugnat
1008 4959 1144 5040 publica,
1162 4979 1224 5038 qua
1240 4958 1353 5020 ilaruit
1373 4958 1549 5035 satagaris
1570 4959 1741 5019 Marbodus

39 5039 227 5115 eloquentiae
245 5043 405 5112 professio,
423 5061 492 5101 cum
512 5043 700 5117 primoribus
715 5045 808 5106 etiam
826 5045 899 5105 viris
914 5045 945 5104 in
977 5043 1077 5119 pretio
1103 5059 1227 5119 semper
1240 5040 1334 5099 tuerit
1349 5058 1400 5100 ars
1415 5039 1480 5110 1111,
1497 5039 1579 5100 inter
1596 5039 1741 5101 liberales

36 5127 120 5180 artes
137 5124 309 5192 potissima,
325 5143 387 5197 qua
399 5122 649 5200 frequentissime
661 5126 825 5203 contingit,
844 5131 877 5184 ut
892 5124 930 5185 ad
948 5122 1117 5185 flectendos
1142 5120 1331 5200 paratorum
1356 5128 1386 5180 et
1402 5120 1512 5181 civium
1541 5122 1675 5185 animos,
1693 5138 1742 5181 co·

35 5199 145 5263 dorent
160 5222 248 5261 arma
263 5212 354 5279 togas,
374 5202 515 5277 nihilque
531 5222 619 5281 reges
634 5205 693 5277 ipsi
709 5212 740 5266 et
757 5205 912 5285 principes
928 5205 983 5263 viri
997 5203 1036 5262 ad
1050 5202 1206 5263 sedandos
1222 5201 1306 5279 vulgi
1322 5200 1388 5261 sine
1400 5201 1554 5277 sanguine
1569 5203 1735 5274 tumultus,

37 5284 68 5341 et
83 5282 686 5424 11111111111113111111101111111111111,
699 5292 754 5347 aut
769 5285 889 5348 felicius
905 5285 1101 5354 adhiberent,
1118 5301 1213 5363 quam
1230 5282 1419 5362 eloquentiae
1430 5284 1503 5343 mite
1518 5282 1614 5344 robur
1628 5288 1659 5342 et
1673 5281 1742 5342 dul·

37 5377 73 5420 ce
99 5363 276 5422 enocininm
305 5369 321 5424 'i
359 5410 366 5424 .

82 5441 161 5503 ilinc
175 5462 249 5502 sana
265 5363 354 5505 1111)
366 5443 431 5505 illa.
449 5462 543 5516 uriam
558 5444 615 5505 sibi
632 5445 801 5508 Marbodus
815 5445 1038 5508 conciliaverat
1052 5444 1171 5519 optime
1195 5450 1225 5504 et
1238 5451 1312 5523 apte
1340 5444 1462 5505 dicendi
1492 5444 1641 5504 facultate
1656 5440 1738 5500 cele-

39 5526 88 5588 bri
103 5523 198 5591 lama,
216 5524 254 5583 ad
272 5524 448 5584 aeliotarum
464 5525 607 5587 Ecclesia
624 5528 854 5606 dudegaveusis
871 5526 1084 5605 magisterium
1101 5532 1227 5586 evectus
1242 5533 1299 5595 est,
1317 5526 1415 5603 etqui
1436 5526 1607 5584 seeundum
1624 5519 1738 5582 Bardi·

79 5622 141 5705 (53)
156 5622 440 5769 111111ὲ111111101111
456 5623 575 5687 familia
590 5624 661 5688 vida
675 5625 770 5689 etiam
786 5644 857 5706 qua
872 5625 913 5689 ad
923 5633 1014 5689 111111
1026 5627 1060 5687 1).
1077 5626 1220 5706 Loyaute'
1238 5623 1417 5688 observavit
1445 5622 1660 5701 Beaugondre,
1686 5638 1739 5681 su·

36 5721 108 5785 prs,
123 5723 182 5769 eo.
261 5750 269 5769 .
