3802 6030
147 239 207 303 bii
626 232 716 296 vati.
740 220 980 293 titubantium
1002 219 1202 287 cenobiis.
1228 225 1351 291 tiPtsc.
1799 233 1861 296 628

151 373 370 446 praecedentem.
386 370 432 427 Sic
447 370 539 425 sancti
552 367 732 439 perlectiores
742 365 886 423 Christum
897 372 977 415 suam
991 354 1020 423 A
1033 370 1109 426 rom,
1125 362 1303 418 tamencum
1319 362 1393 420 isaia
1405 363 1512 436 alicuid
1535 365 1631 425 dicere
1651 382 1802 439 possumus
1827 370 1859 427 iu

152 462 255 520 iecicm
272 462 418 518 imitantur
434 458 655 533 lt.scq·suntur],
676 473 733 514 uon
749 454 921 528 praecedunt,
944 465 981 507 ne
1033 444 1108 502 bunc
1125 451 1257 506 modom:
1274 474 1288 501 «
1302 452 1372 507 Data
1382 463 1421 509 εει
1435 455 1459 510 ei
1471 457 1561 526 gloria
1574 457 1681 521 libani,
1693 459 1779 514 decor
1789 459 1859 515 Car-

154 553 223 610 illud
239 552 356 606 audiant
372 549 444 620 quod
463 549 544 605 Petro
559 548 667 604 dictum
683 556 727 604 est
742 562 749 602 :
765 566 780 596 a
797 543 876 600 Vade
890 549 979 610 retro,
1031 535 1099 593 meli
1114 547 1140 593 ει
1156 539 1243 597 Saron
1260 540 1473 616 (taa.1axv,2).
1489 544 1573 601 Salva
1596 562 1666 616 pace
1692 551 1853 620 propbeta,

154 641 283 704 Satanas,
302 655 358 694 oon
373 640 449 694 euim
465 638 540 708 sapis
555 653 617 709 quae
632 637 682 695 Dei
697 640 766 692 aaut
789 632 893 703 tltattb.
921 646 977 700 stt,
1029 627 1168 684 addamus
1182 628 1290 700 aliquid
1303 632 1395 688 verbis
1407 634 1478 703 ct'us.
1495 639 1574 702 Quod
1586 636 1664 692 enim
1676 640 1851 707 prenuntia·

153 730 210 799 23),
227 751 242 779 u
258 730 421 801 Sequuntur
434 742 500 798 argo
514 744 615 784 omues
637 727 728 783 sancti
750 723 904 788 Christum,
920 735 977 777 uou
1031 713 1069 770 tit
1085 717 1273 788 implendum,
1286 736 1338 776 uos
1352 723 1526 779 desiniemus
1538 724 1699 795 impletum.
1716 726 1853 785 Dicamus

153 819 318 891 praecedunt
338 818 555 887 contumaciter,
576 825 603 873 ει
618 817 683 873 ideo
712 812 865 871 saltatoris
897 825 979 867 tanes
1030 808 1852 884 ergo:Dataesteibodiegloriatibaoi,decorcarmeli

150 924 209 965 nou
226 906 459 964 irrationabiliter
473 906 616 962 dicuntur.
640 907 679 961 dd
706 905 776 961 istos
800 916 884 958 tenes
906 907 978 955 atra·
1030 903 1056 951 ct
1071 895 1172 954 Saron.
1187 901 1227 956 ad
1244 898 1370 958 litteram
1383 902 1515 970 tibanus,
1537 905 1685 961 Carmelus
1708 916 1734 962 et
1760 908 1853 965 Sarou

150 997 323 1053 monterium
338 993 485 1066 scriptoris
500 1001 551 1059 εει,
569 993 637 1066 quie
652 993 700 1048 isti
716 999 783 1048 sunt
800 992 933 1063 lugentes
947 992 976 1045 et

149 1094 306 1159 gementes,
322 1100 445 1156 quorum
469 1084 576 1139 iroutes
601 1079 749 1152 iusigiiirit
772 1080 902 1137 Christus
927 1077 976 1134 tit-

149 1182 208 1233 tetu
221 1175 313 1239 Thau,
329 1180 358 1230 at
371 1189 421 1244 por
435 1188 507 1246 quos
523 1172 620 1228 bootes
634 1182 751 1228 caeteros
770 1169 870 1228 eodem
893 1168 975 1239 siguo

148 1263 286 1321 disceruit
300 1261 336 1318 ab
352 1262 429 1330 aliis,
446 1278 515 1333 quos
530 1278 633 1320 omues
650 1261 793 1318 transiens
807 1259 849 1315 air
860 1260 913 1314 iste
927 1272 976 1329 per

1030 994 1140 1042 montes
1155 996 1232 1054 sunt,
1248 990 1295 1060 qui
1315 1007 1365 1061 pro
1380 992 1424 1048 sai
1438 995 1648 1065 commoditate,
1665 1003 1724 1052 tum
1752 997 1782 1053 iu
1804 1015 1856 1067 pa·

1029 1076 1115 1142 scitis,
1133 1086 1191 1133 tum
1209 1079 1237 1135 in
1252 1079 1413 1150 arboribus,
1429 1090 1488 1139 turn
1505 1083 1536 1140 in
1552 1083 1619 1140 ieris
1634 1084 1665 1142 iu
1680 1101 1760 1143 sacra
1774 1087 1855 1143 Scri·

1029 1173 1112 1235 ptura
1127 1182 1201 1238 sepe
1215 1172 1440 1227 commendatur.
1459 1172 1490 1229 ln
1515 1172 1604 1244 figura
1628 1179 1726 1231 tamen
1753 1177 1851 1234 excel·

1028 1251 1123 1310 lentiae
1141 1256 1286 1323 virtutum,
1303 1275 1365 1329 qum
1380 1261 1409 1316 in
1424 1265 1530 1319 sanctis
1544 1271 1584 1319 εει
1600 1281 1607 1331 ;
1625 1263 1671 1320 bio
1693 1273 1790 1322 autem
1817 1268 1853 1323 ad

151 1354 275 1410 medium
290 1351 423 1420 civitatis,
439 1353 481 1407 rir
495 1353 545 1409 ille
563 1353 611 1423 qui
633 1362 659 1410 et
683 1353 713 1408 iu
743 1359 825 1421 porta
849 1354 973 1405 steterat.
1027 1343 1253 1414 designationem
1284 1347 1406 1419 triplicis
1426 1367 1538 1407 coronae
1563 1354 1635 1408 trabi
1662 1363 1762 1425 potest,
1788 1373 1854 1428 quae

1029 1429 1115 1487 beata
1127 1432 1247 1506 Virgini,
1264 1440 1468 1506 repositadum
1494 1450 1568 1497 assat
1592 1442 1620 1496 iu
1645 1446 1737 1513 terris,
1763 1444 1853 1502 hodio

153 1442 284 1511 dispersit
297 1441 406 1511 deipsa
428 1441 540 1498 civitate
565 1442 680 1498 Domini
700 1454 800 1497 omues
824 1441 976 1506 operantes

153 1530 329 1604 iniquitates.
344 1532 475 1587 Calamus
488 1533 573 1587 etiam
589 1532 618 1587 tn
636 1547 719 1587 tnauu
733 1530 822 1599 ipsius
832 1532 887 1597 εει,
899 1528 976 1583 idest

1029 1520 1138 1577 reddita
1152 1532 1193 1578 est
1205 1524 1230 1579 ei
1240 1525 1269 1580 in
1282 1526 1373 1583 ecelis.
1387 1528 1454 1584 Tria
1464 1544 1540 1584 entm
1552 1530 1648 1586 babuit
1663 1531 1849 1604 beataVirgo,

155 1621 275 1691 sputans
289 1630 416 1686 punctus,
433 1621 480 1691 qut
496 1621 597 1676 scribit
610 1628 636 1677 et
654 1622 742 1676 utetur
758 1617 874 1688 prumia
903 1632 974 1672 sau·
1028 1626 1089 1681 quae
1105 1613 1218 1683 singula
1232 1615 1308 1671 sicat
1321 1617 1408 1690 digna
1421 1628 1487 1674 sunt
1498 1622 1697 1689 admiratione,
1711 1623 1747 1678 ita
1757 1634 1782 1679 et
1794 1625 1855 1680 sin-

152 1719 262 1766 ctorutn
280 1725 336 1764 nou
353 1709 420 1775 risa,
436 1709 581 1780 incognita
595 1717 623 1766 et
651 1709 791 1774 inaudita,
816 1706 974 1762 secundum
989 1730 1013 1795 Β
1028 1700 1119 1771 guluri
1136 1704 1334 1763 retributione.
1352 1707 1412 1762 Fuit
1427 1708 1505 1765 euim
1522 1711 1614 1777 Virgo,
1636 1711 1736 1779 Mater,
1761 1714 1853 1786 [supp.

153 1798 222 1854 illud
239 1797 346 1854 scilicet
365 1798 491 1864 abaco
505 1798 762 1865 uecoculusvidit,
775 1810 827 1852 nec
840 1795 974 1850 aurisau·
1032 1798 1059 1846 et
1083 1792 1183 1864 Mater]
1208 1793 1268 1853 Del.
1292 1795 1429 1869 Magnum
1454 1798 1568 1868 quidem
1591 1807 1631 1856 ost
1654 1807 1682 1857 et
1707 1802 1850 1861 laudabile

151 1887 231 1956 divit,
248 1902 301 1944 uec
315 1886 347 1942 ic
361 1902 410 1943 cor
426 1887 550 1944 bominis
567 1888 706 1955 accondit,
723 1903 785 1957 qua
809 1883 976 1957 preparavit

151 1976 226 2032 Deus
240 1974 425 2045 iitigantibus
442 1991 472 2031 sc
485 1975 519 2048 (l.
549 1975 610 2033 Cor.
638 1993 671 2041 u,
685 1975 726 2047 9).
752 1997 764 2027 s
794 1973 872 2040 Quod
893 1971 977 2027 nobis

152 2066 212 2134 ipse
231 2072 363 2136 prestare
378 2063 510 2135 dignetur
524 2065 573 2135 uui
588 2065 660 2121 vivit
670 2072 697 2120 et
715 2070 814 2136 regnat
827 2062 857 2120 iu
872 2060 976 2118 secuta

152 2155 335 2211 saeculorum.
348 2157 451 2210 Amen.

533 2243 601 2301 iix.

153 2350 275 2393 terasso
304 2350 494 2393 issaarrtouts
522 2350 614 2391 astris
643 2350 745 2400 uasta,
772 2350 805 2389 ar
830 2347 865 2387 os
886 2347 977 2388 atuor·

349 2440 397 2480 sus
412 2439 483 2488 asos,
499 2439 587 2478 santio
602 2439 699 2479 antuus
714 2422 780 2489 tiit.

191 2511 285 2568 Pulsis
299 2527 362 2567 aum
379 2527 430 2582 ago
440 2511 561 2577 etciuis,
576 2511 624 2582 qui
637 2511 736 2581 louuor
747 2509 834 2567 robis.
846 2509 978 2580 Propter·

154 2617 188 2659 ea
199 2601 336 2658 erubesco
351 2608 379 2657 et
392 2617 491 2659 tereor
504 2601 586 2658 vobis
601 2600 678 2673 loqui
695 2600 811 2656 terbum
826 2599 887 2656 Dei.
906 2600 977 2655 Eru-

153 2689 251 2756 besco,
273 2691 409 2760 iuquam,
434 2690 500 2761 quia
524 2690 703 2747 conversatio
726 2696 818 2746 rastra
841 2689 871 2745 iu
896 2688 977 2745 coelis

154 2783 229 2841 m
247 2785 309 2849 ast;
325 2797 377 2851 ego
391 2786 486 2837 autem
500 2781 802 2852 tanquamjumeutom
814 2779 979 2850 computrui

153 2871 182 2926 iu
198 2869 373 2927 stercoribus
390 2869 470 2926 meis.
488 2869 593 2926 Vereor
605 2874 712 2935 autem,
736 2884 773 2926 ne
796 2869 868 2925 iorta
891 2886 907 2924 e
931 2883 978 2925 me

1032 1877 1119 1935 tuisse
1133 1880 1284 1951 virginem,
1300 1885 1348 1940 sed
1367 1886 1457 1956 majus
1472 1903 1520 1957 par
1540 1903 1656 1945 omnem
1677 1893 1802 1960 modum,
1825 1901 1855 1949 ct

1032 1968 1192 2025 mirabilius
1206 1972 1237 2028 iu
1252 1971 1415 2044 virginitate
1430 1975 1518 2034 luisse
1543 1977 1706 2048 tacendam,
1736 1988 1764 2036 et
1788 1989 1850 2050 post

1032 2059 1246 2117 evacuationem
1263 2064 1346 2133 uteri,
1364 2071 1474 2121 uterum
1490 2066 1594 2124 babere
1605 2068 1772 2140 sigillatum.
1791 2069 1857 2125 Ma·

1032 2160 1123 2218 guum
1137 2151 1183 2204 cst
1197 2157 1224 2205 ct
1239 2149 1383 2208 ineffabile
1397 2152 1483 2210 luisse
1497 2163 1617 2211 matrem
1630 2156 1691 2213 Dei.
1704 2158 1735 2213 lu
1747 2172 1861 2214 memo·

1034 2233 1077 2289 ria
1093 2234 1193 2292 borum
1211 2236 1308 2305 trium,
1325 2241 1643 2313 sapientissimorum
1668 2246 1802 2312 instituit,
1826 2254 1860 2302 ut

1034 2320 1065 2378 iu
1081 2322 1182 2380 iconiis
1198 2325 1284 2382 beate
1300 2327 1437 2399 Virginis,
1451 2346 1521 2402 uuas
1534 2333 1570 2387 ad
1586 2333 1742 2403 imaginem
1752 2335 1858 2408 depin-

1033 2411 1076 2484 git
1089 2416 1292 2486 superscriptio
1308 2418 1550 2477 triumnominum
1567 2432 1718 2492 poneretur
1733 2424 1762 2480 in
1780 2426 1857 2481 bunc

1034 2503 1171 2560 modum:
1188 2505 1272 2575 Virgo
1287 2506 1338 2563 Dei
1354 2508 1451 2566 Mater.
1463 2510 1569 2566 Tamen
1585 2514 1659 2580 apud
1677 2528 1725 2568 eos
1741 2529 1797 2568 oua
1811 2513 1855 2568 di·

1032 2591 1089 2647 ctio
1105 2593 1315 2659 iteotoaaa,sed
1329 2600 1403 2667 apud
1424 2613 1477 2653 uos
1497 2601 1570 2654 dua.
1586 2601 1658 2666 Quia
1680 2617 1746 2672 ergo
1771 2602 1858 2672 Virgo

1033 2679 1232 2748 iniunctam
1253 2683 1279 2740 ei
1303 2685 1394 2758 gloria
1421 2687 1533 2752 titani:
1557 2690 1625 2759 quia
1648 2693 1745 2755 Mater,
1771 2691 1859 2747 datus

1032 2777 1074 2825 est
1089 2769 1115 2827 ei
1130 2771 1366 2842 decotCarmeli;
1383 2775 1449 2845 uois
1464 2776 1553 2832 Mater
1579 2779 1638 2846 itai,
1663 2779 1744 2834 datus
1767 2786 1809 2835 est
1832 2780 1860 2836 ei

1032 2858 1119 2916 decor
1133 2860 1233 2917 Saron.
1251 2862 1373 2919 Libanus
1386 2864 1541 2921 candidatio
1566 2866 1787 2939 iuterpretatur:
1812 2869 1858 2924 di-

152 2959 271 3016 homing
286 2966 362 3015 muto
375 2966 401 3016 gt
416 2958 524 3030 elingui
540 2959 724 3029 fragrantiam
738 2958 881 3014 geg-monis
892 2973 977 3029 0190.
1032 2949 1180 3006 §must
1194 2951 1549 3012 dulssmissibriidndol'effl
1578 2965 1605 3012 el
1628 2957 1857 3014 candidationem

152 3048 228 3116 tntis,
244 3047 292 3118 qui
309 3055 349 3104 tot
361 3056 387 3104 ει
402 3047 485 3103 ιοιὶεε
499 3047 669 3104 eventilatos
679 3047 798 3103 audistis
817 3063 975 3105 sermones.
1034 3046 1175 3110 quintum
1190 3041 1266 3098 inter
1279 3058 1370 3111 sentis
1384 3051 1411 3099 et
1426 3046 1562 3115 speciem.
1580 3048 1691 3104 Candor
1702 3047 1778 3104 enim
1790 3065 1858 3118 pro-

155 3137 352 3210 flagisgutem
369 3152 464 3192 vereor
489 3152 526 3193 ne
549 3136 621 3193 mihi
650 3135 761 3193 dicatur
787 3154 802 3193 g
828 3136 949 3193 Domino
967 3094 1014 3194 gc
1037 3129 1331 3201 priedicitutalbedo
1348 3131 1391 3190 acl
1409 3135 1620 3209 nullistitteris.
1638 3147 1738 3193 nillilt'tt
1759 3145 1856 3194 cibala

155 3248 169 3277 a
187 3227 277 3295 Quare
294 3234 324 3281 tu
339 3240 453 3282 enarras
463 3226 588 3296 justitias
604 3242 695 3292 misas,
710 3235 739 3282 et
753 3227 879 3282 assumis
895 3229 981 3282 testa·
1037 3220 1076 3275 rei
1092 3220 1218 3275 candidas
1236 3236 1366 3280 maneus.
1388 3227 1458 3278 Dum
1476 3241 1519 3281 res
1536 3236 1643 3291 manet,
1659 3235 1687 3282 ut
1705 3227 1733 3282 in
1751 3227 1815 3283 nire
1832 3234 1858 3282 ct

159 3328 285 3372 utentum
301 3331 395 3372 meum
411 3332 460 3387 per
475 3332 506 3372 os
518 3315 626 3372 tuum?
640 3315 727 3386 (Prot.
743 3333 817 3371 χιιι.
834 3315 891 3386 16.)
904 3338 917 3365 e
934 3315 984 3372 Ve-
1037 3307 1108 3376 litto,
1125 3308 1168 3364 vel
1183 3311 1267 3366 etiam
1284 3312 1500 3369 accidentaliter
1514 3316 1679 3385 adveniens,
1691 3316 1732 3371 rel
1745 3333 1778 3371 ex
1789 3317 1859 3371 arti·

159 3413 310 3463 runtntneu
325 3406 391 3476 quia
405 3420 601 3476 sepenumero
613 3404 766 3474 pulchrum
778 3404 923 3460 homiuem
935 3417 983 3461 ce·
1036 3395 1111 3454 ficio.
1126 3397 1293 3456 candidatio
1307 3418 1374 3458 vero
1391 3406 1503 3474 proprie
1523 3405 1627 3460 dicitur
1651 3405 1728 3462 solus
1750 3409 1860 3463 candor

160 3495 254 3567 pinutt
269 3495 357 3565 pictor
374 3495 475 3558 traduc,
491 3493 544 3549 sub
568 3494 664 3564 specio
679 3492 757 3549 robis
784 3494 895 3565 loquar,
915 3494 982 3565 qula
1035 3486 1148 3542 nalitus
1163 3496 1190 3544 ει
1206 3505 1335 3545 maneus.
1351 3490 1473 3549 Nomine
1488 3498 1583 3549 autem
1595 3496 1860 3552 candidationisin·

162 3585 234 3641 lurte
244 3585 325 3640 cedet
337 3583 416 3639 rubis
427 3583 461 3637 ed
478 3583 658 3652 sapientiam,
668 3583 775 3638 cunrad
785 3583 981 3651 insipientium
1037 3574 1191 3647 telligimus
1201 3581 1355 3635 candorem
1368 3582 1503 3647 nationis,
1518 3584 1545 3638 id
1560 3590 1603 3638 cst
1612 3585 1768 3640 nativitatis
1778 3592 1860 3640 aetur-

161 3674 243 3730 mibi.
259 3670 823 3742 Taautam,Doruinasabaotb,aperies
838 3681 981 3744 meumst
1035 3682 1090 3722 uss.
1121 3667 1171 3722 i’cr
1194 3667 1347 3724 candorem
1369 3686 1435 3740 ergo
1458 3680 1484 3726 ει
1495 3674 1859 3744 caitdidatiooutu.puritas

158 3763 278 3833 impleas
291 3763 372 3817 illud.
389 3766 476 3817 Porro
498 3761 664 3817 solemnitas
689 3778 813 3833 presens
836 3765 871 3820 de
898 3764 980 3820 laude
1034 3754 1130 3811 odinis
1147 3764 1250 3813 nostrin
1266 3758 1438 3830 designatur.
1455 3767 1507 3815 sed
1524 3766 1567 3816 est
1593 3763 1721 3830 troadam
1750 3764 1860 3833 puritas

158 3851 244 3909 beatae
262 3850 357 3907 iterim
372 3848 495 3920 Virginis
508 3849 590 3907 otlart
602 3849 684 3906 uobis
698 3852 842 3908 materiam
854 3852 978 3924 loqueu·
1034 3844 1129 3901 carnis
1145 3851 1248 3902 nostre
1261 3858 1321 3918 post
1335 3849 1455 3918 lapsum,
1467 3865 1532 3905 curn
1545 3852 1608 3922 quis
1620 3861 1760 3924 corruptae
1770 3853 1853 3909 carni

155 3937 422 4010 incumbentem
450 3937 628 3994 indicibilem
653 3939 721 3996 ticet
744 3940 896 4010 explanare
921 3957 979 3997 non
1033 3933 1116 4005 quasi
1140 3935 1267 3991 debiturn
1292 3938 1409 4009 vectigal
1436 3941 1599 4006 exsolvens,
1620 3946 1682 4011 post
1708 3942 1859 4011 ampiexus

157 4029 308 4097 subiciam,
319 4029 433 4086 etiamsi
444 4028 551 4100 linguis
563 4029 711 4086 bominum
722 4030 981 4104 loqueretaugelo·
1032 4024 1119 4080 otiam
1135 4024 1279 4096 legitimos
1292 4041 1409 4083 caruem
1424 4043 1504 4084 suam
1522 4030 1634 4086 frenare
1659 4038 1685 4087 et
1709 4032 1861 4087 continere

192 4176 247 4248 (ti)
263 4173 301 4229 lix
317 4189 370 4229 ms.
386 4172 530 4240 badager.
546 4202 581 4213 -
601 4171 749 4229 Probabile
770 4181 811 4230 cst
832 4174 979 4232 llildeber-
1032 4174 1129 4230 minus
1143 4181 1238 4231 tumen
1255 4173 1420 4230 solemniter
1435 4175 1463 4229 id
1480 4185 1620 4241 ageretur.
1643 4182 1682 4245 et,
1706 4187 1733 4233 ot
1761 4179 1859 4237 terunt

157 4255 216 4305 tutu
234 4248 310 4302 bunc
326 4260 489 4301 sermonem
513 4242 648 4300 babuisse
673 4260 730 4299 nou
754 4247 923 4315 simpliciter
940 4248 975 4303 ad
1031 4246 1129 4303 eadem
1146 4256 1219 4309 acta.
1236 4260 1290 4300 ano
1305 4248 1532 4315 tantnmdnptier
1552 4257 1578 4303 et
1593 4250 1672 4306 ttare
1694 4252 1732 4305 dd
1750 4251 1855 4308 landes

158 4320 306 4391 populum,
321 4317 368 4374 sed
386 4318 420 4372 ad
443 4316 517 4370 viros
542 4316 647 4371 eximia
669 4316 771 4385 pietate
795 4317 974 4388 insigniores,
1030 4317 1157 4374 canonici
1172 4318 1427 4381 uterentur.0ueut
1443 4320 1527 4374 ritum
1546 4336 1602 4376 non
1629 4321 1730 4391 legitur
1754 4322 1856 4380 llilde-

157 4407 283 4464 qocaam,
301 4397 330 4444 ut
345 4388 393 4456 ait,
417 4388 587 4443 conuersatio
610 4394 669 4441 arat
696 4388 726 4442 in
753 4388 856 4450 cretis:
879 4389 977 4459 quales
1030 4390 1138 4452 bertus,
1155 4389 1239 4443 variis
1255 4390 1350 4443 tarsun
1365 4397 1391 4444 at
1416 4397 1471 4444 tatu
1493 4393 1620 4447 aitlversis
1642 4394 1769 4449 ecclesie
1795 4411 1856 4451 sure

158 4473 236 4519 erunt
247 4460 395 4517 monarchi
406 4458 980 4527 etanta-censesaubsnnctodegenerum
995 4463 1020 4529 1)
1034 4460 1172 4516 oneribus
1186 4459 1375 4527 obstantibus,
1390 4463 1447 4515 im·
1461 4471 1566 4518 utasse.
1584 4463 1612 4518 bl
1625 4465 1855 4529 rnimagaudum

158 4533 220 4603 ipso
236 4533 384 4603 degentes,
400 4537 426 4585 et
441 4529 647 4601 quibuscoram
659 4532 762 4600 saepius
773 4548 804 4587 aa
816 4531 878 4601 ejus
889 4532 979 4600 itupe·
1035 4532 1162 4597 telluuit,
1178 4537 1207 4586 et
1223 4534 1294 4587 torte
1309 4534 1394 4586 suasit
1412 4535 1566 4589 successori
1583 4551 1634 4589 surr
1651 4537 1854 4600 calanticam

160 4620 201 4661 rto
216 4603 450 4669 concionabatur,
466 4610 492 4656 et
508 4616 567 4672 qut,
581 4607 611 4655 ut
627 4601 672 4656 bc
683 4603 794 4670 asserit,
808 4610 845 4657 tot
857 4608 883 4657 ct
896 4604 976 4659 toties
1034 4604 1067 4657 ed
1084 4603 1279 4659 Turonensent
1296 4613 1390 4659 sedent
1409 4610 1561 4660 translatus
1576 4616 1627 4661 est.
1645 4607 1697 4664 iiic
1723 4624 1798 4666 uara.
1824 4614 1856 4666 ut

158 4676 326 4733 eretttilatos
341 4674 376 4729 ab
391 4689 424 4727 eo
439 4673 588 4727 sortierunt
605 4688 762 4741 sermones,
775 4680 803 4729 ct
813 4676 841 4729 iu
856 4690 975 4745 auorum
1030 4678 1127 4730 eadetn
1140 4675 1221 4730 Gesta
1236 4675 1359 4728 reboant
1371 4691 1377 4730 :
1389 4674 1520 4733 Omnibus
1534 4681 1673 4733 connodata
1684 4681 1851 4748 astantibus,

157 4746 381 4815 comparatione,
398 4743 578 4799 Hildebertus
593 4760 625 4800 se
646 4744 784 4813 palumem
806 4758 832 4800 et
853 4745 978 4803 ciarrem
1029 4750 1206 4803 etossensam
1218 4746 1414 4817 prebentibus,
1431 4749 1520 4802 irtaco
1545 4755 1686 4805 constituit
1709 4753 1856 4823 captitula,

159 4818 305 4875 bumilitet
315 4815 507 4886 prolltobatur.
522 4816 560 4870 Ex
573 4816 731 4871 iocantem
747 4832 877 4874 sermone
888 4820 979 4945 ligduet
1030 4816 1248 4887 descriptionem
1266 4822 1350 4873 beatae
1366 4817 1545 4899 diatimque,
1573 4823 1606 4875 ob
1631 4825 1744 4893 tantique
1767 4840 1855 4894 aspar

157 4892 262 4964 primo,
279 4889 371 4953 ipsum
388 4886 542 4941 credidisse
565 4892 789 4957 assumptionem
816 4888 902 4945 beatae
947 4908 976 4944 a·
1032 4887 1067 4943 ad
1080 4905 1131 4944 soa
1146 4894 1280 4960 temporo,
1293 4889 1368 4959 arrad
1379 4906 1428 4946 nos
1443 4907 1535 4945 menas
1549 4908 1629 4962 qaam
1648 4894 1758 4949 deberat
1777 4894 1855 4951 sole-

156 4963 206 5019 rite
221 4962 251 5017 iu
262 4960 366 5016 coelum
377 4959 407 5013 in
418 4973 536 5021 certiore
548 4966 573 5012 at
585 4960 690 5024 attima,
705 4974 788 5029 uuam
800 4959 846 5016 hic
857 4962 979 5033 probare
1029 4960 1133 5016 mutter·
1146 4961 1294 5028 colebatur,
1308 4961 1495 5029 eodemmodo,
1510 4970 1660 5035 realemque
1674 4966 1786 5031 bonore,
1802 4967 1853 5024 seat

156 5042 286 5091 conatur.
302 5030 443 5098 Secundo,
461 5028 617 5085 Ecclesiam
634 5031 689 5085 alia
705 5047 792 5115 quam
809 5047 886 5087 nunc
908 5050 977 5089 ora·
1030 5033 1133 5104 ntojari
1144 5031 1241 5088 amodo
1251 5033 1385 5088 celebrari
1399 5049 1453 5103 quc
1476 5033 1638 5090 solemnitas
1664 5036 1759 5093 Sancti
1782 5038 1854 5094 Ger-

155 5107 235 5161 tione
251 5102 366 5173 proprie
381 5116 461 5155 usam
479 5102 575 5157 tuisse.
592 5102 697 5170 Tertio,
710 5119 768 5173 Jam
787 5113 854 5160 tunc
871 5113 975 5159 tantam
1029 5103 1102 5159 vorti
1118 5104 1249 5159 eastitatis
1264 5105 1293 5158 in
1311 5108 1402 5158 nostra
1416 5111 1543 5159 seruator
1557 5108 1679 5175 ecclesia,
1693 5109 1723 5162 lit
1737 5115 1851 5166 octabas

156 5193 221 5248 erga
238 5175 429 5231 beatissimam
446 5170 594 5241 Virginem
609 5174 730 5238 riguisse
750 5178 933 5231 reverentiam
950 5184 978 5231 el
1029 5176 1241 5244 dasamptionir,
1252 5174 1325 5230 sicat
1338 5176 1439 5247 sestam
1467 5180 1560 5232 Sancti
1571 5179 1722 5235 Lataraatb'.
1736 5181 1850 5239 Conces-

157 5250 350 5316 davotionetu,
360 5254 386 5299 ut
399 5241 495 5299 andito
507 5243 694 5314 ejrtsrtomine,
705 5244 802 5316 fideles
812 5263 902 5314 penca
921 5253 978 5303 ter·
1029 5248 1117 5317 sitque
1131 5246 1203 5301 idam
1217 5245 1342 5317 pontileac
1354 5247 1387 5301 de
1401 5263 1484 5304 censu
1498 5253 1610 5320 proprio
1629 5252 1701 5306 anule
1726 5253 1852 5323 duplices

157 5319 369 5391 raeofb'pcront.
383 5316 485 5370 librum
498 5325 592 5371 turiseo
605 5319 727 5387 estquod
740 5317 800 5386 ipso
815 5319 976 5374 llildebcrto
1028 5316 1094 5388 fieri
1106 5327 1131 5373 ct
1149 5319 1211 5373 tiras
1221 5319 1310 5374 voleat
1324 5322 1525 5387 praepararint
1539 5322 1633 5376 eadem
1656 5324 1852 5393 irrumptione

157 5393 402 5462 ati-episcopatum
423 5386 667 5442 Cenomaneuseru
693 5397 831 5458 promoto,
858 5391 921 5446 licet
945 5388 976 5445 iu
1029 5389 1064 5444 od
1077 5390 1238 5445 Nocturnas.
1255 5390 1341 5445 Poura
1356 5391 1392 5445 da
1407 5391 1468 5445 testi
1483 5392 1567 5460 buius
1584 5395 1764 5452 institutione
1778 5412 1851 5452 cou-

159 5465 220 5535 ejus
237 5460 361 5517 Ecclesia
378 5460 479 5514 testum
495 5459 704 5524 Assumutionis
720 5460 919 5524 celebraretur,
947 5468 976 5515 ut
1028 5461 1403 5531 suteuuedetttaeradtto
1421 5464 1526 5518 notavit
1551 5474 1647 5521 nostor
1676 5467 1846 5537 blirteuius,

159 5544 300 5592 testamur
313 5528 431 5600 antiqua
448 5531 530 5586 Gesta
553 5531 749 5599 episcoporum
776 5531 976 5588 Cenomaneu·
1028 5536 1145 5588 tractatu
1162 5537 1200 5588 tle
1215 5532 1321 5587 divinis
1335 5532 1450 5600 olilciis,
1465 5549 1555 5603 nuper
1574 5539 1641 5591 edit.
1666 5555 1718 5595 cao
1732 5538 1779 5606 33,
1797 5556 1815 5596 rt
1828 5549 1848 5610 t,

159 5612 244 5674 sium,
261 5627 277 5663 a
292 5612 389 5662 nostro
400 5600 576 5671 itabillonio,
588 5602 668 5658 to.tll
682 5601 879 5659 analectorum
889 5603 974 5674 edita,
1028 5601 1074 5673 25,
1090 5618 1151 5674 uus
1167 5603 1214 5661 bic
1229 5604 1370 5661 brevitatis
1384 5619 1473 5662 causa
1486 5621 1543 5663 uon
1560 5607 1722 5679 repetimus.
