3802 6030
56 254 135 317 tete
656 248 843 311 HISTORIA
869 249 920 311 bn
942 248 1165 314 MAHUMETE
1685 255 1764 317 1350

91 384 195 444 Nullus
211 383 289 440 enim
307 390 418 456 poteret
434 383 509 441 scira
523 398 629 455 magus
643 381 721 454 quod
737 383 820 438 erat:
896 388 927 453 Α
977 384 1112 443 Reddens
1128 401 1180 458 pro
1196 384 1280 442 dunis
1296 383 1365 441 talia
1378 384 1455 441 dona
1469 385 1566 442 bonis.

59 480 154 546 Quare
166 477 303 547 prointus
317 476 398 530 dives
410 475 504 546 magis
520 473 781 540 hunnimundus,
940 472 1013 543 Ergo
1029 472 1105 529 redit
1126 475 1269 548 gaudens,
1284 481 1314 530 et
1332 475 1413 545 dicit,
1427 475 1457 530 in
1474 474 1528 530 huc
1545 474 1601 530 sibi
1619 475 1762 547 plaudens

95 564 210 633 Dilexit,
222 565 332 629 timuit,
355 568 440 634 utque
456 562 536 635 pium
552 560 657 616 tenuit.
977 561 1058 620 Nono
1074 566 1148 622 iaetu
1159 565 1269 622 soniare
1284 581 1328 623 ane
1342 570 1412 638 puto
1428 565 1579 638 profluere.

370 650 513 709 cautus
536 650 572 707 11.
939 653 972 706 dt
987 661 1138 724 postquam
1150 655 1224 711 luxit
1239 656 1375 721 Phoebus,
1393 671 1541 726 muneque
1560 654 1674 712 reduxit

58 748 113 803 Cui
130 744 204 799 bene
215 742 353 798 credebat
367 742 415 799 hio
430 758 546 798 servum
563 741 645 797 dives
659 738 797 806 habebat,
978 743 1110 799 Luminis
1124 746 1266 811 osticium.
1283 747 1413 804 consulis
1429 746 1550 803 exitium

92 831 396 890 Nominettamutium
413 829 738 903 [Marriiitius]‚eujusid
754 826 886 884 ottieiuna
941 830 1208 906 Sorrisdeiegitm3
1225 838 1303 908 quod
1325 838 1374 893 ubi
1391 836 1494 893 multis
1509 835 1650 906 aperitur,

58 923 115 980 Res
130 923 301 993 dispensare
315 920 448 987 domini;
465 934 554 992 super
566 918 627 974 heo
640 915 779 991 vigilam
977 920 1061 989 Fugit
1075 921 1112 975 ab
1126 937 1176 977 ora
1186 923 1275 991 solur,
1292 923 1487 996 insuetusque
1504 923 1587 981 dulor

94 1013 160 1068 tino
176 1013 230 1067 t'uit
244 1010 334 1067 otsseii
347 1025 475 1082 suraque
489 1008 637 1076 Mamutii,
941 1004 1050 1063 Omnes
1065 1010 1236 1068 confundit:
1253 1012 1327 1069 tiens
1343 1013 1458 1069 hiesus
1474 1021 1590 1084 peotora
1606 1013 1723 1083 tundit3

57 1102 111 1168 Oui
129 1102 305 1175 procuravit,
321 1105 349 1157 et
366 1117 457 1172 super
471 1107 575 1156 nistera
589 1097 667 1154 navit
977 1098 1029 1152 iliu
1044 1098 1139 1156 crines
1153 1100 1281 1170 lanerat;
1297 1120 1442 1176 quemque
1456 1104 1539 1159 dolor
1554 1113 1691 1161 munerat.

95 1192 129 1250 Ui
146 1195 188 1250 sie
206 1193 325 1265 praet'ato
354 1191 463 1249 seruiat
477 1191 542 1263 ipse
557 1205 665 1262 mago:
941 1185 994 1244 iiio
1007 1193 1104 1259 genii,
1120 1190 1168 1248 bio
1179 1192 1300 1266 pungit,
1316 1208 1419 1249 omnes
1431 1208 1507 1249 unus
1521 1193 1605 1250 duior
1618 1196 1711 1267 angit.

55 1285 139 1348 Quod
168 1285 224 1339 sibi
248 1287 356 1339 cuncta
369 1283 449 1338 daret
467 1298 531 1355 qua
547 1279 642 1348 uellet,
659 1276 739 1334 nulla
755 1280 886 1349 negaret,
977 1277 1061 1334 ’l'uno
1075 1296 1192 1353 quoque
1208 1281 1321 1355 petroni
1334 1297 1413 1339 mors
1429 1283 1596 1338 miseranda
1607 1282 1674 1339 boni

95 1377 129 1427 Et
143 1389 206 1444 quae
221 1372 388 1445 preciperet
409 1371 511 1426 omnia
527 1385 595 1425 mox
610 1370 726 1424 iaceret.
942 1364 1004 1423 Non
1022 1366 1116 1423 solum
1133 1369 1235 1426 ssantes
1251 1371 1341 1427 movit
1357 1387 1550 1444 quoscunque
1564 1371 1694 1441 clientes,

60 1461 144 1517 Hune
159 1462 252 1530 magis
265 1460 455 1533 amplectens,
471 1468 499 1517 et
514 1457 644 1514 amioitia
657 1455 714 1512 sibi
730 1458 851 1512 necteus
977 1456 1098 1512 Flebant
1108 1461 1237 1528 assidue,
1252 1461 1303 1517 sed
1316 1461 1404 1518 simut
1417 1467 1444 1517 et
1456 1460 1568 1528 vidus3

97 1551 197 1610 Multis
213 1552 364 1609 blanditiis
375 1557 464 1624 atque
479 1550 637 1616 veneficiis,
941 1548 976 1602 ttt
991 1545 1071 1602 luotu
1086 1547 1206 1621 plenum
1222 1565 1311 1624 super
1329 1552 1546 1622 omniavutgus
1562 1565 1700 1623 egenum,

62 1640 165 1712 diligat
180 1648 352 1715 uti-aptum,
371 1641 440 1714 quia
454 1640 631 1698 Mamutium
646 1637 726 1695 videt
739 1640 842 1709 aptum
979 1637 1195 1712 iimrebsntque
1206 1639 1251 1714 pie
1266 1639 1403 1713 qualibet
1416 1640 1561 1698 iioolesie.

96 1731 247 1789 Materiam
260 1730 323 1787 fleri
340 1731 487 1803 proposito
500 1728 614 1786 soelari.
904 1762 928 1828 B
942 1728 1046 1785 Omnis
1061 1735 1227 1787 sanctorum
1241 1747 1309 1787 oum
1324 1730 1403 1788 uiero
1417 1746 1487 1803 grex
1505 1731 1730 1805 memborum,
1841 1762 1845 1775 ·

60 1822 128 1879 Haeu
143 1822 233 1895 igitur
246 1821 335 1876 verba
346 1821 477 1891 J'autabat
491 1835 561 1875 vore
576 1822 728 1891 proterva:
980 1820 1130 1894 Prineeps,
1146 1821 1230 1893 piebs
1245 1822 1445 1879 humiliatuno
1459 1821 1515 1878 iuit
1528 1821 1559 1878 in
1570 1822 1717 1897 iacrymis.

98 1912 234 1968 Fidentes
252 1926 349 1983 quere
364 1926 429 1982 qua
446 1910 539 1982 planet
553 1908 670 1980 eligere.
944 1909 1122 1982 Hisquoque
1138 1912 1275 1983 prefatus
1291 1912 1412 1970 sucessit
1423 1911 1510 1969 bomo
1526 1913 1696 1983 sceleratus,

53 2001 145 2072 Elige,
162 1999 236 2055 lecta
251 1998 336 2065 dabo,
352 1998 538 2072 quaesitaque
559 1994 779 2067 multiptioabo;
979 1999 1032 2065 Qui
1047 1999 1234 2074 lacrymando
1250 2002 1383 2072 madens,
1400 2002 1489 2075 inque
1502 2000 1627 2059 dolendo
1647 2002 1767 2074 uadens,

94 2089 128 2145 Et
143 2088 287 2160 quidquid
304 2104 429 2160 quares,
445 2103 492 2143 me
507 2087 653 2142 tribuente
669 2085 755 2140 ierus.
944 2087 1115 2164 Exemplum
1127 2090 1216 2147 flendi
1232 2094 1326 2149 tantus
1337 2091 1391 2148 iuit
1406 2098 1493 2165 atque
1507 2090 1646 2147 dolendi:

59 2179 97 2236 Ut
113 2195 217 2249 magus
233 2178 294 2236 hate
310 2183 416 2250 psoius
432 2178 496 2243 suit,
513 2175 648 2232 illesieiii
663 2173 853 2246 stupefactus,
949 2204 955 2212 ·
980 2181 1073 2246 Quare
1086 2182 1186 2237 nuilus
1198 2197 1264 2238 eum
1278 2182 1475 2239 crediditosse
1489 2198 1583 2239 reum.

98 2268 237 2332 ΟΜΝΗ
248 2267 313 2338 quid
331 2267 443 2338 cupiat,
459 2265 531 2338 quid
546 2265 602 2320 flibi
618 2263 791 2328 ⁰⁰¹¹V⁸⁰i³ti
944 2272 1000 2328 Sed
1016 2271 1060 2327 vir
1075 2271 1235 2329 honoratus
1251 2280 1404 2346 postquam
1420 2272 1513 2328 iuerat
1529 2271 1704 2329 tumulatus.

62 2361 99 2414 Et
117 2364 230 2414 'tndem
247 2359 340 2413 dixit:
359 2359 453 2423 Peter.
469 2357 505 2411 td
522 2362 571 2410 1⁰⁸
587 2355 675 2410 verbe
689 2352 792 2409 “Vini
981 2366 1012 2416 itt
1023 2362 1107 2418 dolor
1122 2370 1152 2418 ut
1166 2362 1253 2429 sedit,
1268 2379 1352 2420 mans
1369 2363 1543 2434 strenuique
1560 2364 1645 2419 redit.

100 2455 182 2506 tiene
199 2466 273 2517 mee,
289 2449 367 2520 quod
384 2464 483 2520 quoero
499 2448 523 2503 si
536 2445 599 2502 flori
615 2450 716 2517 p0201'0
730 2459 737 2511 i
943 2452 1026 2508 Tune
1038 2469 1142 2525 magus
1154 2454 1290 2527 inemptis
1305 2454 1399 2526 magis
1414 2452 1569 2510 insistebat
1580 2452 1695 2526 ineptis,

63 2539 113 2597 Nil
131 2539 211 2594 atiud
228 2543 305 2594 ostie
318 2553 388 2610 rogo
403 2537 554 2609 contingat
564 2533 636 2591 mihi
646 2548 698 2606 per
712 2538 752 2604 ie,
981 2542 1089 2599 Taliter
1100 2542 1232 2599 sistoiens
1247 2548 1368 2616 arteque
1383 2542 1532 2615 decipiens

108 2630 202 2695 Quem
220 2629 294 2684 liber
304 2627 367 2684 fieri
382 2626 516 2701 proetidio
531 2624 629 2682 celeri·
945 2630 1081 2688 Consulis
1096 2647 1226 2702 uxorem,
1243 2633 1321 2706 quod
1334 2631 1382 2689 vix
1393 2637 1541 2703 pateretur
1556 2647 1698 2698 amorem,

59 2718 102 2775 ad
122 2735 188 2790 que
217 2718 374 2790 prediatus
389 2715 539 2788 respondit
553 2714 642 2771 borno
664 2710 855 2770 maledictus:
981 2721 1012 2776 si
1027 2735 1144 2776 servum
1161 2720 1311 2793 proprium
1323 2721 1441 2777 nomine
1454 2719 1639 2787 mamutium,

98 2805 225 2879 Compos
240 2807 319 2879 quod
331 2806 437 2877 queris
453 2803 588 2860 muneris
602 2803 693 2874 hujus
707 2803 785 2869 artu
945 2809 1214 2876 Quemvisinvitum
1228 2811 1346 2868 festinet
1361 2810 1469 2867 babere
1483 2820 1620 2866 meritum
1637 2824 1644 2866 :

60 2894 204 2952 Sedmats
216 2911 263 2952 me
279 2895 387 2962 nosris,
404 2894 473 2966 quia
487 2892 557 2948 tatia
569 2908 689 2948 munera
705 2892 818 2963 posuis:
982 2900 1023 2956 De
1038 2916 1096 2972 quo
1107 2916 1270 2973 presagum
1287 2900 1474 2958 consutitilia
1488 2916 1618 2972 magum,

103 2989 148 3040 An
167 2984 239 3040 mihi
255 2983 377 3040 difficile
392 2983 468 3054 quod
482 2982 614 3037 minimis
630 2980 738 3037 steilo?
947 2989 1000 3055 Oui
1016 2988 1100 3060 quasi
1122 2988 1280 3059 prudenter
1296 3004 1398 3059 magus
1415 2987 1516 3043 intulit
1540 2988 1595 3043 ista
1619 2991 1771 3045 vamnter:

61 3074 234 3131 Essstenim
243 3070 594 3144 pronumtibiquemiibet
609 3068 664 3126 hoo
678 3070 747 3126 dure
768 3069 891 3139 dunnnq
985 3075 1058 3133 iilud
1072 3077 1097 3133 si
1113 3077 1234 3146 taceres,
1249 3082 1279 3132 tu
1295 3076 1349 3132 tibi
1362 3077 1553 3142 consularem

99 3166 153 3219 Sed
169 3163 222 3216 tibi
238 3178 285 3217 me
300 3177 364 3217 vere
378 3160 463 3231 plura
478 3158 548 3215 libet
565 3160 668 3214 swert-
948 3164 1006 3223 Sed
1021 3167 1094 3220 bene
1108 3165 1220 3234 coepisti
1236 3164 1261 3220 si
1278 3164 1380 3220 ibeeris
1396 3171 1428 3220 ut
1438 3163 1554 3220 voluisti

64 3249 138 3308 Num
155 3267 222 3306 oum
239 3268 363 3324 persona
378 3250 461 3305 deest
477 3255 509 3303 ut
523 3248 585 3305 siut
598 3247 825 3320 ouusonadona,
980 3254 1051 3321 Ηοο,
1067 3259 1186 3310 auotore
1199 3253 1268 3323 Deo,
1280 3253 1463 3326 consilioque
1480 3269 1556 3310 meo.

96 3344 193 3397 Parve
209 3341 311 3396 deerat
324 3339 461 3409 humiles,
479 3337 673 3411 magnamini
689 3337 805 3395 similes
945 3333 1000 3391 llia
1017 3334 1088 3391 redit
1103 3333 1247 3406 gaudeus,
1275 3350 1409 3406 quumvis
1435 3333 1513 3392 istud
1529 3333 1627 3391 sosius
1648 3333 1774 3403 audens,
1872 3354 1875 3361 ·

69 3428 252 3486 Consularis
269 3446 320 3501 per
336 3445 399 3485 me:
417 3429 476 3484 dixi
488 3429 538 3483 tibi
559 3436 664 3484 caetera
678 3426 769 3485 terme
981 3425 1147 3483 Dummodo
1163 3425 1337 3482 Mamutium
1353 3426 1447 3498 possit
1460 3426 1566 3482 habere
1582 3425 1698 3494 uirum:

103 3518 170 3583 Oua
186 3519 256 3575 dare
267 3520 417 3590 proposui,
433 3517 486 3574 sed
503 3517 609 3573 meiius
625 3515 714 3572 taoni.
945 3515 1165 3587 Impatiensque
1181 3531 1278 3581 more.
1296 3530 1361 3571 mox
1377 3513 1522 3571 libertatis
1532 3514 1642 3571 honora

70 3608 107 3664 Et
117 3597 256 3665 tunn'hoo
269 3607 377 3678 veniet,
394 3608 443 3663 sed
459 3623 518 3680 quo
533 3607 591 3663 dixi
607 3605 661 3662 tibi
677 3605 736 3663 fiat.
981 3603 1076 3661 Donet
1090 3604 1264 3660 idemutium
1277 3620 1285 3671 ;
1300 3603 1428 3661 detrabit
1441 3603 1573 3660 osiiuium

101 3697 209 3754 Contra
221 3696 383 3753 Mamutius
398 3698 498 3753 intutit
513 3696 574 3752 hese
589 3695 697 3752 eitius:
948 3693 992 3751 Illi
1004 3691 1119 3761 serviis,
1135 3709 1186 3767 pro
1202 3693 1331 3767 quesibi
1348 3692 1444 3751 reddit
1455 3692 1559 3763 barile,

63 3785 95 3843 Si
111 3787 165 3843 tibi
181 3803 357 3852 senensem,
374 3801 431 3841 non
448 3784 540 3841 altera
559 3800 682 3841 munera
695 3799 813 3858 quaeru;
982 3787 1072 3856 Atque
1087 3800 1172 3841 suum
1183 3783 1326 3842 tamaium
1341 3783 1664 3841 eonstituitdominum.

102 3877 175 3934 Nam
204 3878 276 3933 bene
291 3876 364 3932 iiber
378 3890 439 3940 ero,
455 3875 479 3929 si
495 3873 548 3929 tibi
564 3875 699 3931 serviero.
946 3875 1056 3946 Nempe
1071 3874 1198 3932 meritati
1213 3876 1297 3945 tuda,
1315 3873 1539 3949 rituquejugaii

65 3966 101 4022 Λῑ
119 3982 223 4039 magus
236 3973 268 4021 ut
283 3966 372 4029 novit,
389 3979 444 4019 sua
460 3979 527 4017 mox
539 3962 686 4034 prestigia
700 3962 802 4034 movit,
983 3965 1055 4020 Huio
1070 3981 1100 4021 se
1116 3966 1283 4039 supposuit,
1298 3963 1375 4022 beni
1392 3965 1463 4039 quia
1473 3965 1637 4039 depuduit:

103 4057 138 4112 itt
152 4056 195 4113 sio
211 4054 391 4112 immeritum
408 4051 544 4109 Mamutii
560 4051 711 4107 dominum
947 4054 1028 4120 Quod
1042 4057 1178 4127 quamvis
1199 4055 1308 4121 diuam,
1325 4056 1415 4111 fateor
1429 4058 1529 4110 tamen
1544 4070 1610 4110 esse
1621 4053 1771 4127 pudieam,

65 4148 167 4204 ttorbo
182 4148 336 4218 percussit,
348 4145 495 4215 tantisque
505 4141 751 4208 doloribusussit,
983 4144 1063 4202 Hane
1078 4153 1104 4201 et
1120 4150 1285 4202 matronam
1301 4146 1354 4202 rite
1365 4144 1457 4201 tuisse
1467 4144 1586 4200 bonam.

101 4238 183 4307 Qriod
199 4237 255 4294 sibi
268 4252 348 4292 mors
363 4234 465 4296 leuior.
482 4233 541 4288 vitu
551 4232 624 4288 iuret
637 4233 754 4305 gravior
948 4234 1003 4291 Sed
1020 4233 1105 4291 dutus
1121 4238 1262 4308 antiquus
1273 4250 1377 4308 magus
1393 4233 1470 4289 hano
1480 4231 1737 4304 deeepitiniquus‚

67 4329 174 4387 uss
183 4328 315 4400 Cumque
330 4334 503 4390 moraretur,
519 4328 638 4379 nectam
649 4322 706 4379 nito
722 4327 893 4392 moreretur,
983 4322 1034 4377 cni
1051 4338 1103 4378 neo
1119 4327 1182 4378 arat
1196 4323 1295 4379 dirum
1311 4317 1625 4377 mortificasseuirum.

102 4416 185 4485 Quod
201 4432 260 4473 nun
275 4419 411 4487 prompta
425 4415 481 4469 fuit
497 4428 587 4479 mors,
603 4411 699 4484 magis
714 4410 849 4469 indoluit.
1260 4407 1403 4467 CANTUS
1412 4407 1461 4463 111.

66 4510 99 4567 Et
108 4525 208 4565 seeum
223 4507 319 4563 tatur:
342 4505 404 4561 Nisi
420 4504 555 4576 protinus
572 4503 617 4560 hie
633 4506 784 4572 moriatur,
911 4493 995 4558 [isto
1011 4500 1061 4556 ubi
1077 4501 1221 4572 primatus
1232 4500 1295 4571 iam
1311 4496 1393 4555 fulsit
1402 4495 1512 4554 honore
1523 4495 1625 4553 beatus

102 4599 185 4654 'iuno
200 4613 253 4670 ego
272 4612 329 4653 non
345 4594 448 4660 valeo;
464 4593 514 4648 sed
529 4591 600 4665 quid
614 4608 698 4664 agam
710 4598 805 4651 teneo.
984 4588 1091 4646 Consul
1107 4589 1278 4654 Mummius,
1288 4588 1369 4646 diues
1384 4590 1412 4644 ei
1422 4585 1560 4653 eximius,

66 4693 127 4744 Ηοο
138 4688 224 4742 tacite
234 4686 325 4751 dieto,
342 4682 462 4755 reptioat
479 4698 546 4739 mox
559 4681 635 4738 sieut
650 4697 665 4739 e
681 4681 753 4739 rioto
948 4678 989 4732 ad
1006 4694 1038 4735 ss
1052 4680 1223 4735 damnatum
1238 4675 1379 4734 voeatiiie
1389 4692 1478 4734 snum
1490 4674 1677 4745 sceleratum,

104 4778 166 4833 Sub
182 4776 252 4832 recti
268 4775 366 4848 speeie
384 4788 539 4828 murmura
554 4769 703 4844 nequitis.
984 4769 1075 4834 Quem
1091 4769 1134 4826 sie
1149 4768 1326 4841 alloquitur:
1344 4771 1415 4825 iieoe
1432 4771 1502 4823 tuus
1518 4765 1626 4822 fruitur

69 4867 105 4923 m
121 4882 245 4937 surgens
262 4869 357 4927 nocte,
372 4860 517 4918 subtraxit
527 4857 636 4915 lumina
647 4859 742 4925 doute,
949 4860 1109 4917 Mumutius
1123 4875 1173 4930 par
1188 4863 1216 4915 te
1229 4856 1384 4931 promissis
1400 4858 1487 4915 rebus
1502 4859 1614 4930 aparte,

105 4946 141 5004 Ut
158 4947 265 5000 t'aoiant
278 4945 402 4999 iettebroe
416 4938 474 4996 title
489 4939 572 4995 nefus
584 4937 707 5006 celebro,
983 4948 1090 5006 Consul
1106 4949 1189 5004 diam·
1202 4963 1267 5020 0⁸0,
1284 4963 1330 5004 me
1345 4951 1443 5004 umen
1458 4961 1523 5004 0350
1539 4960 1624 5018 pago,

69 5037 102 5093 m
115 5035 200 5108 quasi
215 5034 369 5091 defunctos
384 5047 488 5089 somno
504 5028 576 5102 ligat
591 5028 693 5085 ordine
707 5035 840 5091 eunntos.
948 5039 1011 5095 lam
1030 5038 1144 5095 nomini
1161 5053 1243 5095 more
1257 5041 1356 5094 nostru
1372 5035 1502 5108 iungeris
1516 5035 1637 5102 honore,

102 5129 166 5194 Quo
179 5128 253 5181 fecto
270 5123 405 5196 proprius
421 5119 554 5177 criminit
570 5118 593 5174 ῑῑ
607 5117 725 5187 weitin
983 5125 1089 5183 Noster
1104 5126 1198 5183 honor
1212 5131 1283 5184 tuus
1294 5128 1351 5189 est,
1365 5124 1474 5198 qnippe
1485 5132 1553 5180 tuus
1569 5137 1653 5179 mens
1667 5127 1731 5179 est:

65 5216 101 5272 Et
116 5216 157 5269 sie
172 5214 279 5270 exertis
295 5212 418 5268 humero
433 5215 521 5266 tenus
538 5209 601 5280 iuss
616 5207 744 5280 lacertis,
947 5214 1051 5273 1²⁸⁸
1066 5217 1107 5273 Tu
1134 5215 1315 5286 prmtieabis,
1331 5214 1425 5285 Pater,
1453 5218 1483 5270 st
1498 5211 1630 5271 iacienda
1645 5211 1773 5279 notabis,

104 5304 258 5360 iuiirmum
276 5302 414 5358 menibus
430 5299 555 5356 conterit
568 5301 597 5353 st
611 5295 747 5370 pedibus.
983 5306 1189 5378 Prmusptoque
1201 5311 1251 5361 tuo
1268 5318 1355 5378 pareo
1370 5306 1521 5361 eontinuo.

68 5395 164 5461 Hujus
174 5397 203 5448 et
216 5392 327 5462 absque
341 5407 422 5447 mors
437 5406 503 5446 auin
521 5386 643 5444 naribus
657 5387 785 5446 obstruit
794 5406 857 5459 urs,
946 5399 1003 5450 Per
1016 5411 1062 5455 ine
1074 5394 1227 5465 majorem,
1243 5410 1350 5469 magus
1364 5392 1473 5466 inquit,
1487 5376 1786 5457 habebishonurem'

101 5481 154 5538 Cui
169 5481 212 5537 siu
224 5482 373 5554 spiramen
389 5477 527 5545 ubstuiit;
544 5477 607 5548 ipse
623 5479 721 5531 tamen
981 5484 1011 5541 si
1023 5483 1076 5540 tihi
1092 5500 1157 5557 (μω
1169 5485 1258 5558 jubeo
1275 5483 1381 5541 temris
1396 5487 1428 5540 ut
1442 5496 1559 5540 moneo.

66 5571 208 5630 Gutturei
224 5570 319 5645 tregit,
335 5577 519 5641 m⁰ri⁸mq¹¹0
530 5566 629 5622 whiffl
643 5563 747 5640 ⁰⁰⁶8&
877 5644 879 5648 Α
949 5573 1033 5633 Haud
1049 5574 1239 5645 obtestatum,
1255 5574 1306 5632 ssd
1322 5588 1403 5632 nune
1418 5573 1454 5630 de
1469 5575 1563 5629 matrs
1576 5576 1704 5627 ereetum
1781 5560 1788 5597 ³
