3802 6030
16 234 31 254 ²
62 237 69 265 ⁵
125 220 128 225 ’
164 256 242 319 ssu
657 245 1232 322 rau.n1annsnartaauuuau.
1257 248 1378 312 seran
1800 248 1875 315 isra

197 390 320 465 Cogitur
334 390 371 446 ad
382 404 466 445 veros
481 404 591 460 sponsa
604 387 704 445 venire
718 391 824 444 metus.
999 383 1028 453 A
1042 383 1188 455 Tempora
1202 382 1227 438 si
1242 383 1363 441 redeant
1377 383 1505 456 antiquas
1520 381 1734 458 simplicitatis,

159 482 196 537 llt
211 480 323 537 sobolis
335 483 426 535 decus
443 478 600 550 aspiciens,
615 476 787 549 obitumque
803 474 915 544 mariti,
1076 473 1238 548 argutique
1254 475 1339 532 cadat
1351 475 1474 548 spiritus
1489 474 1610 549 ingenii,

198 569 275 626 Lata
291 585 343 640 per
356 567 485 624 alternas
501 566 591 639 litque
602 566 726 624 molesta
740 567 829 624 vices.
1042 564 1161 619 Femina
1176 564 1303 621 suitlciet
1318 573 1395 623 artes
1407 580 1546 637 reparare
1560 566 1687 624 nocendi

162 656 285 727 Quando
299 657 407 727 virum,
422 657 466 713 vel
481 657 567 714 dulce
582 656 636 712 viri
652 658 850 731 quodcunque
865 654 970 713 inisset
1076 653 1265 723 Partldiraque
1282 670 1389 711 nouum
1406 654 1525 712 turritan
1542 657 1629 713 addet
1643 671 1731 730 opas.

199 755 332 806 Praesens
344 753 411 804 ante
426 764 486 805 suoe
503 747 616 804 lumina
634 748 742 804 mentis
757 747 854 803 habet.
1040 745 1181 811 Tempore
1196 746 1353 802 mitescunt
1367 745 1461 817 posita
1477 745 1591 802 latitate
1604 743 1716 813 leones,

163 837 283 897 Pectora
294 837 438 910 jucundis
453 836 639 894 successibus
654 835 817 893 exhilarata
1076 826 1217 901 Tempore
1228 829 1312 888 leniri
1328 832 1413 905 tigris
1427 837 1457 889 et
1472 849 1539 889 ursa
1553 832 1658 890 solent.

197 928 334 985 Vindicat
349 926 511 1000 hospitium
527 942 598 982 cura
613 924 751 997 dolorque
762 923 830 981 sihi.
1044 915 1113 974 Fixa
1128 919 1230 991 pedem
1247 924 1346 976 manet
1360 920 1397 977 ad
1411 920 1535 991 lacinus,
1551 935 1766 995 nunquamque
1782 919 1867 978 mali·

162 1021 234 1078 Cam
251 1017 394 1092 patricida
409 1017 494 1086 redit,
510 1014 628 1088 qualem
643 1018 846 1087 quantumque
860 1013 951 1071 rideri
1756 1010 1856 1085 [gnam

195 1106 251 1163 Dat
266 1111 416 1162 maternus
433 1119 526 1174 amor,
543 1120 601 1161 nou
618 1102 705 1159 babet
720 1104 764 1160 tra
782 1102 891 1159 locum.
1078 1097 1173 1155 Mutat
1188 1103 1321 1158 naturam
1338 1100 1448 1158 semina
1462 1099 1526 1158 sola
1541 1117 1637 1159 suam.

159 1195 293 1269 Cumque
308 1193 390 1251 subit
403 1191 522 1251 socialia
538 1207 621 1248 amor
634 1191 789 1264 sanusque
800 1191 909 1258 mariti,
1042 1185 1072 1242 Si
1087 1204 1144 1259 qua
1159 1205 1247 1246 suum
1263 1191 1381 1263 penitus
1397 1191 1518 1250 descivit
1532 1192 1642 1249 temtus
1656 1206 1774 1261 msam,

197 1284 353 1358 integritas
368 1283 443 1353 vita,
457 1298 509 1338 uec
525 1281 633 1339 violata
648 1282 730 1338 tides.
1076 1277 1147 1335 Plus
1163 1278 1246 1336 niveo
1261 1296 1347 1338 corvo
1363 1281 1532 1355 prodigiosa
1544 1281 1609 1338 tuit.

162 1375 226 1434 Noa
241 1373 390 1447 peperisse
405 1371 495 1439 valit;
512 1375 600 1428 natus
616 1371 735 1445 natique
754 1375 884 1445 potestas
1041 1369 1095 1423 Sed
1116 1367 1186 1439 quid
1204 1374 1314 1425 natura
1330 1368 1410 1440 vitto,
1426 1370 1472 1427 val
1483 1369 1554 1443 quid
1567 1369 1705 1444 genuinis

199 1462 347 1536 Displicet,
362 1465 392 1517 et
406 1477 528 1534 prorsus
543 1461 653 1518 desinit
667 1476 732 1518 ease
748 1477 865 1534 parens.
1077 1457 1208 1514 Moribus
1223 1461 1339 1517 ascribo
1354 1460 1489 1518 criminis
1505 1460 1594 1532 hujus
1610 1458 1711 1518 causi

160 1552 313 1611 Interdum
329 1550 455 1606 mitescit
474 1555 567 1616 atrox,
580 1549 777 1624 blandamque
793 1554 943 1625 parentem
1041 1545 1122 1611 Quod
1136 1548 1224 1618 mala,
1240 1551 1317 1621 quud
1334 1566 1474 1623 nequam,
1488 1551 1566 1621 quod
1595 1554 1689 1622 atrox,
1710 1546 1790 1622 quod
1804 1563 1864 1622 per·

196 1641 306 1710 Induit,
322 1645 351 1697 et
364 1639 456 1696 vincit
471 1638 550 1696 illius
561 1640 624 1712 ipse
636 1640 745 1696 virum.
1696 1638 1773 1713 [dits
1785 1637 1848 1708 laci,

160 1730 287 1791 Alternis
303 1730 383 1787 dotat
397 1734 425 1785 et
439 1728 557 1802 gaudet,
574 1728 736 1803 misereque
748 1729 834 1787 beata
1001 1755 1025 1821 B
1077 1725 1117 1782 ad
1134 1743 1233 1784 sexam
1256 1728 1347 1786 relaru
1362 1728 1487 1802 turpiter
1501 1728 1566 1802 ipsa
1580 1745 1692 1788 meum.

19 1868 43 1887 .,
70 1848 77 1857 «
194 1820 343 1878 Ponderat
358 1818 394 1875 sd
411 1834 499 1876 casus
513 1817 610 1875 dulcia
625 1818 685 1876 iata
700 1819 805 1877 malos.
1040 1814 1114 1871 Nam
1130 1817 1202 1873 bena
1215 1833 1306 1875 causa
1322 1819 1405 1887 nitet,
1422 1834 1481 1890 qua
1497 1834 1528 1875 se
1545 1834 1608 1876 mes
1618 1816 1703 1889 calpa
1719 1817 1837 1882 coloret.

71 1951 74 1960 ι
159 1911 254 1969 Anaia
268 1909 454 1976 distrahitur,
470 1909 619 1980 dubioque
634 1909 800 1966 miserrima
812 1912 879 1967 voto
1075 1905 1170 1978 Seque
1185 1922 1283 1964 meum
1299 1908 1412 1965 lacinus
1428 1924 1486 1965 non
1503 1908 1594 1966 habat
1606 1908 1686 1965 unda
1702 1916 1791 1981 tegat.

197 2000 299 2057 18⁰1
319 1999 464 2070 Fluctuat,
481 2000 509 2054 et
523 1997 634 2055 bellum
651 2003 745 2055 mater
758 2002 788 2055 et
809 2016 883 2057 uxor
897 1998 967 2072 agit.
1041 1992 1063 2050 O
1082 1996 1190 2067 conjnx
1203 1996 1323 2068 decepte
1337 1997 1406 2054 diui
1423 1997 1476 2053 tibi
1493 1997 1624 2054 creditur
1637 2013 1723 2066 uxor,

160 2090 190 2146 Si
202 2093 292 2163 queat
305 2092 412 2145 aterno
422 2091 527 2144 Parcas
542 2093 714 2161 prevertere
727 2104 829 2156 cursa,
1077 2084 1144 2150 Oua
1158 2085 1210 2142 tibi
1226 2102 1285 2143 non
1299 2103 1383 2159 axor,
1400 2086 1451 2144 aad
1463 2087 1557 2159 magia
1571 2086 1666 2145 hostis
1684 2091 1759 2145 erat.

196 2177 291 2235 Vellet
306 2194 358 2251 pro
373 2177 493 2235 domino
507 2176 565 2234 fata
581 2177 681 2234 subire
692 2193 756 2235 suo.
1041 2170 1174 2231 Forsitan
1187 2174 1335 2248 obsequiis
1351 2180 1379 2233 et
1394 2175 1502 2233 blanda
1517 2175 1674 2235 sedulitate

160 2267 216 2325 Sed
233 2267 330 2323 tristis
347 2266 496 2339 Lachesis,
507 2267 555 2323 sed
572 2266 751 2324 inexorabile
767 2267 860 2324 tatum
1077 2262 1223 2322 credebas
1237 2265 1369 2323 animum
1385 2266 1584 2337 promeruisse
1597 2281 1707 2323 meunt.

196 2355 320 2413 Nonnisi
336 2357 522 2429 prescriptae
536 2355 579 2411 via
592 2356 681 2413 babet
695 2356 737 2413 ire
751 2357 825 2425 vias,
1039 2357 1063 2409 Α
1078 2353 1182 2424 primis
1196 2356 1242 2412 cui
1256 2355 1396 2428 gradibus
1410 2360 1480 2412 tuus
1496 2357 1602 2414 unicus
1616 2354 1706 2413 ardor

162 2444 216 2502 Vir
230 2462 303 2501 auus
319 2444 430 2502 interea
444 2446 523 2501 curis
538 2452 753 2519 superoccupat
767 2462 884 2520 tagram,
1077 2441 1184 2500 Unicus
1198 2443 1330 2514 aflectus,
1347 2445 1434 2502 unica
1449 2462 1520 2502 cura
1535 2445 1585 2502 lui.

196 2535 328 2605 Tumque
341 2548 431 2604 super
443 2533 510 2589 tatis
525 2533 647 2606 peruigil
663 2534 727 2605 ejus
743 2539 815 2590 erat.
1040 2530 1070 2587 Si
1087 2532 1237 2589 henetactu
1248 2535 1308 2592 tuis
1324 2534 1400 2590 male
1415 2534 1623 2608 respondentia
1635 2534 1713 2591 votis

161 2621 332 2694 lntuitoqus
345 2620 407 2678 viro
422 2623 508 2694 cujus
523 2637 613 2694 prope
625 2623 684 2679 tata
698 2622 825 2690 videbat,
1075 2619 1205 2693 AEqualis
1221 2622 1316 2680 meriti
1332 2640 1389 2680 nou
1405 2624 1533 2683 habuere
1548 2625 1636 2695 uices,

200 2710 325 2783 Ingemit
339 2711 443 2768 affectu
458 2728 527 2768 vera
541 2711 650 2770 Sabina
665 2712 722 2786 pio.
1040 2711 1219 2782 Obsequium
1236 2713 1363 2785 damnis,
1379 2715 1455 2772 odiis
1471 2731 1628 2789 pensamus
1648 2730 1792 2783 amorem,

163 2799 402 2873 Compreasaeque
416 2800 466 2855 diu
483 2802 600 2857 tandm
615 2803 696 2858 vetut
707 2802 825 2876 agmins
840 2803 915 2861 iacto
1076 2800 1237 2874 Opprobrio
1252 2802 1382 2871 laudem,
1399 2805 1590 2878 prodigioque
1604 2803 1705 2862 fidem.

201 2888 344 2947 Discursu
359 2890 492 2961 lacryma
508 2890 643 2948 liberiore
659 2891 765 2951 ttuunt.
1041 2891 1143 2948 12⁰2
1161 2893 1272 2964 Quare,
1289 2895 1404 2962 marite,
1421 2911 1527 2952 novum
1544 2911 1634 2967 peenas
1648 2910 1754 2968 genas,
1769 2893 1855 2950 exirm

165 2975 301 3051 obriguit
315 2979 454 3036 dominus
469 2979 607 3053 lacrymis
623 2979 779 3039 violentias
795 2984 878 3052 ortis,
1695 2985 1823 3059 [terram

196 3068 299 3126 Nescio
314 3068 385 3142 quid
400 3070 473 3127 tanti
488 3071 581 3128 sensit
595 3071 692 3130 inesse
707 3072 787 3130 mati.
1078 3071 1195 3129 viscera
1210 3072 1299 3130 tunde
1313 3072 1386 3140 sole,
1402 3073 1532 3131 distrahe
1546 3075 1680 3131 membra
1696 3073 1777 3132 rotis.

162 3158 260 3217 Currit
275 3160 305 3216 ia
317 3158 481 3233 amplexus,
497 3165 527 3217 et
538 3162 665 3218 dulciter
678 3162 779 3221 oscula
793 3165 887 3222 charae
997 3131 1019 3201 c
1038 3161 1075 3217 Hi
1089 3178 1142 3235 ego
1159 3161 1248 3236 digna
1263 3161 1359 3230 malls,
1376 3180 1440 3236 que
1452 3163 1565 3235 judicio
1580 3162 1778 3222 Rhadamanti

196 3248 336 3322 conjugis
349 3249 498 3323 irrumpit,
514 3254 544 3307 et
559 3255 642 3324 rogat
657 3253 735 3309 unde
747 3252 835 3310 dolet.
1073 3250 1212 3309 Tartarea
1227 3252 1340 3325 patitur
1355 3253 1441 3308 noxia
1455 3254 1543 3310 turbs
1556 3253 1653 3310 domo.

15 3408 19 3415 ¹
75 3374 78 3379 ·
161 3339 983 3415 cuitemeulltanibilpromit;lmportunusadbreret,
1037 3341 1093 3400 Sed
1109 3343 1179 3415 quia
1195 3359 1358 3416 suspensus
1374 3343 1463 3400 dubio
1479 3360 1614 3402 sermone
1628 3346 1752 3416 teneris,

198 3431 292 3488 Instat
306 3436 333 3484 et
348 3429 504 3499 incumbit,
517 3430 750 3504 multiplicatque
766 3448 876 3504 preces.
1072 3433 1247 3505 Accipequc
1262 3433 1393 3500 tendant,
1407 3432 1477 3506 qnid
1494 3450 1558 3490 msa
1572 3433 1662 3491 verba
1673 3434 1774 3493 velint.

162 3520 224 3587 Quo
239 3520 307 3592 plns
321 3524 425 3576 mmstu
439 3519 516 3586 silet,
533 3519 628 3591 potuit
646 3522 813 3592 suspectius
831 3538 895 3580 esse
1037 3520 1124 3590 Olim,
1141 3521 1167 3578 si
1183 3538 1340 3588 ursmarus,
1352 3522 1450 3594 peperi
1463 3537 1551 3594 quem
1567 3522 1664 3580 sidera
1679 3539 1791 3596 regem,

199 3610 280 3678 Quod
296 3609 410 3664 dubitat
422 3612 504 3664 tanta
518 3608 574 3664 sub
589 3608 730 3679 gravitate
744 3610 836 3683 loqui.
1071 3611 1320 3684 spondebantque
1334 3614 1413 3669 senis
1428 3616 1541 3684 sceptra
1555 3616 1654 3670 tenere
1669 3613 1791 3685 Numa3

163 3698 271 3765 oderit
285 3714 393 3770 perque
409 3696 495 3753 noem
511 3694 692 3770 thalamique
707 3716 804 3757 sacros
820 3701 985 3775 hymeneos
1037 3700 1231 3772 scandebant.
1246 3701 1306 3770 (sed
1321 3701 1389 3757 flere
1409 3702 1514 3774 magia,
1529 3718 1616 3774 quam
1632 3702 1731 3760 eicere
1745 3704 1789 3762 tas
1802 3700 1851 3777 aa)

198 3786 281 3857 Quis,
298 3786 407 3858 quibus
422 3801 456 3841 ex
470 3786 568 3841 causis
585 3787 699 3844 tinxerit
713 3787 769 3847 iste
783 3790 876 3848 dolor.
1074 3789 1149 3846 Proh
1165 3789 1264 3847 dolorl
1282 3796 1430 3847 auctorem
1447 3792 1558 3848 lunaris
1573 3807 1638 3850 esse
1653 3794 1709 3849 tui.

162 3873 193 3932 st
210 3891 256 3931 res
271 3875 384 3931 consilii
397 3881 473 3934 tutas
487 3876 645 3934 descendet
659 3878 689 3934 ia
706 3897 802 3951 aures,
1036 3878 1167 3936 Territus
1183 3882 1316 3954 augurio,
1327 3886 1429 3938 contra
1443 3898 1497 3938 sua
1512 3881 1624 3938 viscera
1639 3892 1761 3939 matrem

198 3965 227 4023 Si
242 3965 360 4024 scelus:
375 3964 431 4024 hoc
447 3967 553 4040 poterit
567 3966 643 4025 scire
658 3969 783 4029 maritus
797 3987 912 4029 amans.
1074 3968 1209 4042 Pracipis
1223 3971 1341 4040 armari,
1357 3970 1584 4044 progeniemque
1599 3971 1705 4045 premi.

458 4100 601 4159 bitti
621 4102 683 4160 Ἧι·
1037 4059 1670 4223 illlelltlltlttttltl‘
1685 4062 1768 4121 Μ’

162 4236 238 4312 aega
252 4236 308 4297 tori
324 4233 505 4309 thalamique
521 4235 579 4292 llde
592 4235 745 4309 compulsa
760 4237 854 4311 lateri,
1039 4238 1171 4311 lteutiur,
1187 4239 1363 4297 exstinctum
1375 4240 1481 4307 aredis,
1497 4240 1651 4298 temerarie
1661 4240 1770 4311 credis,

196 4326 263 4393 Qua
279 4326 385 4385 melius
401 4328 536 4400 poterant
548 4323 708 4396 utiliusque
722 4327 791 4401 tegi.
1074 4328 1130 4386 Sed
1146 4345 1219 4401 puer
1233 4329 1353 4387 alterius
1368 4331 1451 4387 lactis
1468 4328 1592 4387 habebat
1606 4346 1702 4404 opem.

161 4417 221 4488 Est,
236 4419 287 4489 ait,
303 4419 382 4476 uude
397 4433 504 4492 querar
517 4417 553 4473 de
567 4421 606 4488 te,
623 4423 728 4475 natura
742 4419 876 4492 creatrix,
1036 4416 1082 4473 Sic
1097 4416 1189 4491 igitur
1202 4419 1354 4491 culpamve
1370 4418 1451 4490 uatis,
1468 4420 1642 4492 facinusque
1655 4421 1766 4494 vocam,

194 4508 262 4574 Qua
277 4508 348 4564 nihil
365 4507 403 4565 ad
419 4524 565 4565 summam
582 4507 700 4581 perticis
716 4525 810 4583 usque
823 4526 953 4568 manum.
997 4495 1022 4560 D
1072 4506 1154 4564 Nunc
1169 4507 1211 4564 illi
1230 4524 1320 4581 puero
1335 4510 1442 4566 vivitur
1455 4509 1513 4567 ista
1528 4509 1601 4566 dies.

157 4597 248 4656 ltulta
261 4597 328 4655 licet
341 4597 466 4664 dederis,
479 4598 578 4653 minua
592 4598 723 4671 estquod
739 4599 848 4657 lamina
862 4617 977 4673 nascor,
1035 4597 1125 4654 Filius
1140 4598 1189 4655 ille
1203 4603 1283 4670 tuus,
1300 4601 1386 4671 cujus
1401 4599 1524 4656 rationis
1535 4615 1666 4672 acumen,

195 4685 359 4756 Deiecitque
374 4693 442 4741 tuae
457 4684 511 4742 han
526 4683 598 4741 mibi
615 4693 695 4757 parte
709 4685 797 4743 favor.
1071 4691 1163 4744 Actus
1174 4689 1286 4758 mirari,
1301 4706 1369 4747 vera
1383 4689 1506 4763 probare
1521 4688 1607 4748 soles.

158 4779 188 4837 la
204 4792 285 4831 meas
299 4779 345 4832 cst
358 4790 443 4831 sexus
459 4775 509 4847 qui
525 4773 689 4832 detestatur
703 4775 872 4847 honestum,
1036 4777 1127 4835 Filius
1142 4777 1191 4834 llte
1206 4783 1286 4846 taus,
1303 4796 1392 4853 quem
1407 4779 1545 4851 predicat
1557 4779 1636 4837 orbis
1650 4787 1677 4838 et
1693 4782 1793 4843 omnis

195 4865 250 4931 Qui
265 4865 405 4937 quidquid
418 4866 513 4920 scetus
529 4869 574 4921 eet
587 4864 717 4922 vindicat
730 4882 795 4924 osse
810 4883 908 4925 suum.
1072 4870 1140 4935 Qua
1155 4869 1210 4926 aab
1226 4873 1346 4941 septeno
1360 4869 1476 4927 climate
1491 4874 1570 4927 terra
1581 4869 1670 4942 jacet.

159 4956 189 5015 Si
205 4956 292 5012 liceat
305 4954 419 5026 superis
434 4971 525 5028 genus
538 4959 684 5013 avertatur
699 4957 833 5029 iniquum
1035 4957 1127 5015 Filius
1142 4957 1191 5015 ille
1206 4964 1286 5029 tuus,
1297 4959 1332 5015 de
1348 4977 1405 5032 quo
1422 4976 1538 5032 quoque
1553 4957 1626 5016 livor
1639 4965 1669 5017 et
1684 4960 1791 5036 hostis,

196 5044 316 5104 Femina
327 5062 334 5113 ;
347 5045 423 5102 visat
436 5045 525 5102 humo
537 5045 600 5117 jam
616 5059 688 5102 snus
707 5045 776 5102 orbe
791 5063 855 5104 suo.
1071 5047 1111 5104 De
1124 5064 1181 5120 quo
1197 5049 1314 5105 mentiri
1331 5050 1408 5105 tama
1423 5048 1466 5105 uel
1482 5048 1547 5122 ipss
1560 5049 1652 5106 timet.

159 5138 239 5192 Aura
254 5150 374 5202 nocens,
389 5135 479 5191 maris
494 5133 572 5189 unda
586 5135 714 5201 tumens,
735 5135 867 5208 irataque
883 5153 981 5211 pugna
1035 5136 1125 5193 Filius
1136 5138 1186 5194 illa
1201 5143 1281 5207 tuus;
1296 5139 1383 5210 cujus
1397 5137 1542 5211 Carthago
1557 5139 1726 5213 triumphos

195 5229 257 5281 Nou
274 5230 359 5283 necat
373 5224 408 5280 ad
425 5236 590 5289 numeram,
608 5221 717 5278 semina
731 5224 803 5296 dira,
820 5231 915 5283 tuum.
1070 5226 1129 5282 Neo
1148 5242 1221 5299 gena
1237 5227 1389 5284 Annibalis
1403 5227 1557 5284 erubuisse
1572 5234 1677 5300 potest.

159 5312 262 5372 Planta
277 5316 321 5371 vel
336 5312 421 5371 arbor
439 5310 528 5367 habet
542 5309 650 5382 quibus
665 5314 838 5369 extendatur
848 5316 979 5373 inarum
1035 5313 1127 5373 Filius
1142 5315 1191 5372 ille
1205 5321 1285 5386 tuus,
1301 5333 1387 5391 quem
1404 5317 1485 5391 regni
1501 5318 1571 5373 sede
1586 5316 1717 5375 locatam

117 5405 120 5412 '
196 5403 331 5474 Semina;
348 5408 521 5476 perpetuum
537 5403 633 5456 servat
648 5404 772 5473 utraque
787 5419 889 5477 genus,
1070 5404 1173 5462 Carnis
1188 5407 1331 5463 honorata
1344 5411 1459 5479 sceptra
1469 5413 1568 5465 tenere
1583 5423 1694 5466 manu:

161 5488 281 5547 Femina
296 5507 354 5549 non
369 5490 453 5549 aliter
464 5488 592 5547 radicem
608 5486 742 5545 criminis
757 5490 786 5546 ln
802 5506 844 5558 sa,
1035 5493 1127 5552 Verba
1143 5495 1353 5566 mathematici,
1367 5496 1424 5554 nisi
1440 5496 1519 5570 quod
1531 5497 1651 5555 tuatata
1667 5508 1843 5574 supersunt,

196 5582 421 5655 sementemque
435 5578 517 5652 mati,
534 5575 745 5651 materiamque
759 5583 847 5637 tanat.
1071 5584 1175 5643 Omnia
1189 5585 1225 5644 ds
1240 5589 1319 5645 certo
1332 5581 1472 5664 [decretu]
1487 5584 1546 5644 dna
1559 5590 1679 5661 peraeta
1692 5589 1791 5653 rides.
