3802 6030
156 286 233 350 toea
642 277 731 343 ΠΝ.
753 268 990 338 ulnuultuuul
1011 267 1213 333 GENOMAN.
1237 268 1360 334 EPISO.
1781 263 1864 333 1064

189 420 330 492 Raptores
345 414 495 479 cohibens,
505 409 627 468 reddere
640 413 725 480 repta
736 408 856 480 jubens.
987 406 1014 474 Α
1028 399 1080 458 liis
1094 401 1185 478 igilur
1202 401 1325 460 maculis
1340 399 1494 473 prudentia
1505 399 1572 471 June
1586 399 1716 469 vocatur,

157 512 196 568 lle
212 509 300 565 dubie
315 507 401 562 dictis
417 521 452 559 ne
467 519 552 558 cures
568 508 682 558 nectere
695 500 788 569 litem,
1070 491 1099 548 Si
1117 508 1174 549 non
1191 491 1355 566 legitimum
1374 491 1450 547 norit
1464 489 1572 546 babere
1587 489 1720 546 modum.

193 599 248 653 Sed
263 611 343 651 mens
359 592 482 649 dicentis
498 591 681 662 inspicienda
696 589 800 661 magis.
1034 579 1086 637 Est
1100 587 1198 638 nutem
1215 583 1321 639 modun
1338 582 1383 638 bic
1400 581 1474 636 libra
1494 578 1653 636 meditatus
1668 583 1806 650 utraque,

157 685 202 746 Nil
220 687 335 741 ilrmare
350 685 446 753 majus
461 681 514 736 tibi
529 697 617 752 quem
629 681 730 750 jurare
744 684 841 735 ratum
858 675 907 743 sit,
1071 669 1107 727 Ut
1123 671 1164 727 nil
1180 678 1341 740 versutum,
1358 669 1399 726 nil
1415 671 1445 726 in
1461 686 1495 725 ea
1509 670 1545 724 sil
1562 668 1660 724 hebes.

191 778 257 830 Vim
274 773 449 830 sacramenti
465 770 669 827 debetbabere
685 769 768 824 lidae.
1301 779 1337 818 nn
1351 775 1589 818 nannamnrrarn.

154 864 196 921 lle
210 880 299 919 causa
312 861 373 919 veri
388 859 502 933 quoties
518 864 659 914 tractetur
672 857 751 928 apud
771 858 811 922 te,
1032 848 1252 920 Magnanimum
1263 851 1288 906 si
1300 856 1330 907 le
1345 851 1469 907 nimium
1482 847 1591 905 fiducia
1606 845 1701 917 tollat,

191 950 496 1017 necennensium,
513 947 672 1018 religioque
683 945 747 1002 tibi.
1073 942 1212 999 Redditur
1228 941 1358 1009 inflatus,
1375 939 1511 996 turbidus
1526 946 1613 1010 atque
1629 938 1731 994 minax
1747 954 1756 1005 ς

157 1046 228 1098 Nam
244 1040 312 1098 licet
327 1040 390 1113 ipse
405 1039 496 1095 ileum
514 1035 589 1093 nolis
600 1037 730 1107 jurando
744 1048 856 1098 verare,
1032 1033 1228 1107 Neglectoqua
1244 1032 1329 1087 modo
1345 1047 1403 1103 quo
1418 1046 1450 1086 se
1464 1026 1631 1101 composuit
1645 1027 1798 1094 honestas,

192 1131 287 1187 Verba
301 1134 398 1185 tamen
414 1144 501 1183 verax
515 1126 551 1182 nd
567 1131 618 1181 tue
632 1124 717 1180 testie
732 1124 825 1180 adest.
1069 1124 1101 1178 ln
1117 1121 1208 1178 nimis
1222 1121 1314 1177 altum
1335 1136 1367 1176 se
1382 1136 1451 1175 voce
1467 1132 1612 1190 manuque
1625 1116 1713 1190 rapit.

155 1220 184 1276 ei
200 1220 301 1275 minus
317 1219 371 1274 boc
382 1215 481 1283 etiam,
498 1231 551 1271 nec
566 1213 608 1270 sic
624 1214 719 1280 luerit,
735 1217 833 1268 tamen
849 1225 979 1284 aquom,
1031 1215 1091 1269 Sub
1107 1212 1254 1283 rectisque
1270 1209 1447 1282 superciliis,
1462 1207 1649 1264 truculentus
1664 1204 1791 1280 agendo,

192 1307 228 1367 Ut
243 1290 347 1382 praeter
361 1323 459 1363 verum
473 1305 678 1376 justitiamque
693 1318 790 1374 geras.
1068 1301 1171 1357 Pacem
1189 1302 1374 1371 perturbans,
1399 1296 1468 1353 binc
1484 1296 1558 1364 ierit,
1574 1296 1642 1352 inde
1658 1295 1752 1368 lugat.

155 1398 186 1456 si
200 1397 314 1454 salvare
328 1395 415 1453 iidem
433 1410 573 1466 nequens,
590 1391 645 1448 nisi
663 1391 736 1447 lelsn
749 1389 906 1464 loquendo.
1031 1390 1088 1447 Sed
1104 1390 1173 1446 licet
1192 1388 1343 1461 impugnet
1359 1391 1497 1461 perrupto
1511 1384 1650 1459 quelibet
1663 1400 1751 1453 ausu,

190 1486 239 1542 Sic
253 1502 369 1559 quoque
384 1484 421 1556 (7)
436 1482 606 1541 salvandam
622 1481 750 1537 dicimus
764 1495 828 1536 esee
844 1478 942 1536 iidem.
1067 1479 1240 1552 Expugnare
1256 1483 1353 1533 tamen
1371 1492 1428 1534 non
1444 1474 1500 1532 sibi
1516 1479 1622 1532 cuncte
1635 1473 1713 1531 licet.

154 1575 301 1633 Excussis
316 1574 412 1646 magis
427 1573 527 1640 debes,
544 1587 631 1643 quam
647 1568 748 1627 lallare
767 1567 836 1635 dici,
1031 1569 1164 1625 incurret
1179 1565 1322 1640 quiedam,
1337 1581 1464 1639 quorum
1480 1563 1568 1620 nimis
1587 1578 1692 1636 aspera
1712 1560 1804 1619 moles

190 1670 266 1722 Dum
282 1668 398 1720 consini
413 1661 516 1719 redimi
533 1661 607 1717 lalec
626 1658 773 1732 loquendo
789 1656 888 1714 ddem.
1067 1655 1152 1713 lilius
1166 1656 1243 1713 eires
1259 1657 1288 1712 ln
1304 1655 1434 1729 graviore
1449 1657 1574 1724 premat.

155 1752 226 1810 Nam
243 1769 310 1809 cum
326 1768 416 1809 cauea
430 1751 533 1808 subest
547 1765 611 1820 ques
627 1747 715 1820 digna
729 1745 847 1803 silentia
871 1743 975 1817 poscit,
991 1774 1016 1843 B
1030 1744 1147 1802 Scilicet
1161 1751 1189 1802 et
1204 1746 1312 1801 durum
1330 1745 1416 1800 linem
1432 1741 1617 1800 miserandus
1632 1739 1737 1812 obibit,

190 1840 294 1899 iustus
308 1845 453 1898 scoceium
469 1838 630 1910 desepelire
644 1841 726 1892 cavet
741 1853 750 1906 ;
1067 1834 1116 1891 llel
1130 1834 1264 1908 lugubria
1275 1831 1318 1889 illi
1333 1834 1412 1889 lame
1427 1849 1459 1889 su
1465 1837 1576 1906 perstas
1596 1831 1659 1888 erit.

53 1926 62 1963 '⁴
154 1931 266 2002 Quippe
282 1930 406 1986 tacenda
420 1933 508 1995 tacet,
525 1927 582 1984 dici
597 1925 730 1982 debentia
746 1923 817 1980 dicit
832 1939 840 1980 a
1030 1925 1103 1993 Ergo
1117 1923 1339 1997 magnanimum
1355 1920 1394 1993 (8)
1409 1922 1506 1978 cordis
1519 1936 1660 1977 mensura
1674 1924 1802 1978 tenetur.

189 2019 236 2076 Sic
251 2019 308 2076 sibi
323 2035 452 2092 congrua
467 2034 532 2090 pax,
548 2015 591 2073 sic
605 2015 661 2072 sibi
677 2020 741 2071 tute
754 2013 838 2087 quies
1064 2011 1122 2070 Nec
1139 2011 1227 2069 nimis
1243 2010 1389 2080 eudendo,
1407 2027 1459 2067 nec
1475 2011 1629 2068 metuendo
1646 2009 1737 2067 nimis

157 2110 288 2180 Dumque
302 2107 376 2164 elios
390 2107 520 2176 vincunt,
537 2104 585 2161 alii
596 2104 755 2160 vincuntur
778 2102 815 2160 ab
825 2102 886 2174 illo,
1334 2117 1369 2158 nn
1384 2116 1557 2158 coaeternae

188 2201 225 2254 nt
235 2196 330 2252 solida
344 2210 471 2268 regnans
491 2193 598 2251 mentis
614 2192 643 2247 in
660 2208 726 2248 erce
741 2191 832 2247 sedet.
1030 2191 1178 2249 Sobrietas
1192 2207 1260 2248 vero
1275 2194 1373 2247 carent
1385 2207 1439 2246 nec
1450 2206 1537 2261 perca
1550 2188 1640 2245 nimis
1652 2188 1701 2256 sit,

63 2308 67 2315 ·
152 2288 218 2342 Hac
234 2285 323 2358 igitur
339 2283 418 2358 vigili
433 2291 604 2340 consectans
619 2281 784 2348 sedulitate,
1066 2280 1125 2338 Nec
1139 2279 1274 2337 timidam
1287 2281 1388 2337 stricto
1403 2279 1556 2336 contrahat
1572 2292 1670 2352 ungue
1687 2293 1822 2335 manum.

187 2376 363 2447 supremum
381 2373 488 2444 poteris
503 2371 585 2428 letus
600 2371 680 2425 adire
695 2369 783 2425 diem.
1031 2370 1068 2429 Ut
1083 2370 1235 2442 speculum
1251 2370 1391 2427 membris
1402 2370 1475 2440 ipsis
1490 2367 1854 2441 adhibendo,quibosque,

150 2464 252 2520 Mundi
271 2467 376 2517 maesta
390 2461 493 2516 videns
509 2458 622 2524 hilaris,
638 2457 766 2513 labentia
782 2455 895 2526 firmus,
1067 2460 1248 2517 Circumcisa
1264 2459 1351 2517 nimis
1363 2460 1447 2515 islant
1459 2457 1623 2530 integritas.

184 2550 314 2606 'l'urbida
329 2550 516 2620 lranquillus,
534 2547 635 2603 ultima
651 2562 708 2602 non
726 2557 868 2602 metuens.
1030 2548 1180 2606 Sobrietas
1195 2549 1285 2620 igitur
1299 2548 1395 2604 medio
1411 2564 1442 2604 se
1457 2546 1530 2604 colle
1550 2561 1699 2617 coercens,

292 2638 328 2694 ue
342 2640 480 2694 mensoria
494 2636 833 2706 eloquiorom-virtutem.
1065 2637 1143 2694 Vilet
1158 2636 1315 2706 luxuriem,
1331 2638 1402 2694 vitet
1414 2638 1577 2694 avaritiam.

147 2727 201 2784 nis
216 2727 308 2799 igitur
322 2728 425 2783 formis
441 2728 567 2783 virtutes
581 2731 837 2789 commemorares,
1030 2727 1072 2786 Ne
1087 2728 1130 2783 vel
1148 2726 1276 2784 luxuries
1291 2727 1431 2784 dissolvat
1450 2728 1572 2800 prodiga
1593 2740 1784 2799 quemquam,

87 2806 90 2811 ’
185 2815 347 2873 Periculum
363 2820 480 2872 constat
494 2815 614 2871 reddere
631 2831 716 2886 posse
729 2814 837 2885 virum,
1065 2816 1117 2873 Vel
1135 2834 1186 2890 per
1199 2816 1352 2873 avaritiam
1364 2816 1485 2873 sordida
1498 2816 1557 2873 vila
1574 2818 1667 2886 notet,

149 2905 254 2962 1004
269 2906 298 2961 Si
315 2907 434 2962 studeat
447 2910 527 2961 certo
542 2905 658 2960 vivendi
675 2904 732 2959 line
754 2910 852 2958 tenere
1349 2923 1385 2962 nn
1398 2922 1529 2963 inermia,

182 2993 304 3069 singula
318 3011 407 3068 quem
422 2997 516 3051 virtus
531 2995 617 3050 debet
632 2992 740 3049 habere
755 2992 887 3049 modum.
1028 2994 1154 3052 iustitia
1169 2995 1262 3051 virtus
1276 2995 1355 3052 vitiis
1370 2996 1491 3052 obsessa
1506 2994 1633 3063 duobus,

447 3101 484 3141 nn
504 3099 676 3141 annonaria.
1066 3089 1144 3140 luter
1159 3085 1312 3141 mollitiem
1329 3084 1530 3156 saevitiamque
1547 3084 1639 3141 sedet.

146 3174 215 3232 lam
230 3174 255 3231 si
270 3173 417 3232 transiliat
433 3174 565 3246 proprios
581 3172 738 3246 prudentia
753 3171 827 3229 lines
856 3190 864 3242 3
985 3146 1007 3215 G
1026 3171 1102 3229 Cure
1117 3175 1157 3229 sit
1171 3190 1239 3246 ergo
1256 3171 1333 3243 vigil,
1352 3189 1387 3229 ne
1403 3172 1448 3229 vel
1464 3174 1543 3230 ierus
1558 3189 1622 3229 esse
1638 3170 1783 3242 timendo,

182 3263 248 3321 Fies
263 3270 408 3338 suspecta
423 3263 594 3320 calliditatis
609 3263 707 3319 bomo.
1061 3263 1218 3335 Indulgens
1234 3262 1361 3318 nimium
1377 3279 1466 3335 prava
1480 3261 1569 3318 licere
1583 3262 1677 3318 sinas.

54 3384 62 3393 ·
147 3351 258 3410 Diceris
272 3352 342 3409 bine
356 3358 536 3410 secretorum
552 3356 699 3408 scrutator
717 3365 834 3419 avarus,
1024 3351 1071 3410 llel
1083 3353 1152 3408 dum
1169 3353 1288 3411 ferventi
1302 3352 1399 3410 studio
1416 3353 1521 3410 delicta
1536 3352 1658 3422 recidis,

184 3442 298 3517 Quique
314 3442 404 3500 nimia
419 3459 510 3499 noxas
525 3441 638 3497 discere
653 3455 786 3512 quasque
801 3437 884 3494 velis.
1060 3441 1138 3498 Nulli
1152 3449 1303 3499 curantem
1320 3460 1438 3516 parcere
1455 3443 1553 3498 nullus
1566 3447 1655 3497 amet.

147 3533 310 3601 Attonitus,
326 3548 444 3604 semper
459 3531 604 3587 meditans
619 3536 647 3584 et
661 3528 855 3599 suspiciosus,
1023 3531 1078 3587 Sed
1095 3536 1165 3587 tunc
1175 3531 1298 3603 justitie
1314 3548 1438 3588 censure
1452 3532 1600 3588 videbitur
1615 3536 1694 3604 epta,

183 3622 280 3677 invisa
295 3622 408 3677 cunctis
423 3620 564 3692 aspiciere
579 3622 649 3674 nota
664 3637 672 3686 3
1059 3619 1094 3674 ut
1108 3619 1160 3675 tali
1174 3621 1224 3676 llet
1238 3621 1341 3693 regula
1356 3625 1435 3677 recta
1450 3622 1547 3677 modo.

146 3710 237 3782 Cujus
251 3715 280 3764 et
295 3709 353 3765 alla
369 3707 458 3764 nimis
472 3707 600 3764 versutio
616 3706 828 3779 suspiciosum,
1024 3706 1053 3762 Si
1069 3706 1256 3780 disciplinam
1274 3725 1326 3764 nec
1342 3709 1418 3764 lenta
1434 3708 1569 3766 remissio
1585 3707 1685 3779 vilem,

181 3795 275 3852 audet
290 3802 322 3852 nt
337 3797 502 3852 admissum
518 3795 667 3869 quodlibet
690 3794 828 3860 inveniat,
1057 3795 1115 3852 Nec
1132 3797 1210 3853 ierus
1224 3797 1348 3854 invisam
1365 3798 1466 3854 lecerit
1483 3815 1547 3855 esse
1564 3797 1651 3870 rigor.

146 3886 287 3943 Protenso
302 3885 392 3957 digito
409 3884 512 3959 plenus
534 3884 744 3942 roonslraberis
758 3890 836 3954 estu,
1022 3884 1076 3941 Oui
1092 3885 1154 3941 vult
1168 3902 1235 3959 ergo
1252 3904 1332 3943 sunm
1349 3887 1437 3960 digne
1451 3903 1625 3959 componere
1640 3886 1745 3945 vitam.

71 4028 73 4032 .
183 3975 401 4048 Tergiversntor
417 3975 589 4048 duplicitate
605 3981 720 4049 potens.
1058 3974 1095 4031 Ut
1110 3975 1165 4031 eibi
1181 3974 1225 4032 vel
1242 3975 1343 4032 multis
1359 3976 1441 4031 utilis
1456 3992 1521 4032 ease
1535 3981 1635 4049 queat,

147 4064 299 4123 lnrertsns
313 4082 426 4132 verum,
442 4063 594 4122 debellans
619 4064 849 4138 simplicitatem,
938 4132 943 4139 ⁵
1022 4062 1088 4120 ilaec
1106 4066 1343 4136 prescripterum
1363 4065 1504 4120 virtutum
1522 4065 1647 4122 lormuls
1662 4063 1744 4122 cordi

183 4154 312 4212 Crimine
327 4162 532 4211 commentans
547 4155 708 4211 arliilcante
723 4153 801 4210 delo.
1032 4146 1035 4153 ’
1059 4156 1140 4210 Adsit
1155 4155 1282 4211 discreto
1296 4154 1359 4227 lege
1375 4154 1500 4212 tenenda
1515 4155 1581 4212 sibi.

145 4243 276 4316 Denique
290 4244 448 4317 conquires
463 4248 522 4301 tarn
539 4242 711 4300 detestabile
727 4259 846 4313 nomen,
1024 4241 1058 4299 ut
1072 4258 1137 4297 cunr
1156 4242 1290 4316 personia
1301 4258 1419 4312 causas,
1435 4244 1509 4310 loco,
1525 4248 1658 4314 tempora
1674 4258 1816 4317 pensans,

182 4333 217 4392 ill
232 4333 329 4391 malus
342 4350 359 4389 e
374 4338 435 4390 tnta
449 4338 535 4406 genle
549 4332 661 4390 voceris
677 4331 774 4389 bomo.
1058 4329 1146 4388 Curet
1161 4333 1196 4389 nd
1213 4331 1274 4388 baec
1289 4331 1366 4405 aptis
1382 4349 1414 4390 ee
1428 4331 1542 4390 variare
1554 4333 1661 4390 modis.

181 4511 219 4585 (7)
234 4512 320 4570 Forte
342 4513 399 4586 leg.
414 4513 504 4570 Caute
517 4511 616 4583 accipe
629 4513 659 4566 et
672 4515 700 4567 ct
713 4509 755 4566 cic
769 4525 864 4582 acque.
1059 4510 1100 4584 (8)
1114 4510 1200 4569 Forte
1215 4514 1403 4583 rnopnnne'mi.

286 4799 351 4894 ru
376 4797 745 4895 innormen
772 4797 1147 4911 aequamen
1168 4802 1457 4900 nonrron
1481 4808 1706 4866 uoco

187 5033 272 5095 iicet
287 5031 371 5124 hunc
383 5035 566 5094 'lractalum
582 5034 613 5094 iu
628 5035 749 5112 optimo
765 5037 873 5098 codice
889 5039 1103 5118 manuscripto
1119 5042 1299 5103 monasterii
1315 5046 1337 5106 B
1367 5046 1477 5109 Mariae
1494 5047 1533 5108 de
1545 5051 1629 5128 Lyre
1640 5049 1670 5108 in
1686 5050 1852 5127 provincia

146 5114 347 5205 Normanniee
358 5122 576 5206 sexcentorum
591 5116 717 5176 circiter
726 5135 880 5180 annorum
892 5120 951 5180 sub
962 5127 1036 5182 nola
1048 5122 1298 5184 Eiuvcnerimus
1311 5126 1446 5187 medium
1460 5129 1541 5189 inter
1553 5134 1643 5206 plura
1653 5130 1851 5193 Venerabilis

145 5192 507 5255 llrldeberlirorlubrtata
523 5199 1519 5287 opereateadem,ntapparet.menuexaratumindequcillum
1533 5211 1750 5287 uigenuinum
1767 5213 1852 5273 illius

144 5274 333 5364 opusculum
345 5292 471 5335 censere
484 5277 785 5354 potuerimns‚uni··a
796 5287 901 5340 tamen
915 5281 1030 5342 lineola
1040 5282 1100 5361 ipsi
1110 5283 1140 5342 in
1154 5285 1284 5361 praeiato
1300 5289 1513 5368 manuscripto
1525 5291 1664 5368 praeiixn,
1679 5293 1852 5369 quominus

142 5354 374 5431 rtlumpnblicae
387 5356 447 5416 luci
460 5357 766 5432 daremus,nonnibil
777 5366 934 5421 remorata
943 5363 1068 5424 catilla
1078 5364 1272 5444 scilicetipsa
1282 5370 1742 5450 estqueeadcaputb‘lucidarii
1751 5373 1852 5435 sancti

142 5434 281 5528 anselmi
293 5435 373 5497 inter
383 5439 486 5516 Opera
497 5438 565 5517 ejus
576 5458 593 5501 a
606 5446 711 5502 nostro
722 5441 915 5502 Gerberooio
928 5441 1034 5520 plures
1047 5452 1120 5504 ante
1131 5463 1231 5507 annos
1248 5448 1333 5509 edita
1345 5451 1390 5510 sic
1409 5451 1525 5529 legitur
1537 5469 1544 5512 :
1556 5475 1570 5507 ι
1584 5452 1707 5530 Saepius
1717 5461 1851 5532 rogatus

142 5516 389 5596 econdrscipulis
402 5519 477 5578 meis
486 5521 1419 5603 quaedamquestiunculasenodare,imp0rtuoitaliillorum
1429 5551 1491 5592 nen
1500 5533 1558 5592 luit
1568 5532 1739 5596 incultae...
1750 5534 1849 5609 sSed,

140 5612 212 5656 cum
223 5597 255 5657 in
271 5598 403 5675 prealato
421 5601 635 5677 manuscripto
647 5604 769 5680 byrano
780 5601 822 5662 ait
836 5601 890 5662 illa
912 5601 995 5665 linea
1013 5621 1069 5684 per
1089 5607 1184 5667 aliam
1200 5605 1318 5670 lineam
1333 5615 1558 5691 superductam
1572 5613 1687 5690 deleta,
1704 5614 1794 5678 illam
1809 5616 1851 5678 ab

25 5708 28 5713 ·
139 5673 246 5756 aliquo
261 5676 342 5741 loric
358 5679 544 5742 amanuensi
558 5679 770 5740 illucidarium
786 5681 958 5744 §.Anselmi
970 5683 1145 5747 describere
1162 5694 1566 5772 perato‚snnmquestatim
1583 5699 1726 5756 mutante
1743 5696 1849 5759 consi·
