3802 6030
647 291 736 352 VDN.
760 287 999 351 araneantes}
1020 280 1224 350 GENOMAN.
1249 289 1374 351 EPISO.
1793 289 1864 353 ¹200

160 295 239 358 1199

159 427 195 482 Dt
210 421 511 483 divinoesacramentis
526 420 679 477 delectaris
696 419 817 491 pagine,
997 422 1106 489 AQues
1122 419 1310 477 deleretrldae
1324 420 1454 494 culpam,
1470 419 1498 476 si
1512 419 1647 478 Christus
1661 418 1797 488 abesset;

158 516 297 573 Nostram
313 512 375 586 lege
390 509 573 579 codicellum,
591 509 619 565 in
636 526 693 582 quo
708 509 813 581 scripsi
828 507 954 565 breviter
1036 509 1109 565 Nam
1127 509 1251 565 debebat
1265 511 1366 578 Adam,
1377 526 1430 566 nec
1442 510 1534 565 Adam
1550 512 1609 565 tam
1622 509 1862 581 pnnperhabebat

159 603 230 668 Quid
243 603 278 658 ds
293 601 399 659 Christi
416 602 454 656 sit
467 601 624 656 tenendum
639 614 757 672 corpore
772 596 940 653 salubriter.
1039 598 1118 656 Unde
1134 598 1325 667 satisfaceret,
1341 616 1427 670 quem
1444 598 1529 670 culpe
1545 599 1640 671 gravis
1657 598 1840 671 prohibebat.

159 692 224 747 Haec
238 693 383 764 scripture
398 706 465 746 cum
481 691 519 744 sit
533 689 648 745 cunctis
664 687 746 744 valde
758 687 932 757 necessaria,
1038 688 1103 761 Ipse
1119 689 1196 744 Deus
1213 689 1316 761 potuit,
1332 706 1384 746 nec
1399 690 1512 756 debuit,
1528 706 1595 761 ergo
1613 705 1736 746 neccsse

160 780 219 836 illis
236 781 330 853 magis
340 783 386 836 est
401 778 524 836 tenenda
539 779 589 852 qai
605 776 706 834 colunt
721 776 834 833 altaria.
1037 780 1088 834 Est
1102 782 1133 833 ut
1148 777 1234 835 homo
1251 779 1327 834 Deus
1339 778 1393 835 hoc
1410 779 1508 848 iaciat,
1521 779 1583 834 sinc
1599 795 1657 851 quo
1674 778 1780 850 nequit
1793 794 1860 834 esse.

159 869 212 926 His
227 873 261 925 at
275 869 402 935 discant,
415 884 467 924 nec
482 869 617 941 ignorent
641 866 711 938 quid
737 865 856 922 debetur
870 863 983 920 homini
1038 865 1109 922 Hinc
1125 867 1194 940 qaia
1208 871 1314 923 cuncte
1340 871 1435 939 potest
1460 872 1545 933 Deus,
1561 867 1631 924 hinc
1646 872 1676 924 et
1692 867 1782 923 homo
1797 866 1857 940 qaia

160 961 214 1027 Qui
230 977 297 1017 cum
311 961 389 1017 iuda
404 960 480 1016 male
496 958 571 1015 rodit
587 960 771 1015 sacramenta
785 955 911 1012 Domini.

159 1054 235 1125 Drgo
248 1051 347 1108 cibum
359 1057 448 1123 etque
462 1056 562 1122 potum
578 1053 690 1104 eternae
705 1043 870 1103 dulcedinis

161 1144 298 1215 Degustet
312 1138 459 1196 interioris
474 1135 641 1194 intellectus
653 1135 794 1204 hominis,

159 1228 196 1287 Ut
211 1229 340 1302 palatum
356 1227 437 1285 bons
453 1227 562 1282 mentis
576 1226 605 1281 in
622 1225 744 1298 legendo
766 1222 859 1295 sapiat

159 1321 307 1392 Quantam
323 1333 389 1373 esca
404 1315 542 1373 salutaris
558 1315 593 1371 ad
609 1314 699 1371 vitem
716 1313 858 1386 proficiat.

159 1425 212 1498 51.
230 1423 304 1493 Quod
323 1438 391 1479 cero
414 1422 562 1494 eodemque
584 1436 651 1477 coro
673 1437 732 1492 puae
749 1435 824 1475 nuuc
850 1419 881 1474 ir
894 1416 980 1473 ultori

1727 956 1831 1030 [debet,

1038 1044 1187 1101 Materiam
1203 1046 1254 1102 tali
1268 1048 1342 1102 lecto
1359 1063 1404 1102 res
1421 1051 1544 1118 atraque
1557 1046 1664 1116 praebet
1685 1063 1692 1114 ;

1037 1134 1083 1190 Fit
1097 1135 1133 1190 de
1149 1137 1261 1191 naturis
1277 1137 1377 1192 eedem
1395 1152 1520 1208 persona
1536 1134 1662 1198 duabus.

1037 1224 1214 1296 Corporibus
1230 1225 1337 1281 nostris
1354 1225 1486 1293 madens,
1504 1240 1556 1281 nec
1573 1242 1631 1281 non
1643 1225 1821 1295 animabus;

1039 1313 1095 1371 Nec
1125 1314 1201 1370 Deus
1230 1312 1277 1371 hic
1305 1315 1346 1371 vel
1377 1315 1464 1370 homo
1489 1314 1547 1371 duo
1576 1319 1656 1388 sunt,
1689 1332 1770 1371 unus
1800 1315 1859 1387 qnia

1693 1405 1843 1477 [Christus

194 1503 379 1562 consecratur,
394 1503 433 1552 est
456 1495 506 1550 illo
533 1507 595 1567 puae
618 1492 652 1548 de
679 1493 789 1562 Virpiac
810 1493 886 1557 autc,
902 1492 929 1545 et
953 1489 983 1544 ia
1038 1493 1117 1550 Alter
1131 1492 1161 1549 in
1177 1493 1298 1551 alterius
1315 1500 1486 1553 nataranon
1504 1497 1579 1554 male
1596 1496 1715 1563 mistus,

193 1582 276 1625 cruce
286 1566 408 1624 ereditur
422 1583 511 1638 passo.

44 1688 47 1693 '
160 1674 228 1746 [(10)
245 1674 332 1731 Panis
346 1674 375 1730 in
387 1675 470 1731 altari
486 1674 565 1730 verbi
578 1674 687 1730 virtute
698 1675 839 1740 sacratas,

162 1762 206 1818 Fit
221 1762 320 1818 divina
334 1778 400 1818 caro
416 1761 506 1818 nostri
524 1760 668 1818 medicina
682 1760 804 1831 reatus]

26 1862 31 1876 ¹
81 1918 84 1923 .
160 1851 205 1907 Fit
219 1867 286 1908 caro
302 1868 359 1907 noa
375 1851 431 1908 alia
445 1868 534 1923 quem
551 1850 659 1908 Christi
675 1867 727 1906 nos
743 1847 914 1906 redimentis

160 1941 249 1996 Plena
262 1943 456 2008 sacramento,
472 1941 555 1998 cibus
571 1945 599 1996 et
613 1939 756 2013 vegetatio
773 1937 890 1994 mentis.

159 2029 225 2087 lieo
240 2047 307 2088 earo
322 2030 463 2102 quotidie,
479 2030 612 2105 quamvis
627 2047 695 2087 carc
709 2046 766 2086 non
782 2029 927 2098 videntur,

158 2120 244 2178 Panis
260 2121 371 2178 habens
382 2121 520 2194 speciem,
537 2138 589 2194 pro
603 2119 714 2176 mando
730 2117 921 2177 sacrillcatnr.

159 2211 254 2267 Heret
268 2226 366 2268 rerum
383 2215 499 2280 natura,
516 2213 615 2284 stupet
629 2209 700 2265 ordo
715 2211 865 2265 sacratum

161 2302 203 2359 Dc
218 2302 333 2359 modico
348 2301 434 2374 panis
446 2301 596 2374 quondam
611 2301 647 2356 de
660 2300 781 2372 Virgine
796 2304 897 2354 netum
912 2314 919 2354 :

158 2481 239 2546 Quod
254 2481 415 2538 naturalem
432 2485 582 2537 maistres
593 2480 708 2537 concita
723 2494 854 2548 cursam,

159 2571 195 2626 Dt
208 2574 307 2626 tamen
320 2574 366 2626 est
380 2570 482 2627 eadem
499 2587 566 2627 oaro
578 2576 646 2627 tuno
661 2570 697 2627 de
710 2567 828 2640 Virgine
846 2571 924 2634 nate,

159 2659 195 2714 Dt
209 2674 276 2714 caro
292 2674 371 2714 nunc
384 2658 473 2714 verbo
484 2659 549 2714 vite
565 2659 601 2714 de
618 2674 693 2730 pane
708 2661 833 2714 sacrate.

159 2745 281 2819 Propter
294 2763 347 2803 nos
363 2747 497 2803 homines
512 2747 645 2818 dignatus
660 2752 730 2803 tunc
746 2746 833 2801 homo
850 2744 950 2814 nesci;

159 2833 244 2891 Nunc
260 2835 327 2907 pius
342 2835 390 2891 ills
405 2851 459 2892 suo
475 2853 525 2892 nos
541 2840 622 2910 optat
636 2851 754 2909 corpore
770 2833 861 2908 pasci.

160 2923 210 2979 list
225 2925 345 2980 effectus
362 2924 448 2980 horno
463 2941 513 2980 eos
528 2929 561 2980 ut
576 2924 675 2997 lapsos
691 2924 850 2992 relevaret3

158 3013 210 3069 Det
225 3012 289 3071 idco
305 3012 371 3070 vitre
388 3013 471 3086 panis
484 3015 583 3083 datus,
599 3019 633 3070 at
644 3013 773 3071 satiaret.

157 3100 231 3169 Quid
248 3101 336 3158 datus
351 3100 452 3159 aroelo
467 3102 532 3160 vita
548 3102 630 3174 panis
646 3102 796 3168 valuisset,

1037 1585 1091 1648 Oui
1108 1600 1175 1639 cam
1192 1586 1297 1640 natura
1311 1585 1386 1642 iuret
1401 1585 1577 1643 immortalis
1594 1590 1733 1658 utraque,

1037 1673 1185 1744 Maiestate
1200 1689 1254 1730 saa
1273 1680 1388 1731 servata
1399 1676 1584 1748 justitiaque,

1038 1762 1147 1834 Sponte
1162 1778 1278 1819 crucem
1294 1763 1395 1832 subiit,
1406 1765 1463 1820 nisi
1478 1764 1565 1821 vellet
1580 1782 1639 1820 acu
1656 1763 1817 1820 moriturus

1038 1856 1121 1908 Sorte
1136 1869 1190 1908 sua
1204 1852 1293 1907 vitem
1311 1853 1395 1909 nobis
1411 1854 1474 1910 sine
1488 1855 1545 1910 fine
1564 1856 1699 1925 daturus,

1039 1941 1177 2012 Quodque
1194 1943 1268 1998 Deus
1284 1959 1368 1999 verus
1379 1960 1437 2000 non
1447 1944 1550 2001 debuit
1563 1962 1599 2001 ex
1615 1945 1739 2009 Deitate‚

1040 2031 1149 2103 ilioque
1163 2029 1267 2087 beatus
1282 2030 1371 2088 homo
1388 2049 1438 2103 pro
1455 2032 1578 2103 justitiae
1593 2031 1715 2088 veritate

1040 2119 1187 2175 Sustinuit
1202 2120 1320 2176 tandem
1336 2120 1399 2177 lieri
1411 2122 1509 2178 divina
1523 2121 1669 2189 volantes,

1039 2208 1107 2271 Qus
1123 2225 1169 2264 res
1183 2214 1320 2281 perpetuo
1333 2209 1464 2283 disponit
1479 2210 1600 2267 numine
1614 2214 1747 2267 cunctas.

1039 2297 1174 2353 Creditur
1186 2298 1216 2354 in
1232 2298 1312 2372 ligno
1327 2299 1458 2357 Christus
1474 2301 1569 2358 crucis
1584 2301 1681 2357 hostia
1696 2301 1771 2372 viva,

55 2451 59 2456 ,
159 2395 264 2447 Horret
278 2393 355 2463 quod
372 2390 579 2447 Verbnmooro
598 2390 706 2446 lactum
721 2389 754 2444 tlt
768 2394 986 2448 carorursamt
1041 2387 1195 2457 Porqucm
1212 2387 1720 2458 mortalisfieretsubstantiadivs,·

1039 2475 1140 2532 Hostia
1155 2491 1213 2547 qua
1228 2476 1306 2544 irelix,
1323 2494 1381 2550 qua
1397 2479 1526 2535 mundus
1543 2484 1571 2536 et
1584 2479 1680 2536 ethra
1704 2478 1850 2551 replentur,

1040 2566 1080 2625 De
1095 2583 1154 2638 qua
1170 2567 1220 2641 qui
1235 2570 1401 2635 comedunt,
1415 2573 1555 2626 sternam
1571 2587 1629 2627 aon
1645 2571 1816 2628 morientur.

1040 2654 1091 2710 Hic
1106 2671 1190 2712 verus
1206 2657 1290 2713 cibus
1307 2662 1360 2726 est,
1377 2658 1440 2714 haec
1455 2675 1522 2715 vera
1537 2659 1653 2716 reiectio
1670 2659 1768 2733 panis,

1040 2743 1131 2808 Quem
1148 2745 1198 2817 qui
1214 2763 1270 2802 non
1287 2748 1376 2818 norit,
1394 2748 1443 2804 liet
1457 2765 1525 2821 spes
1540 2750 1605 2820 ejus
1620 2749 1729 2806 inanis.

1041 2832 1105 2889 lieo
1120 2841 1165 2890 est
1181 2852 1246 2891 vera
1262 2853 1328 2892 caro
1342 2837 1401 2894 veri
1417 2855 1475 2910 qua
1492 2839 1641 2911 pascimur
1653 2840 1741 2912 Agni,

1041 2925 1096 2977 Per
1110 2939 1196 2994 quem
1212 2925 1364 2998 sulphurei
1380 2929 1472 2999 tepuit
1486 2927 1625 2984 violentis
1640 2930 1749 3001 stagni.

1040 3049 1114 3116 §1v.
1131 3051 1207 3119 Quod
1218 3067 1308 3121 opnor
1322 3051 1479 3108 irresolutus
1494 3051 1524 3107 ie
1535 3053 1597 3125 lepe
1616 3070 1705 3119 ussus,
1731 3058 1758 3110 et
1778 3070 1795 3109 o
1814 3067 1853 3124 pc·

1075 3120 1145 3190 pato
1161 3123 1315 3179 israelitico
1324 3132 1468 3192 comestus,
1482 3123 1585 3180 Clerirti
1594 3133 1691 3196 typum
1701 3125 1854 3198 proritare·

72 3208 75 3213 ·
157 3189 188 3246 si
204 3190 392 3247 redimendus
408 3191 496 3249 homo
510 3192 646 3265 patiendo
662 3192 740 3248 lame
755 3188 906 3264 perisset?
1000 3169 1022 3236 G
1076 3193 1183 3249 cedente
1203 3210 1265 3250 cero
1288 3199 1390 3266 pretio,
1406 3201 1432 3252 et
1453 3211 1515 3252 vero
1544 3197 1679 3268 sacrificio
1703 3199 1851 3269 opporeatc,

157 3276 219 3333 Non
233 3276 324 3348 igitur
339 3277 499 3334 nescientis
515 3284 561 3334 est
579 3278 616 3334 de
631 3293 751 3351 corpore
767 3276 929 3342 Christum,

158 3365 187 3422 si
202 3381 274 3422 suus
289 3367 421 3422 esuriens
436 3367 525 3424 homo
541 3384 599 3424 non
614 3368 781 3439 incorporet
795 3367 896 3422 istam.

1078 3265 1181 3335 lepoler
1193 3273 1363 3324 cessaverant
1372 3267 1551 3323 ceremoniis.

1040 3388 1174 3443 lemnon
1191 3406 1241 3460 per
1256 3391 1374 3463 Moysen
1391 3410 1483 3465 agnus
1499 3396 1608 3468 populo
1624 3396 1712 3452 datur
1726 3411 1821 3460 esses,

160 3473 218 3547 §D
243 3474 320 3543 Quod
339 3474 439 3529 muodo
462 3475 539 3546 same
561 3474 640 3530 Verbi
656 3473 837 3557 ‚periclitanti
861 3472 988 3528 Christus
1041 3478 1142 3547 aguas
1158 3477 1292 3535 Christus
1305 3482 1389 3539 adest
1403 3500 1454 3554 pro
1471 3485 1557 3540 nobis
1572 3485 1601 3540 in
1617 3501 1704 3541 cruce
1715 3500 1826 3556 passus,

292 3567 296 3572 ²
374 3546 458 3616 panis
470 3545 633 3615 angelorum
649 3546 780 3600 innotuit.

162 3650 250 3708 Verbi
264 3651 328 3705 dire
344 3650 433 3705 tames
450 3648 583 3705 homines
598 3649 755 3719 aliquando
771 3648 933 3722 premebat,

162 3739 303 3796 Esuriens
318 3754 371 3794 nec
387 3739 472 3794 homo
488 3739 558 3810 qaid
577 3739 767 3795 manducaret
781 3739 925 3809 habebat;

163 3825 320 3899 angelicus
332 3826 416 3899 penis
432 3828 467 3881 de
483 3826 563 3883 ecelis
579 3829 616 3884 nd
632 3826 702 3895 ima,

159 3918 233 3972 Cum
245 3915 369 3985 jamjam
384 3915 527 3971 mundum
542 3914 706 3972 succideret
720 3914 826 3972 ultima
842 3916 922 3985 lime,

159 4002 214 4072 Qui
229 4003 326 4060 carnis
341 4008 447 4059 nostres
465 4002 548 4076 palea
564 4020 618 4060 saa
632 4005 755 4061 numina
770 4003 880 4072 velans,

159 4091 290 4149 Innntuit
306 4093 429 4161 mundo,
445 4092 567 4149 Deitatis
583 4093 668 4165 signa
685 4092 825 4148 revelans.

158 4179 258 4238 Noluit
272 4197 340 4254 ergo
354 4197 440 4238 suam
456 4181 523 4254 pius
539 4189 618 4236 actor
634 4179 748 4252 plasma
763 4181 867 4253 perire,

1042 3565 1135 3636 liujus
1151 3567 1264 3623 venturi
1281 3570 1359 3641 prior
1373 3570 1484 3628 exstitit
1500 3571 1548 3628 ille
1565 3574 1679 3646 figura;

1041 3651 1148 3709 Umbru
1163 3658 1294 3725 recessit,
1311 3661 1393 3716 adest
1408 3659 1468 3727 lux,
1485 3662 1516 3716 fit
1531 3662 1608 3718 Deus
1623 3663 1722 3719 hostia
1736 3678 1825 3736 para:

1041 3743 1140 3800 Hostia
1155 3747 1295 3804 solemnis
1311 3749 1445 3807 Christus
1463 3753 1548 3809 modo
1563 3753 1760 3821 sacrificatur,
1858 3754 1861 3758 ’

1041 3830 1118 3889 Mors
1129 3839 1227 3890 temen
1240 3836 1308 3893 huic
1320 3856 1405 3908 [rosso
1420 3839 1508 3896 semol
1524 3840 1600 3896 ultre
1615 3857 1672 3898 non
1685 3840 1854 3898 dominatur.

1040 3921 1138 3978 Gratia
1153 3925 1307 3994 successit,
1322 3927 1468 3999 disparuit
1483 3928 1534 3985 illa
1549 3938 1631 3986 retus
1647 3929 1704 3994 lex,

1040 4010 1074 4066 st
1092 4014 1197 4070 meando
1214 4031 1287 4071 nova
1303 4015 1359 4084 lex,
1374 4017 1522 4084 aesalon,
1540 4035 1632 4074 novaas
1647 4019 1755 4075 enituit
1765 4036 1824 4074 rex.

1039 4099 1085 4154 Nil
1103 4104 1189 4158 inodo
1206 4103 1301 4175 placat
1316 4105 1389 4171 ovis,
1406 4108 1445 4162 nil
1463 4106 1524 4180 egit
1538 4107 1659 4178 sanguis
1674 4108 1842 4173 vitulorum,

1039 4188 1084 4246 Nil
1101 4191 1270 4250 holocausta
1285 4194 1386 4264 boum,
1399 4196 1485 4266 periit
1498 4199 1580 4253 vatus
1596 4197 1667 4254 ordo
1683 4213 1842 4255 sacrorum.

158 4271 262 4330 md
280 4272 463 4329 Descendens
479 4274 511 4326 at
538 4270 626 4326 homo
655 4284 707 4326 sua
725 4274 824 4343 posset
852 4271 887 4326 ad
904 4274 984 4328 astra
1037 4277 1164 4350 JamJam
1177 4280 1293 4336 desistit
1309 4284 1435 4353 pecudes
1452 4288 1579 4343 mactare
1595 4285 1740 4354 minister,

832 4359 948 4432 [redire.

193 4451 284 4507 Totus
299 4454 448 4507 corruerat
461 4449 560 4517 homo,
573 4453 652 4506 lctus
666 4459 726 4506 erut
741 4448 921 4518 labefactum

159 4540 290 4596 Occurrit
303 4540 446 4596 Dominus
461 4539 592 4611 pereunti
610 4539 727 4595 victima
743 4539 848 4605 iactus,

158 4627 283 4683 Victima
298 4629 348 4683 scd
364 4634 477 4695 sancta,
494 4629 543 4684 sed
559 4628 632 4697 viva,
649 4627 701 4684 sed
715 4626 915 4697 immaculata;

157 4716 280 4774 Victima
292 4732 356 4787 ques
373 4714 503 4772 maculas
520 4717 600 4788 lugat
614 4734 648 4772 aa
664 4733 695 4772 se
711 4716 913 4788 sanctificata3

157 4804 282 4859 Victima
293 4821 350 4874 qua
366 4805 460 4876 major
470 4804 566 4860 ollerri
582 4805 663 4861 nulle
672 4805 797 4876 valebat,

157 4896 284 4965 Quoque
299 4893 466 4950 satisfacere
482 4909 533 4965 pro
550 4894 633 4951 nobis
649 4895 822 4951 sufficiebat.

1038 4366 1077 4422 Da
1094 4383 1151 4439 quo
1168 4371 1342 4427 mactandas
1359 4374 1438 4428 venit
1453 4374 1519 4446 pina
1531 4374 1593 4448 ipse
1611 4375 1777 4446 magister:

1039 4461 1112 4528 Ergo
1128 4457 1218 4525 legem
1230 4457 1286 4526 lex,
1302 4477 1410 4532 sgnum
1428 4462 1503 4519 Deus
1519 4480 1613 4536 agnus
1629 4464 1738 4535 abegit,

996 4530 1020 4596 Ι)
1034 4547 1175 4620 Quodque
1190 4548 1334 4619 tigurabat
1348 4555 1441 4619 vetus,
1454 4551 1509 4608 hoc
1520 4569 1611 4608 novus
1626 4552 1690 4625 ipse
1707 4552 1827 4626 peregit,

1035 4634 1125 4699 Quem
1141 4636 1217 4692 velut
1232 4637 1298 4705 igne
1313 4655 1394 4693 sacro
1410 4640 1481 4696 dum
1499 4642 1595 4712 passio
1611 4642 1688 4699 coxit
1698 4660 1811 4709 amara,

1035 4724 1135 4780 11111
1154 4725 1255 4781 Hostia
1270 4727 1334 4781 viva
1345 4728 1422 4783 Patri
1448 4735 1542 4786 crucis
1566 4737 1610 4787 est
1624 4730 1743 4788 oblatus
1755 4735 1787 4787 in
1803 4748 1858 4788 ars.

1035 4812 1572 4891 Hujusutrumquedomussignamus
1584 4821 1859 4895 sanguinepostanr,

1035 4902 1068 4957 Dt
1083 4904 1183 4975 procul
1199 4921 1216 4959 a
1232 4905 1339 4962 nostris
1354 4923 1488 4964 arcemus
1503 4910 1614 4965 finibus
1630 4909 1759 4979 hostem,

157 5001 233 5077 §ML
251 5000 327 5070 Quod
340 5015 395 5056 noo
407 4999 481 5056 aliua
493 5005 594 5071 praeter
622 5001 762 5057 Christum
788 5020 840 5074 pro
867 5012 979 5076 peccato
1033 4997 1107 5048 Dum
1117 4991 1202 5049 labiis
1214 4996 1241 5048 et
1251 4996 1337 5052 corda
1359 4996 1453 5054 crucis
1469 5015 1551 5055 sacra
1579 5015 1858 5067 commemoramus.

191 5073 255 5129 Adoe
269 5072 432 5142 satisfecere
446 5075 573 5143 poterct;
590 5081 615 5129 et
629 5089 691 5128 cum
704 5074 852 5130 securium
872 5077 978 5132 diciri-
1033 5084 1142 5154 Corpus
1153 5085 1181 5138 et
1197 5082 1289 5155 ipsius
1300 5101 1366 5140 curn
1382 5086 1526 5158 sanguine
1541 5089 1768 5163 participamus.

189 5148 275 5202 tutem
289 5142 455 5226 immortalis
482 5151 562 5211 esset,
585 5160 692 5216 semper
715 5146 746 5216 [t.
769 5147 864 5273 semel}
882 5163 978 5204 secan·

189 5219 257 5343 m}
270 5215 458 5343 {excrescentes
471 5219 602 5272 notarum
626 5223 721 5289 sponte
745 5232 796 5288 pro
812 5233 848 5275 uo
873 5217 878 5229 '

67 5408 70 5415 ·
155 5391 263 5451 Hostia
277 5392 359 5452 nulla
373 5393 483 5467 valens,
500 5398 550 5452 aut
565 5396 716 5453 sufficiens
729 5397 801 5454 setis
817 5405 895 5456 esset

188 5602 249 5676 (ld)
264 5602 328 5661 Duo
344 5602 433 5662 iidem
448 5602 499 5677 qui
514 5602 569 5660 eol.
586 5603 665 5661 1193.

1032 5168 1095 5242 ἓν.
1119 5171 1201 5240 Queri
1225 5169 1338 5244 inteper,
1363 5172 1428 5230 licet
1448 5173 1566 5233 dirersis
1592 5175 1669 5245 locis,
1688 5177 1857 5246 immoletur,

867 5235 891 5274 ²⁸
904 5235 978 5277 ''²⁰'’
1067 5257 1154 5313 aprus
1167 5253 1334 5314 perseverat,
1350 5250 1474 5318 totusque
1484 5247 1514 5303 ir
1529 5262 1620 5304 escum
1638 5249 1765 5306 sumitur
1778 5268 1796 5307 e
1811 5266 1857 5324 po·

1066 5313 1277 5384 pulofideliam.

1067 5401 1122 5466 Qui
1137 5403 1272 5475 quamvis
1286 5409 1380 5462 totum
1397 5423 1447 5479 per
1462 5410 1606 5466 mundam
1622 5412 1820 5482 sacrificetur,
