3802 6030
167 238 243 305 tetl
686 235 868 298 Mentem
893 232 1140 296 REDONENSIS
1159 238 1336 303 setscott
1800 247 1879 310 ibid

167 377 243 433 ictus
258 375 328 431 ictui
343 373 480 439 societur,
497 369 620 427 invicem
634 368 691 425 sibi
706 368 819 425 alludet
832 381 988 424 causarum
1006 368 1032 436 Α
1367 376 1482 436 ceput·
1497 379 1548 436 ιη,

167 472 196 524 θῑ
210 464 338 521 ¹⁰⁰⁰l⁰⁰¹
350 460 511 533 ln'lutum‘
969 545 987 560 ..
1043 500 1193 578 stirpensis
1204 504 1359 560 rectoratus
1373 506 1400 559 et
1415 500 1523 576 reliqua
1543 510 1620 574 peste
1629 518 1694 562 cem
1708 505 1762 579 piu
1776 511 1874 565 morte.

202 555 304 609 blico
324 547 989 623 multisinterpositisdiebus,cumlortesoctt

167 650 267 700 contra
295 657 405 698 moram
435 646 515 696 seste
544 638 616 695 teria
640 639 779 695 carnibus
801 640 988 694 vescerentur
1077 639 1196 696 ll.Sub
1220 637 1297 695 idem
1320 636 1379 692 lere
1399 644 1516 710 tempus
1541 636 1707 709 Stirpeusie
1731 638 1873 698 sceleste

165 731 284 806 (quiirps
299 730 406 800 quibas
421 727 584 796 quotidiani
599 727 708 784 lebetis
734 725 858 784 inustio
876 724 988 781 rstlous
1040 735 1135 786 rector
1158 728 1332 792 decesserat,
1349 726 1427 783 uude
1455 725 1627 784 factumest
1647 730 1678 784 ut
1707 744 1728 785 ι
1742 726 1824 787 atero
1840 747 1871 788 η

166 820 280 877 dierum
295 820 492 888 excusseratts
522 820 639 891 repente
661 814 869 888 superueniens
893 813 986 885 negli-
1038 819 1170 892 principe
1197 816 1325 890 regionis
1341 819 1475 889 tmardo,
1504 834 1628 874 summos
1657 818 1869 887 virtutisviro,

164 909 293 982 dtsstittm
309 924 411 964 00tt¹m
425 905 575 977 ⁰⁰tttltt¹ib
591 921 643 960 θῦν
662 902 854 960 ⁰¹t⁰ri⁰tibtt⁸
869 906 986 957 tentum
1037 909 1170 980 eiusdem
1183 905 1315 964 Ecclesia
1329 923 1431 964 curem
1447 908 1596 980 suscipere
1606 908 1712 966 multis
1730 911 1869 982 precibus

165 997 390 1055 necessitalibus
406 994 538 1066 occupati
555 1009 644 1050 sacre
659 991 716 1049 disi
724 991 913 1048 reverentiam
926 1007 984 1047 acu
1038 1000 1198 1070 rogaretur.
1215 995 1271 1052 Sed
1286 1010 1355 1053 cum
1382 995 1488 1052 obnixe
1503 995 1662 1066 resisteret,
1693 1014 1751 1054 nec
1767 996 1812 1056 illi
1824 1003 1867 1056 ts·

163 1087 321 1145 cavissent.
341 1086 395 1143 Sed
408 1102 472 1141 cum
487 1083 732 1141 omuescontusos
743 1083 864 1149 videret,
880 1084 911 1136 et
925 1097 985 1137 cor·
1038 1101 1104 1143 man
1120 1093 1268 1143 cassarent
1282 1101 1299 1142 a
1313 1083 1461 1159 precibus,
1478 1102 1513 1142 ue
1528 1088 1667 1144 contusos
1681 1090 1811 1146 omnim>
1826 1106 1867 1146 η.

163 1176 210 1235 dis
229 1175 430 1250 peonitentiam
461 1174 593 1248 lacrymis
623 1176 826 1245 protestantes,
857 1170 984 1227 fraterna
1037 1176 1175 1242 mitteret,
1191 1175 1268 1231 diem
1285 1173 1399 1243 euicit,
1416 1174 1557 1248 adquam
1572 1177 1664 1234 sisae
1679 1179 1810 1236 consitio
1825 1197 1867 1235 η.

164 1262 491 1338 motuscompasstous:
508 1285 522 1314 «
538 1262 643 1328 uoltu,
655 1260 897 1334 inquitatatem
913 1274 984 1318 σου·
1036 1264 1205 1336 sponderat.
1222 1262 1271 1320 ute
1287 1266 1406 1328 statute,
1422 1265 1493 1320 tum
1506 1264 1701 1323 sauunttusr
1715 1277 1867 1324 execatu-

163 1354 285 1426 tristeri,
300 1353 413 1410 veniale
436 1359 480 1409 est
508 1352 584 1408 enirn
601 1350 677 1422 quud
694 1348 855 1405 nescientes
870 1346 981 1419 egistis.
1035 1369 1087 1410 rus
1103 1351 1268 1417 revertitur,
1282 1352 1526 1410 dissentientibus
1550 1358 1647 1412 maren
1670 1354 1792 1414 clericis
1807 1359 1865 1429 qui·

160 1443 294 1501 clemens
304 1440 623 1513 Dominusiguorantie
637 1443 737 1496 vestra
746 1437 883 1510 prouidit,
899 1436 981 1504 dum,
1035 1441 1160 1499 busdam
1172 1457 1206 1498 aa
1217 1441 1360 1498 militibus
1372 1443 1530 1513 quiescam
1543 1440 1759 1516 ibant,quibus
1772 1447 1863 1520 ansgis

160 1532 265 1606 siquid
277 1532 369 1605 culpes
381 1529 447 1598 luit;
459 1525 981 1602 presensexcusatsolsmnltas.Nam
1035 1535 1068 1588 ut
1081 1529 1259 1588 consentiret
1279 1529 1424 1603 placebat,
1449 1532 1546 1589 subito
1574 1532 1688 1591 avicula
1714 1536 1860 1608 quedam,

159 1618 413 1677 bodiebsatissimi
429 1617 607 1674 contessoris
621 1615 733 1672 tlertiai
748 1615 855 1671 testum
870 1613 982 1670 noveri-
1034 1640 1122 1695 qum,
1139 1639 1229 1696 rapu
1243 1622 1295 1694 qui
1323 1621 1432 1678 dieitur
1456 1621 1543 1680 Nisa,
1557 1624 1692 1696 urgebat,
1709 1625 1749 1681 ,d
1766 1625 1859 1699 imm

158 1709 199 1767 lt!
212 1707 362 1767 ῦθῑθδῐῑῐί·
378 1709 559 1779 (ὶΰᾶΡΐῡΡῑθῑ
572 1705 603 1761 ῑῦ
618 1709 725 1762 tinet&
740 1700 892 1760 ‘thttsttttt
904 1703 979 1759 fidu·
1036 1716 1160 1770 mortem
1175 1712 1455 1785 sussuracoulugit:
1472 1728 1560 1785 quam
1572 1712 1635 1785 ipse
1645 1712 1862 1774 libentcrcolli·

157 1791 978 1869 ⁰3⁸V⁰⁸⁸dh⁰lt⁰lv”tfflltffl‘l‘fflffl⁸¹¹¹1¹⁸t5⁸¹⁰2¹095·
1035 1799 1295 1874 pensabinstautt
1324 1799 1608 1871 periculoliberuvit.
1637 1803 1716 1860 Tum
1734 1820 1804 1862 vero
1822 1804 1860 1860 illi

158 1887 199 1943 di·
213 1909 228 1937 s
242 1887 294 1943 1³5¹
309 1885 408 1955 ᾶῑθῑίθ,
423 1886 487 1958 59⁸⁸
499 1900 602 1943 “tim
612 1883 763 1958 ⁸1³th
771 1881 932 1957 ttaellbltlt
948 1886 980 1937 ut
1035 1897 1118 1963 rapta
1142 1890 1294 1947 cosmiana
1309 1889 1420 1946 instare
1448 1890 1662 1959 uehementius,
1677 1891 1859 1951 allirmsnlrs

158 1993 259 2034 eorum
276 1980 386 2032 metum
403 1975 472 2032 steti
483 1975 530 2031 sui
545 1972 868 2031 fluttotihttfitfflml·
882 1969 980 2028 Omni·
1035 1980 1124 2036 bourn
1141 1980 1296 2036 manilestc
1311 1976 1396 2050 signo
1411 1979 1446 2034 de
1470 1979 1601 2052 ipsorum
1616 1980 1771 2038 sententie
1783 1983 1859 2055 judi·

155 2067 213 2123 Μ’
235 2082 304 2139 0‘80
328 2065 441 2123 02¹0?ss
469 2065 673 2121 mmmmm&
701 2059 979 2134 ⁰b²0ml³0t⁸¹¹fib⁰⁸s
1034 2085 1136 2126 cums:
1152 2084 1209 2140 quc
1225 2066 1360 2124 videlicet
1374 2067 1459 2140 signo
1472 2068 1569 2140 palam
1585 2073 1666 2126 esset
1692 2071 1859 2142 probatum,

156 2173 234 2215 unus
244 2160 360 2213 tentum
374 2154 499 2212 exstitit:
511 2153 697 2228 quittotttdm
708 2149 858 2224 religionis
868 2165 977 2219 amoro,
1009 2181 1010 2184 ¹
1033 2158 1110 2229 quod
1123 2157 1225 2215 deesse
1240 2155 1472 2228 periclitantibus
1488 2172 1545 2214 non
1560 2156 1676 2214 dehere,
1691 2158 1743 2215 Sip
1760 2178 1779 2216 g
1792 2161 1860 2218 stip.

156 2263 241 2321 quem
257 2243 645 2319 obstinaciasuperstiticais
659 2243 817 2311 resisteret,
828 2236 899 2297 etad
909 2252 977 2295 oca·
1032 2246 1173 2319 pendium
1187 2245 1303 2304 eloritis
1316 2262 1350 2302 ω
1365 2246 1536 2319 supradicto
1551 2245 1683 2320 principe
1699 2249 1793 2321 92010
1808 2249 1858 2307 mi.

155 2337 344 2394 sentiendum
361 2335 443 2392 nulla
457 2337 556 2409 posset
570 2333 682 2390 ratione
700 2331 816 2389 adduct.
845 2329 901 2385 Sed
917 2327 977 2385 baec
1033 2335 1281 2407 noscompulsus,
1295 2350 1331 2391 ne
1346 2335 1450 2393 diuina
1469 2334 1610 2393 volantati
1621 2337 1774 2394 censuim
1788 2338 1859 2396 vide.

153 2424 219 2497 eius
233 2430 447 2498 cousequenter
462 2428 507 2479 est
522 2426 622 2480 notata
636 2418 767 2491 rebellio,
783 2423 816 2475 ut
828 2418 978 2476 evidenter
1032 2430 1123 2493 retur,
1132 2423 1330 2497 gaudentibus
1346 2424 1473 2491 cunctis,
1483 2440 1584 2482 comm
1595 2441 1687 2498 qaam
1699 2429 1858 2501 rogabatur

153 2516 302 2584 omuibus,
312 2511 414 2588 quenti
429 2518 507 2569 essct
518 2512 657 2578 ebaritas,
669 2514 828 2583 appareret.
841 2510 908 2580 lpse
920 2511 976 2563 ete·
1030 2515 1162 2587 suscepit
1174 2515 1244 2587 (83),

154 2605 215 2661 aim
232 2603 278 2661 dis
289 2620 394 2660 eurum
411 2608 516 2667 totum,
531 2599 611 2674 quod
622 2615 723 2657 secum
740 2615 791 2672 pro
806 2594 909 2654 uiatico
924 2596 977 2652 dc·
1067 2605 1111 2667 te.
1125 2608 1191 2659 tem
1207 2620 1273 2660 vero
1286 2604 1313 2659 in
1330 2604 1605 2678 regiminepoeitus,
1619 2604 1744 2680 qualem
1758 2624 1856 2683 seges·

152 2694 274 2764 terebat,
286 2693 395 2750 amisit.
414 2692 585 2763 Qundjusto
610 2689 659 2746 liei
673 2688 782 2746 lectum
797 2691 913 2745 constet
923 2686 973 2759 tu·
1030 2693 1110 2762 serit,
1125 2691 1173 2748 vix
1193 2692 1312 2764 exsequi
1326 2693 1424 2749 verbis
1446 2693 1604 2766 quisquam
1632 2703 1742 2766 potest.
1760 2701 1856 2771 Neque

150 2781 240 2852 dicio,
253 2789 283 2838 ut
298 2781 348 2854 qui
364 2778 516 2837 charitatis
530 2778 629 2835 cibum
652 2777 731 2835 solus
747 2786 907 2849 respueret,
925 2792 974 2831 ne·
1028 2783 1105 2838 anim
1120 2799 1204 2839 uorsa
1215 2788 1259 2839 est
1273 2782 1327 2848 illi,
1344 2786 1377 2838 ut
1390 2783 1565 2855 quibusdem
1577 2785 1663 2855 solet,
1680 2791 1817 2861 prolatio
1829 2792 1856 2848 in

149 2870 269 2928 cessarii
284 2870 380 2926 victus
393 2868 485 2943 pretio
498 2866 659 2941 privsrstur
672 2868 702 2922 et
715 2862 882 2935 solussed,
894 2866 974 2937 post·
1028 2871 1195 2942 elationem,
1214 2888 1268 2927 neo
1283 2872 1340 2929 sibi
1358 2889 1409 2945 pro
1436 2874 1591 2946 dignitatis
1607 2876 1670 2934 loco
1700 2879 1734 2935 in
1751 2882 1856 2937 uestitu

38 2998 41 3003 -
147 2976 237 3037 quam
254 2959 355 3016 damni
372 2957 741 3029 admonitioneeorreptus,
753 2952 871 3028 culpam
884 2970 972 3027 agno·
1028 2968 1078 3017 aut
1089 2959 1163 3017 vtetu
1177 2961 1304 3033 aurpttus
1316 2959 1427 3033 aliquid
1439 2967 1490 3020 aut
1501 2962 1606 3022 matius
1617 2969 1791 3040 usurpertt;
1802 2969 1855 3026 trau

146 3049 200 3117 uit,
214 3053 244 3107 et
258 3066 289 3106 se
305 3063 442 3124 peccasse
456 3045 609 3103 contessus
623 3051 686 3115 est;
701 3044 746 3101 vir
762 3048 883 3102 sanctus
906 3061 969 3101 ver·
1027 3063 1095 3105 vero
1107 3048 1197 3105 ntulto
1209 3065 1287 3104 nunc
1299 3049 1457 3121 parciores
1468 3051 1854 3129 modestior,quomajoreur

146 3138 193 3196 bis
209 3138 328 3196 mitibus
355 3142 419 3210 ejas
448 3132 618 3195 consolatus
644 3130 807 3202 tristitiem,
831 3149 968 3191 securum
1027 3139 1149 3212 adeptus
1161 3139 1409 3205 assetliceutlsm,
1421 3157 1455 3197 so
1470 3141 1737 3203 sibiminusliaere
1751 3146 1853 3205 intelli·

147 3229 224 3287 uiam
240 3245 358 3302 serpere
374 3245 440 3285 cura
456 3227 544 3284 sociis
554 3227 651 3298 iubet,
663 3228 769 3282 ennete
779 3222 843 3281 sesi
855 3223 968 3296 perdita
1021 3230 1125 3300 gebat:
1142 3234 1296 3302 propterea
1310 3230 1388 3302 quod
1402 3229 1853 3305 ineminentipositurum,sicat

146 3318 202 3376 cito
218 3318 446 3375 reformaturum
464 3317 648 3391 promittens.
663 3315 793 3387 Denique
809 3314 889 3371 solus
905 3313 967 3388 ipss
1022 3317 1157 3390 pluribus
1173 3323 1297 3390 prosunt
1310 3319 1445 3384 virtutes,
1459 3320 1499 3377 ita
1518 3320 1587 3377 sitis
1615 3322 1784 3393 plurimam
1799 3341 1848 3381 uo·

144 3410 397 3485 pereliquenturn
429 3425 564 3465 reversus
589 3408 714 3474 itineris,
744 3403 967 3478 repertumsine
1020 3411 1129 3462 cent«
1147 3406 1768 3480 Noaigiturqueeidomineusiuclsro,n
1797 3413 1845 3471 sed

143 3517 225 3557 more
240 3500 290 3556 ttsi
306 3496 455 3556 voluntate
471 3497 625 3569 pecuniam
642 3492 770 3551 reddidit
793 3492 964 3566 possessori.
1019 3496 1182 3553 meandum
1196 3495 1379 3568 Apostolum,
1393 3518 1409 3548 a
1425 3496 1520 3555 lorme
1533 3498 1627 3555 lactus
1637 3501 1722 3574 gregi
1737 3519 1775 3560 ex
1789 3502 1847 3560 sni

179 3590 223 3646 to,
240 3590 382 3656 Quartum
400 3603 518 3661 quoque
532 3584 654 3644 renitere
665 3582 759 3659 placet
778 3581 964 3652 miraculum,
1020 3601 1068 3643 mo
1082 3586 1104 3658 (l
1120 3585 1196 3642 Patr,
1214 3602 1241 3654 u,
1257 3586 1298 3656 3),
1313 3607 1328 3636 s
1348 3601 1447 3643 amora
1478 3588 1573 3659 magis
1587 3602 1621 3645 sc
1649 3588 1844 3663 benignitate,

143 3676 220 3749 quod
237 3693 327 3750 supra
340 3676 509 3733 memoratis
521 3692 578 3732 nou
593 3670 678 3747 longe
688 3669 963 3730 videaturlalsrius.
1018 3691 1106 3747 quem
1117 3679 1228 3731 terrore
1241 3675 1287 3730 uel
1301 3674 1455 3748 suppliciis
1470 3677 1506 3732 sd
1522 3676 1596 3734 bene
1610 3680 1764 3751 egendum
1778 3683 1844 3738 sub·

141 3770 214 3821 cum
228 3764 394 3836 lortsjuxta
405 3780 486 3821 mare
497 3762 646 3820 viantibus
656 3761 756 3818 sedem
767 3760 797 3818 lu
809 3774 897 3818 arene
910 3774 963 3835 po·
1017 3765 1096 3824 ditos
1107 3764 1257 3834 incitabat,
1273 3766 1430 3838 gratiorem
1445 3766 1568 3824 Domino
1585 3767 1728 3839 iudicans
1743 3769 1844 3828 uolua·

142 3869 211 3911 nere
226 3869 282 3909 nor
294 3853 435 3926 ingruens
451 3850 603 3921 suasisset,
618 3851 735 3908 turbato
747 3855 865 3924 repente
880 3851 962 3917 cesla,
1019 3856 1122 3912 teriam
1139 3854 1336 3923 devotionem,
1349 3869 1439 3922 ousta
1464 3855 1629 3914 coactitiam
1645 3859 1842 3917 servitutem:

141 3941 309 3999 nimborum
326 3944 486 4016 tempestas
500 3940 656 4008 inhorruit,
673 3944 706 3996 ut
721 3936 765 3996 tel
779 3939 803 3996 sl
826 3937 963 3997 dontibus
1017 3944 1067 4000 ills
1078 3942 1153 3999 enim
1168 3961 1202 4000 es
1216 3941 1308 4000 libera
1322 3943 1465 4003 eberitete
1479 3945 1703 4016 proceditbene
1723 3966 1795 4006 vero
1808 3950 1843 4007 ti·

140 4035 306 4105 tegerentur
319 4029 365 4087 uix
382 4031 487 4104 legulos
503 4033 623 4106 possent
637 4026 829 4086 defluentiam
850 4029 964 4102 pluvis·
1016 4049 1081 4089 mor
1095 4031 1488 4107 seruilisertarquet.llsqus
1499 4039 1598 4092 umen
1613 4034 1664 4093 ubi
1680 4044 1844 4109 opusesset

139 4138 205 4179 rum
222 4114 362 4193 iniuriam
379 4117 560 4194 propulsare.
578 4118 630 4176 llic
645 4117 689 4173 uir
718 4117 962 4192 patientissimas,
1016 4120 1097 4177 selus
1111 4120 1154 4176 illi
1171 4120 1278 4187 deerat,
1296 4125 1526 4203 eut-competens
1540 4122 1571 4179 lu
1592 4123 1718 4183 rebelles
1742 4127 1843 4185 distri⁴

137 4226 205 4267 cum
221 4208 317 4267 ceteri
334 4215 420 4283 prout
436 4206 623 4280 posseutsibi
640 4204 763 4282 quisque
785 4206 960 4274 consuleret,
1015 4211 1073 4267 etio
1090 4210 1156 4267 :sed
1169 4211 1289 4266 taudem
1305 4208 1367 4267 brec
1380 4214 1410 4268 et
1421 4213 1586 4270 necessario
1601 4212 1682 4270 relat
1697 4216 1843 4274 terrumet

140 4300 240 4357 eodem
255 4312 313 4372 quc
330 4304 477 4356 manserat
490 4294 553 4354 loco
564 4296 735 4371 persistens,
751 4294 835 4353 sclito
850 4308 882 4352 ss
896 4310 962 4352 ora·
1015 4300 1113 4372 iguem
1123 4298 1293 4365 adhibebat,
1302 4314 1338 4357 ne
1347 4298 1419 4356 torte
1430 4316 1500 4373 pars
1510 4301 1653 4372 usmtst
1664 4306 1843 4376 putredinis,

138 4387 228 4446 tionis
243 4392 326 4446 scuto
353 4386 487 4461 proterit.
504 4387 547 4444 Ad
563 4386 649 4459 cuius
673 4384 854 4457 petitionem,
871 4385 963 4442 misso
1015 4388 1158 4460 serpendo
1173 4388 1274 4454 letius,
1288 4393 1389 4459 partes
1401 4389 1532 4464 integras
1544 4391 1668 4449 vitiaret.
1685 4393 1742 4450 Sed
1760 4411 1842 4468 qus·

139 4476 254 4535 sattius
270 4478 408 4534 inaudita
424 4475 636 4551 magnitudinis
652 4480 680 4531 et
695 4454 1000 4548 ignotaspsetatto-l)
1015 4493 1084 4536 nam
1101 4479 1231 4536 hominis
1246 4479 1420 4550 pervenires
1434 4482 1584 4539 ,abnuis
1594 4483 1670 4540 duo.
1683 4482 1842 4543 insinno.

139 4565 190 4634 lio,
204 4567 301 4624 berbae
317 4567 460 4623 incertum
477 4582 512 4623 au
530 4564 652 4635 arboris,
668 4578 706 4620 sn
729 4563 803 4620 lorte
818 4563 961 4632 neutrius,
1016 4567 1096 4625 suino
1113 4567 1262 4638 militaret,
1277 4569 1364 4639 cutus
1378 4574 1408 4625 et
1422 4570 1554 4628 doctrine
1568 4570 1690 4643 pelleret
1703 4572 1841 4646 ignom.

138 4655 314 4712 mirsntibus
329 4657 476 4725 omnibus,
489 4671 546 4712 uun
562 4653 657 4711 sotum
674 4670 691 4710 s
706 4651 805 4725 pluvis
815 4666 847 4708 se
861 4650 961 4708 delen·
1016 4656 1099 4724 tiam,
1115 4656 1212 4713 etrite
1226 4656 1368 4727 preberet
1378 4657 1557 4730 exemplum,
1575 4664 1604 4716 et
1617 4659 1712 4718 oratio
1727 4667 1845 4735 preste·

137 4742 189 4811 dlt,
207 4745 407 4801 verumetiam
425 4759 461 4799 ca
475 4744 576 4800 ecdem
592 4748 718 4800 stratum
735 4742 791 4798 sibl
821 4739 962 4797 mollissl·
1016 4751 1059 4801 ret
1072 4743 1225 4802 auxilium.
1243 4744 1309 4802 llee
1325 4746 1432 4803 etenim
1448 4748 1503 4803 tria
1518 4749 1675 4806 commissu
1688 4751 1775 4824 gregi
1791 4751 1844 4807 Ps-

138 4844 220 4888 mum
238 4832 422 4905 preparavit.
438 4830 496 4889 iles
517 4847 584 4888 asro
599 4834 712 4905 poterat
726 4829 826 4903 aliquo
840 4832 962 4887 subesse
1015 4836 1061 4889 ter
1074 4832 1205 4906 optimus
1220 4834 1402 4905 providebat,
1419 4839 1453 4892 ut
1466 4836 1601 4895 instrasti
1624 4839 1843 4911 pndiesticas,

138 4918 251 4976 lortuitl
267 4929 387 4978 eventus
402 4920 542 4995 suspicio,
558 4920 587 4977 ln
604 4923 686 4977 tenta
696 4919 856 4993 presertim
869 4916 961 4975 dtvini
1015 4921 1148 4994 exemplo
1164 4922 1298 4989 salmati,
1314 4924 1446 4982 creticae
1461 4925 1568 4997 adiuti,
1594 4931 1699 4985 contre
1727 4928 1841 4987 bostem

139 5006 270 5065 muneris
287 5010 425 5073 nouitate,
441 5026 507 5066 cum
522 5009 686 5082 respersis
702 5008 821 5083 quidem
837 5007 881 5064 vel
892 5007 961 5063 ber·
1016 5012 1170 5083 antiquum
1186 5026 1319 5084 pugnare
1334 5018 1364 5070 et
1377 5014 1487 5072 scirent
1499 5015 1646 5074 stretleat
1658 5022 1690 5074 et
1711 5024 1842 5090 possent.

138 5098 184 5154 bis
199 5096 243 5156 rel
260 5098 417 5155 arboribus
432 5099 545 5155 arenosi
557 5098 637 5154 illins
650 5098 705 5155 soll
720 5097 961 5155 sterilitesautrl·
1015 5105 1156 5157 Praeterea
1170 5102 1255 5156 tants
1266 5100 1345 5160 eirea
1365 5102 1497 5176 singulos
1511 5103 1713 5165 sollieitudine
1737 5107 1843 5181 sigila·

137 5192 238 5244 ments
255 5188 625 5262 prestaretlitecergcet
652 5186 716 5259 elis,
739 5192 897 5260 postquam
913 5204 961 5244 rs·
1016 5190 1076 5256 bet,
1093 5197 1192 5262 utpro
1208 5189 1412 5263 caiusquesel
1429 5198 1536 5251 uetare
1557 5193 1601 5250 sel
1629 5197 1717 5253 etate
1744 5196 1844 5255 ucadl·

136 5276 213 5331 versi
232 5277 282 5349 qui
304 5276 447 5347 uiderant,
471 5277 665 5349 divulgarunt,
695 5277 775 5333 breui
803 5291 856 5348 pes·
870 5280 959 5334 tutem
1015 5280 1092 5335 tione
1107 5280 1323 5349 competentem
1339 5279 1449 5353 cuique
1462 5297 1563 5339 aarum
1580 5282 1749 5358 adhiberet,
1765 5302 1845 5343 ruore

138 5365 328 5435 Aquitaniam
345 5366 457 5425 celebre
468 5366 647 5424 sanctissimi
658 5366 712 5422 viri
725 5381 832 5423 nomen
843 5366 957 5423 enituit.
1014 5367 1116 5440 optimi
1130 5367 1288 5438 cujusdam
1300 5367 1490 5442 medici,qui,
1503 5369 1843 5447 uudeeliusediuuetur,

171 5512 229 5585 (83)
243 5514 326 5574 dano
341 5516 422 5588 tuse,
438 5524 471 5575 ut
485 5530 520 5575 sx
535 5515 615 5574 obltu
627 5518 657 5574 et
671 5516 756 5574 snuts
769 5514 921 5590 regiminis
933 5521 1060 5577 sorsat
