3802 6030
170 112 229 178 lot

649 116 742 178 VEN.
763 110 1006 178 nrnnnnbn'll
1027 110 1233 175 CENOMAN.
1257 112 1381 176 EPISC.

1812 116 1873 182 108

166 247 254 315 judex
277 218 334 302 non
357 250 492 303 obnoxius
514 216 619 319 gratiae.
636 251 731 315 procul
751 253 834 305 dublo
857 252 988 318 probabit.
1002 249 1030 318 Α
1044 253 1139 314 pretio,
1170 255 1291 304 ventrem
1318 253 1466 317 plgmeuta.
1498 255 1526 304 et
1552 250 1628 319 larga
1653 254 1800 309 diversitas
1823 272 1872 323 po·

168 321 340 373 Adulationis
357 339 419 374 sero
445 327 625 389 suspicionem
651 339 758 375 omnem
784 330 902 385 amovet,
918 325 989 389 qnod

173 395 282 444 nonnisi
310 395 390 445 rebus
424 395 550 446 humanis
587 403 712 461 exempto
748 397 913 452 hildeberto.
941 395 996 444 vila

167 465 241 517 illius
268 469 375 531 scriptis
398 469 524 518 mandata
549 468 591 517 sil.
619 469 718 518 llarnm
744 481 824 530 porro
847 468 993 517 calumnia·

169 550 238 599 runs,
254 553 321 603 quas
345 553 379 588 ne
395 540 544 603 suspiciosa
568 538 676 602 quidem
699 541 781 590 relert
802 541 856 600 lvo,
881 537 994 588 artillces

167 608 276 660 lncrirnt
290 611 398 674 quidam
424 625 438 660 e
461 611 609 672 maj0ribus
633 610 758 660 Ecclesiae
772 611 993 671 Cenomanensis,

170 695 242 731 ursaia
272 683 373 732 scilicet
400 696 431 733 ex
459 683 665 738 archidiaconis.
690 688 717 733 et
740 684 819 746 pauci
848 682 992 733 admodum

169 754 300 810 canonici.
317 754 362 817 qai
387 768 447 805 cum
475 754 525 804 hac
550 755 594 805 ria
621 753 691 804 nibil
717 754 947 807 essentessecnti.
963 751 992 801 in

168 825 309 875 discrsmeu
337 828 432 890 capitis
453 826 562 877 tandem
587 825 718 891 optimum
737 826 889 889 pontillcem
911 839 993 875 voca·

165 901 272 947 verunt.
289 913 303 944 a
318 897 432 956 Quidam
448 912 479 948 ex
501 896 615 959 clericis,
630 899 667 947 sit
686 899 788 947 Auctor
803 897 884 961 hujus
899 894 992 956 libelli,

165 967 329 1033 aprincipio
356 967 536 1033 promotionis
563 968 686 1033 praesulis
709 967 878 1021 invidissent.
893 970 920 1016 et
942 965 993 1016 do-

165 1037 206 1088 los
221 1042 291 1089 totos
306 1044 362 1089 tota
377 1041 420 1089 die
445 1039 615 1096 meditantes,
631 1038 707 1088 illum
732 1037 803 1102 apud
827 1050 915 1102 regem
932 1050 992 1100 gra-

163 1110 234 1161 rlter
260 1111 434 1168 accusabant.
464 1116 490 1162 et
507 1112 669 1162 mentientes
691 1110 816 1162 dicabant
830 1124 891 1160 enm
912 1122 992 1160 cons·

165 1182 236 1232 clam
251 1181 333 1231 luisse
347 1182 516 1246 proditionis.
532 1202 545 1227 ι

196 1252 255 1303 Col.
281 1251 321 1309 89.
351 1252 399 1304 lin.
429 1257 467 1305 ld.
484 1280 512 1290 -
529 1253 668 1304 Corneliani
696 1253 761 1307 cleri
791 1251 926 1319 plebisque
948 1265 991 1301 os·

166 1337 251 1374 sensa.
291 1323 426 1374 Primores
468 1328 558 1376 tamen
609 1325 821 1377 Cenomanensis
861 1323 991 1374 Ecclesiae

164 1395 320 1446 electionem
351 1395 409 1460 ejus
437 1397 464 1446 iu
491 1398 593 1448 crimen
617 1411 728 1449 vocasse
757 1396 833 1446 testis
863 1395 909 1445 lvo
935 1394 991 1459 jam

163 1467 331 1530 praelaudata
369 1467 446 1531 epist.
487 1469 577 1518 lsonis
613 1467 794 1526 Carnotensis,
827 1467 904 1531 quasi
941 1478 991 1515 nec

164 1550 257 1587 eorum
286 1537 409 1594 consilio,
433 1552 483 1589 nec
511 1553 646 1590 consensu
674 1541 776 1590 electus
802 1537 906 1587 luisset.
936 1534 990 1587 Sed

1047 324 1161 383 tionum,
1186 327 1213 374 et
1238 324 1378 374 convivam
1408 323 1525 375 excitant
1555 324 1587 374 sd
1610 327 1771 391 potandam,
1787 334 1813 380 et
1832 345 1874 382 aa·

1047 392 1126 444 liant.
1142 415 1154 440 a
1172 397 1207 446 De
1223 396 1280 445 sola
1295 398 1376 446 etiam
1402 396 1514 445 odorum
1537 395 1649 446 mistura
1670 399 1779 449 dicitur.
1794 401 1874 452 Chri-

1045 469 1149 516 atianns
1172 466 1351 517 Druthmarns
1375 464 1403 516 in
1428 480 1487 527 cap.
1512 480 1532 516 ss
1549 467 1687 519 Molibai:
1711 490 1724 514 ι
1741 472 1806 522 Cum
1825 474 1873 524 eli·

1046 538 1106 600 quis
1127 538 1225 588 charus
1249 541 1373 588 mortuos
1394 537 1489 588 luisset
1513 539 1611 589 nobilis
1636 538 1679 590 vel
1701 547 1807 604 potens.
1826 558 1872 595 ra·

1046 612 1171 658 oneretur
1197 610 1230 660 ab
1257 606 1401 669 intestinis,
1429 613 1457 659 et
1487 610 1646 660 condiretur
1671 617 1781 676 myrrha
1808 628 1870 666 cnm

1046 680 1114 740 aloe,
1130 680 1171 731 vel
1194 680 1252 731 aliis
1278 680 1459 746 pigmentis„
1487 680 1519 730 lit
1540 688 1635 733 auctor
1652 689 1730 734 votas
1754 687 1780 734 iu
1801 687 1870 736 Can-

1045 751 1097 802 tica
1119 766 1126 801 ι
1153 772 1166 796 ιι
1193 751 1235 803 Fit
1262 754 1377 817 primum
1406 752 1564 816 discipulus,
1595 755 1747 817 ingreditur
1775 758 1868 810 cellans

1046 823 1203 885 disciplinae,
1220 825 1247 873 in
1271 837 1325 888 qua
1351 837 1439 875 mores
1453 823 1512 887 ejus
1537 839 1553 875 a
1577 825 1704 889 magistro
1723 829 1803 878 variis
1818 830 1872 881 rir-

1047 895 1156 958 latibus,
1183 894 1293 944 velata
1320 893 1503 959 pigmentariis
1527 902 1648 946 aromate
1674 899 1785 949 dirersis
1809 916 1868 965 spe·

1045 967 1137 1017 clebus
1160 971 1369 1030 componuntnr.
1384 986 1397 1010 a
1419 968 1472 1016 Nec
1485 965 1608 1017 absimile
1623 968 1687 1017 illud
1709 970 1867 1034 Eclsehardl,

1046 1037 1115 1088 coo
1140 1037 1207 1088 Vitae
1233 1037 1261 1088 ll.
1290 1037 1421 1087 Notlseri:
1446 1054 1460 1086 a
1484 1038 1569 1102 Digne
1597 1043 1726 1091 memoria
1756 1043 1813 1105 ejus
1839 1045 1867 1095 in

1046 1107 1241 1171 compositione
1278 1108 1369 1159 odoris
1407 1113 1510 1160 sanate
1544 1109 1670 1162 Ecclesia
1705 1113 1767 1165 lacti
1799 1129 1868 1178 opus

1045 1178 1225 1244 pigmentarii.
1242 1200 1254 1225 a

1076 1251 1132 1302 Col.
1148 1253 1188 1310 ⁸9,
1204 1251 1251 1301 lin.
1268 1254 1308 1304 30.
1323 1278 1353 1289 -
1372 1251 1499 1317 Epictetus
1519 1252 1711 1305 eebor-laterior
1736 1256 1869 1322 dirigens.

1044 1321 1102 1372 Non
1119 1321 1343 1374 tulitllildeherti
1367 1327 1433 1374 setas
1455 1323 1552 1383 virum,
1583 1327 1635 1384 cui,
1657 1330 1704 1375 eut
1728 1328 1869 1392 ingenium

1044 1394 1226 1457 prestantius,
1242 1399 1287 1444 ant
1301 1394 1386 1445 oratio
1410 1395 1570 1446 concinnior
1591 1396 1690 1447 lamam
1707 1399 1868 1453 conciliarit.

1044 1464 1157 1516 Vircao
1181 1470 1207 1517 et
1232 1465 1350 1525 ridente,
1371 1466 1398 1515 ia
1422 1466 1521 1517 scholis
1550 1468 1672 1532 epistolae
1694 1471 1869 1523 adolescenti·

1043 1536 1095 1587 bns
1121 1537 1155 1587 nd
1183 1536 1342 1587 imItandnm
1369 1539 1515 1602 propositas
1541 1540 1660 1590 luerunt.
1688 1542 1783 1592 Petras
1810 1543 1867 1594 Ble-

162 1620 310 1671 paucorum
340 1606 499 1659 intercessio
532 1612 676 1660 temeraria
712 1608 822 1660 levioris
857 1602 1126 1669 momentiBsensis
1154 1608 1230 1672 epist.
1261 1607 1307 1658 loe
1335 1621 1342 1658 ε
1370 1627 1383 1651 n
1412 1608 1515 1658 Proluit
1542 1610 1608 1660 mihi
1636 1612 1708 1675 quod
1738 1614 1865 1677 epistolas

163 1684 229 1736 erat.
254 1693 334 1743 quam
363 1685 393 1729 ιιι
415 1681 564 1744 periculum
593 1683 737 1732 lacesseret
760 1681 808 1731 rita
826 1678 919 1730 electo.
938 1681 986 1729 sl·

163 1764 216 1814 que
252 1752 318 1802 adeo
358 1751 433 1801 lalsis
476 1752 711 1803 criminationibus
751 1750 912 1817 impetitum,
954 1766 986 1800 ex

162 1830 259 1875 eventu
289 1827 439 1890 conjectare
468 1827 548 1878 licat:
569 1829 607 1888 (a)
632 1832 805 1878 consecratus
836 1828 907 1877 enim
935 1826 987 1876 luit

161 1896 310 1949 lidebertus
334 1913 406 1949 auno
431 1899 500 1957 roos.
517 1901 542 1949 in
567 1900 681 1950 ecclesia
704 1899 793 1950 Sancti
810 1898 910 1950 Juliani
926 1897 984 1947 Tu·

160 1970 294 2029 senensis,
332 1972 443 2028 decano.
483 1979 657 2034 praecentore.
686 1976 712 2022 et
748 1970 864 2021 Gobrido
894 1968 984 2020 archi·

160 2042 274 2091 diacono
314 2042 437 2093 Ecclesiae
480 2044 693 2093 Cenomanensis
736 2041 914 2106 presentibus
958 2044 985 2091 et

158 2111 319 2165 laventibus.
351 2115 380 2165 ld
406 2115 567 2165 confirmant
595 2115 693 2166 tabulas
720 2115 873 2165 chartularii
904 2112 981 2163 Prul·

157 2183 294 2244 liacenais,
323 2201 390 2251 quas
432 2185 576 2253 subjicio:
610 2206 622 2232 n
653 2187 743 2237 Helias
772 2186 983 2238 Cenomanensis

159 2270 257 2316 comes,
274 2272 321 2322 pro
347 2260 496 2309 animarum
527 2259 610 2322 patris
634 2259 781 2322 matrisque
809 2272 876 2309 mese
894 2271 981 2308 remo·

158 2329 213 2386 dio,
239 2329 306 2379 illud
335 2330 436 2381 donum
460 2331 533 2394 quod
563 2345 578 2379 s
601 2329 683 2380 tratre
708 2345 769 2380 meo
787 2330 914 2380 Gosberto
932 2330 981 2379 da·

158 2404 214 2450 tam
237 2406 294 2452 erat
321 2403 439 2454 ecclesiia
467 2403 556 2453 Sancti
585 2404 656 2453 Petri
682 2404 851 2454 Prulliacensi
879 2401 913 2451 do
936 2415 980 2452 ec·

158 2473 240 2522 etesia
256 2472 368 2530 llociaci.
384 2488 490 2524 necnon
514 2477 593 2524 etiam
617 2475 650 2524 de
665 2473 770 2524 cunctis
795 2472 845 2538 ipsi
869 2472 980 2523 Prullia·

157 2545 243 2594 censis
264 2545 381 2595 ecclesias
407 2544 521 2604 abbatis,
537 2546 564 2594 in
589 2546 632 2596 die
654 2546 864 2596 consecrationls
886 2544 978 2595 domni

155 2614 282 2665 lldebcrti
307 2613 427 2680 episcopi
455 2617 539 2667 nostri
565 2616 594 2667 in
623 2618 741 2679 capitulo
768 2615 859 2666 Sancti
879 2615 978 2667 tuliani

155 2686 322 2738 Turonensis
348 2688 467 2739 ecclesiae
489 2690 622 2752 martyris.
652 2687 706 2739 Deo
729 2691 877 2752 sanctoque
902 2689 978 2752 prin·

155 2759 208 2823 cipi
233 2761 414 2823 apostolorum
440 2759 531 2820 Petro,
554 2759 699 2825 ottonique
721 2760 811 2810 abbati
836 2764 863 2809 et
885 2773 977 2810 mons·

153 2830 213 2881 chis
232 2830 358 2881 Ecclesia
386 2831 574 2881 servientibus.
601 2830 678 2880 Hanc
703 2831 904 2881 concessionem
924 2828 976 2881 leci

153 2915 242 2953 coram
267 2903 367 2952 domno
390 2901 522 2952 lideberto
546 2902 682 2965 episcopo,
709 2908 736 2952 et
763 2902 858 2952 abbate
885 2900 976 2953 Sancti

1040 1675 1187 1728 Hildeberti
1215 1677 1427 1731 Cenomanensis
1455 1681 1582 1744 episcopi,
1621 1681 1683 1746 styli
1722 1682 1862 1749 elegantia,

1040 1754 1066 1800 et
1089 1750 1165 1800 sueri
1190 1752 1340 1801 urbanitate
1365 1750 1523 1815 praecipuas,
1546 1753 1653 1805 firmare
1676 1758 1702 1804 et
1725 1756 1805 1806 eorde
1825 1762 1863 1808 te·

1039 1833 1091 1871 nas
1105 1823 1217 1873 reddere
1240 1823 1460 1874 adolescentulus
1482 1825 1669 1888 compellebar.
1690 1842 1704 1873 s
1729 1826 1783 1878 Nec
1798 1843 1861 1880 vero

1038 1890 1090 1941 sibi
1107 1894 1204 1951 solum,
1219 1894 1265 1945 sed
1289 1897 1315 1944 et
1338 1896 1441 1958 patriae,
1465 1895 1605 1957 elegantiae
1631 1901 1732 1947 tantam
1750 1898 1860 1963 gloriam

1038 1966 1152 2027 peperit,
1181 1971 1210 2014 ιιι
1234 1965 1313 2029 vulgo
1342 1965 1458 2015 elocn‘io
1486 1967 1665 2018 cenomanica
1696 1976 1801 2034 compta
1835 1975 1862 2022 et

1037 2035 1169 2100 perpolita
1194 2036 1345 2087 baberetur.
1371 2036 1520 2088 Willelmus
1542 2038 1789 2091 blalmesbnriensis
1813 2043 1859 2093 lib.

1036 2121 1043 2157 ι
1066 2108 1099 2159 do
1127 2110 1212 2161 (iestis
1239 2110 1396 2174 pontificum
1425 2112 1580 2176 anglorum,
1611 2112 1656 2162 ιιιι
1685 2114 1717 2163 de
1746 2113 1858 2167 lladnllo

1034 2178 1155 2230 Rollensi
1171 2180 1296 2246 episcopo
1314 2199 1320 2232 ι
1338 2181 1389 2232 «Si
1412 2182 1551 2233 scientiam
1574 2182 1721 2234 litterarum
1744 2186 1857 2247 rimeris,

1035 2253 1105 2300 totas
1120 2254 1244 2303 exhausit
1267 2252 1404 2313 Athenes;
1426 2255 1446 2302 ιι
1471 2254 1652 2317 eloquentiam
1677 2256 1777 2320 erigas,
1795 2259 1861 2308 mel·

1033 2322 1075 2373 leo
1092 2326 1208 2388 quodam
1223 2326 1299 2390 lapsu
1317 2339 1350 2376 es
1370 2326 1430 2390 ejus
1453 2340 1500 2376 ore
1517 2326 1578 2377 fluit
1601 2330 1706 2378 oratio:
1721 2329 1766 2378 cui
1785 2343 1860 2382 acca·

1034 2394 1073 2444 dit
1102 2398 1213 2461 genialis
1241 2397 1313 2456 solis,
1331 2396 1358 2447 ld
1383 2402 1423 2447 eat
1448 2399 1632 2457 Cenomanici,
1657 2407 1809 2465 accuratus,
1831 2407 1860 2454 et

1032 2469 1110 2531 quael
1125 2469 1246 2532 depexus
1260 2483 1357 2520 sermo.
1376 2485 1389 2517 ιι

1063 2540 1117 2590 Col.
1133 2541 1172 2598 89,
1188 2541 1235 2592 lin.
1259 2543 1299 2592 to.
1324 2569 1353 2579 -
1379 2539 1549 2593 Celeberrime
1575 2542 1721 2608 divulgato.
1745 2545 1858 2596 Chroni-

1033 2622 1082 2659 con
1109 2611 1267 2662 Turonense
1293 2613 1326 2662 ad
1354 2626 1455 2663 annum
1481 2613 1559 2664 llil:
1576 2632 1589 2657 a
1619 2616 1648 2665 ln
1677 2615 1856 2668 versificando

1032 2683 1059 2730 et
1074 2682 1200 2733 dictando
1223 2684 1335 2734 scientia
1358 2683 1446 2734 clarus
1468 2703 1482 2731 s
1506 2690 1626 2736 vocatur.
1652 2685 1761 2737 Plenius
1775 2689 1857 2740 Chro-

1031 2753 1112 2803 nicon
1140 2753 1372 2806 antissiodorense
1399 2757 1431 2806 ad
1461 2770 1561 2807 annum
1590 2756 1672 2809 stoi:
1692 2776 1705 2803 s
1729 2758 1857 2812 Florebat

1031 2822 1083 2874 boe
1106 2830 1227 2891 tempore
1251 2827 1430 2885 Hildebertus,
1459 2827 1535 2892 prius
1560 2829 1772 2879 Cenomanensis
1799 2833 1856 2894 epi·

1030 2910 1136 2961 scopus,
1161 2899 1257 2949 deinde
1281 2901 1394 2950 Turonis
1418 2899 1646 2965 archiepiscopus.
1671 2901 1716 2953 Vir
1742 2904 1856 2955 scientia

152 2972 287 3038 Carilephi
315 2973 462 3035 Eurrurdo,
491 2978 517 3023 et
544 2971 661 3023 Gollrido
688 2972 899 3023 Cenomanensis
926 2975 1013 3044 lic-c
1031 2970 1305 3032 perspicuus,eltam
1329 2969 1357 3019 5¹1
1382 2970 1558 3022 Vtiliflssssssd⁰
1582 2985 1661 3032 “illm
1679 2971 1706 3022 5⁰
1728 2974 1855 3024 diflltfldo

153 3044 240 3096 atesim
267 3045 368 3094 decano
407 3049 435 3094 aa
467 3044 617 3094 Fulehrado
646 3048 823 3107 praecentom,
860 3050 886 3095 es
913 3045 977 3095 (ιρι.
1029 3041 1140 3102 gratiam
1172 3042 1334 3105 peculiarem
1366 3043 1489 3105 edeptus.
1519 3042 1642 3093 indicant
1669 3043 1719 3094 boc
1746 3044 1854 3096 diversa

151 3117 221 3166 lrido
252 3115 441 3166 archidiacono
470 3118 497 3165 et
533 3130 622 3165 coram
658 3116 716 3167 istis
751 3116 818 3166 meis
846 3115 977 3166 militibus

153 3186 294 3238 Guillelmo
323 3185 420 3237 Tibulo
449 3191 475 3236 et
502 3186 616 3237 Ricardo
643 3187 814 3251 Harengodo,
848 3189 976 3251 omnique

152 3263 287 3308 consentu
326 3258 416 3308 Sancti
454 3255 565 3316 Juliani,
606 3261 659 3309 tam
697 3259 865 3317 clericorum,
894 3273 974 3323 quem

150 3328 290 3380 laicorum.
321 3330 376 3394 Ego
402 3328 537 3380 Gobridus
566 3329 774 3381 vindocinensis
801 3343 900 3388 comes,
928 3345 975 3381 eo·

151 3406 298 3465 gnomento
312 3401 448 3458 iordanis.
466 3404 572 3452 cuncte
594 3414 662 3451 mese
690 3403 827 3465 progenici
847 3403 974 3466 prasenti

151 3472 289 3525 erratura
314 3473 374 3524 volo
395 3470 542 3534 notillcere,
557 3473 631 3537 qnod
659 3472 759 3522 donum
781 3474 898 3524 ecclesiae
920 3472 972 3524 Bo·

150 3544 225 3601 ciaci.
241 3545 318 3595 sicuti
344 3543 396 3595 mei
420 3544 527 3594 connati
550 3542 696 3592 Gosberlus
719 3548 746 3593 at
775 3544 864 3594 tleliss
886 3548 971 3596 Ceno·

148 3618 285 3667 mancosis
300 3629 389 3666 comes
412 3614 552 3670 dederunt,
575 3612 611 3662 ita
628 3627 677 3673 ego
695 3617 723 3662 et
737 3612 808 3664 olins
828 3615 970 3674 soffridus,

149 3685 196 3750 qui
216 3690 420 3745 cogrsomiuatus
448 3688 489 3733 est
502 3682 694 3743 Grisagonella,
716 3698 765 3748 pro
783 3684 873 3736 anima
889 3688 971 3750 patris

148 3758 201 3806 mei
216 3755 336 3813 Gollridi,
351 3755 524 3818 blandaque
547 3755 641 3804 matris
658 3768 734 3812 mem,
752 3760 778 3806 et
796 3757 885 3807 aniuia
900 3771 969 3814 mea.

148 3829 291 3891 animeque
314 3825 477 3891 Euphronio
505 3829 646 3877 comitissae
671 3828 763 3876 uxoris
787 3842 862 3887 mese,
888 3830 970 3878 dona·

147 3911 209 3949 mus
232 3902 259 3948 ot
286 3899 480 3949 condonamus.
502 3898 565 3948 Heac
592 3897 704 3949 donatio
731 3897 801 3949 lacta
829 3905 869 3951 est
896 3914 968 3951 enno

148 3969 246 4021 loeas

176 4041 233 4093 Col.
255 4041 295 4104 89,
320 4043 367 4092 lin.
384 4043 469 4094 ιι·
486 4041 525 4092 Ea
551 4040 900 4107 quibaataaquamsopieaa
924 4045 967 4108 pi-

143 4112 308 4177 gmentarias
326 4117 424 4178 potans.
448 4113 640 4176 Pigmentarius
663 4113 760 4163 dicitur
782 4112 809 4163 iu
832 4115 967 4164 veteribus

146 4184 242 4246 glossis
257 4185 352 4235 Latino
372 4182 448 4235 roecis
466 4181 622 4247 μυρνπώλης.
641 4183 840 4248 φιρμακοπώλης
858 4187 899 4233 sal
918 4203 967 4250 μυ·

147 4247 227 4312 prdie,
244 4251 273 4298 ut
296 4249 323 4298 in
352 4200 491 4298 &recolat
520 4245 669 4310 πυροπώλης
693 4246 893 4311 pigmentarias,
916 4265 966 4300 aa·

143 4320 307 4382 questoriae.
339 4318 535 4385 Pigmentnrius
565 4320 646 4382 igitur
678 4321 720 4368 est
746 4320 962 4384 pharmacopola,

1029 3112 1088 3174 ejas
1102 3113 1240 3176 opuscula.
1257 3127 1318 3178 qnae
1333 3115 1442 3164 metrice
1466 3113 1558 3176 edidit,
1579 3119 1606 3164 et
1630 3116 1760 3178 epistota.
1783 3131 1852 3182 quas

1029 3183 1061 3232 ad
1086 3183 1207 3235 diversos
1232 3184 1338 3235 direxit.
1367 3186 1431 3245 Quae
1459 3185 1551 3236 omnia
1580 3187 1647 3236 miro
1676 3188 1756 3237 modo
1776 3202 1853 3239 com·

1027 3255 1138 3303 mendnt
1159 3260 1186 3306 et
1210 3255 1342 3320 elegantia
1365 3271 1503 3314 sensuum,
1529 3261 1556 3306 et
1578 3257 1652 3321 lepos
1676 3257 1848 3323 brevitasque

1026 3324 1181 3376 verborum.
1197 3325 1274 3376 Unde
1289 3328 1398 3392 quidam
1414 3328 1446 3377 de
1461 3341 1493 3378 eo
1508 3326 1546 3377 sic
1563 3327 1618 3378 ait:

1108 3396 1224 3461 Inclusus
1238 3408 1262 3447 er
1276 3411 1352 3463 prosa
1366 3413 1490 3464 versaque
1501 3413 1549 3462 per
1565 3399 1654 3450 omnio
1667 3401 1768 3464 privans

1159 3471 1326 3521 Hildebertus
1339 3477 1390 3522 olet
1402 3487 1508 3536 prorsus
1522 3471 1616 3538 edique
1628 3488 1723 3523 rosam.

1056 3542 1131 3603 Quod
1158 3543 1252 3594 iisdem
1276 3559 1344 3609 pons
1366 3546 1457 3595 verbis
1481 3545 1602 3596 relernnt
1626 3545 1671 3595 alii
1694 3546 1850 3613 chronologl

1023 3611 1081 3663 ltali
1097 3620 1124 3663 et
1138 3613 1273 3677 Germani,
1289 3621 1344 3665 tum
1360 3617 1439 3666 otiam
1457 3616 1544 3675 llnali.

1054 3686 1109 3735 Col.
1126 3685 1164 3745 89,
1181 3688 1229 3737 lin.
1252 3690 1290 3738 lt.
1306 3715 1335 3724 -
1350 3687 1470 3737 Nondum
1494 3702 1525 3736 ιι,
1549 3702 1631 3738 aanor
1653 3691 1806 3739 excesserat.
1822 3689 1849 3741 Si

1022 3756 1091 3807 hene
1106 3757 1237 3808 calculum
1253 3761 1330 3822 ponit
1354 3759 1380 3807 in
1396 3759 1448 3808 line
1473 3760 1555 3822 hujus
1577 3762 1711 3822 opusculi,
1732 3768 1788 3809 erat
1803 3774 1849 3811 an·

1023 3841 1119 3877 norum
1144 3843 1207 3879 sarr.
1225 3832 1266 3880 aa
1289 3843 1405 3894 namque
1432 3834 1541 3893 expleto
1567 3832 1749 3891 octuagesimo
1775 3845 1848 3882 anno

1023 3898 1118 3950 abiisse
1133 3901 1166 3950 ad
1189 3901 1343 3963 Dominum,
1364 3916 1450 3951 annos
1474 3915 1534 3951 xxix
1561 3904 1681 3965 exegisse
1704 3902 1732 3951 in
1747 3902 1848 3967 episco-

1021 3976 1094 4035 patu.
1120 3977 1147 4023 et
1169 3986 1193 4022 vs
1215 3986 1302 4022 annos
1325 3986 1385 4023 cnm
1410 3973 1522 4023 dimidio
1549 3974 1575 4023 in
1600 3973 1843 4037 archiepiscopatu,

1021 4057 1053 4093 ex
1068 4044 1166 4108 quibas
1180 4045 1225 4094 vis
1241 4045 1348 4108 colligas
1372 4059 1447 4096 xxxvl
1473 4059 1568 4100 annos,
1585 4047 1690 4109 quossi
1706 4046 1842 4105 detrahas,

1020 4115 1115 4179 reliqui
1131 4120 1210 4165 erunt
1224 4130 1281 4166 xsrr
1296 4117 1370 4172 anni.
1387 4122 1413 4166 et
1434 4117 1506 4180 quod
1522 4114 1650 4178 excurrit,
1666 4130 1735 4180 quos
1750 4121 1842 4167 trans·

1019 4187 1074 4248 egit
1087 4187 1114 4235 in
1131 4188 1301 4243 canonicatu.
1318 4188 1470 4250 magisterio
1495 4188 1647 4237 scholarum
1671 4193 1698 4238 et
1712 4188 1844 4240 archidia-

1018 4262 1126 4307 conatu.

978 4353 1002 4418 D
1048 4329 1105 4379 Col.
1120 4333 1160 4389 90,
1183 4330 1229 4381 lin.
1254 4333 1293 4382 33.
1309 4333 1427 4381 -lrster
1449 4332 1592 4396 duplorum
1614 4346 1708 4397 regerer.
1734 4331 1839 4383 Willel·

144 4391 189 4453 qnl
205 4392 268 4440 rina
295 4391 426 4442 medicata
452 4390 554 4448 vendit,
585 4389 714 4439 odoribus
739 4391 849 4446 scilicet.
875 4393 961 4452 melle,
1021 4414 1093 4449 mum
1109 4401 1140 4452 ιι,

144 4472 246 4511 manna
275 4472 300 4513 et
328 4463 454 4513 sacchore
485 4464 640 4524 temperata,
672 4460 714 4509 sel
746 4460 805 4510 aliis
834 4462 965 4527 ejusmodi

142 4532 294 4594 speciebus.
321 4534 439 4585 Isidorus
468 4532 496 4582 in
532 4530 658 4596 glossis:
688 4530 828 4595 Yuspollea,
856 4549 964 4599 monac,

1050 4472 1158 4533 eol.9o‚
1174 4475 1221 4524 lin.
1246 4477 1330 4526 db-
1345 4475 1377 4525 El
1401 4474 1502 4525 lleliam
1525 4476 1654 4525 comitem.
1679 4474 1776 4525 Filium
1796 4475 1841 4526 Jo-

1016 4545 1143 4596 anaiade
1165 4546 1249 4606 hissa,
1265 4547 1342 4613 cnjus
1365 4550 1520 4599 memoriam
1545 4563 1613 4611 peno
1633 4550 1838 4599 intermortuam

143 4603 186 4652 ”fi
208 4619 289 4667 dmm
313 4604 452 4670 Pidmtnli·
477 4605 572 4654 petil·
596 4601 729 4660 Dflmilnir
752 4602 800 4652 lib·
824 4619 857 4662 ιι.
883 4607 960 4668 episi·
1014 4619 1160 4679 renovabo,
1185 4620 1295 4682 prolatis
1320 4620 1420 4671 tabulis
1444 4634 1476 4671 ex
1502 4620 1664 4670 chartulario
1688 4619 1776 4670 Sancti
1793 4621 1836 4670 sl-

142 4673 190 4724 32:
209 4676 354 4726 “Mullum
377 4677 454 4727 mlle
478 4677 568 4732 simul,
582 4679 609 4724 li
630 4675 741 4724 diV‘flss
764 4676 960 4738 clementorum
1013 4687 1069 4739 bini
1083 4691 1291 4749 dedecerensia,
1316 4706 1377 4756 quse
1391 4691 1429 4741 sic
1453 4691 1554 4742 labent
1570 4705 1605 4740 :a
1630 4692 1674 4740 l'ir
1698 4691 1795 4741 nobilis
1810 4695 1840 4742 et

142 4749 323 4812 gentilium.»
340 4748 493 4813 Saggarius.
508 4748 699 4797 constitutione
720 4749 744 4797 3.
761 4746 960 4811 «Pigmcntutn
1011 4761 1089 4811 mlle!
1117 4762 1249 4826 egregius¹
1276 4763 1320 4813 cui
1351 4777 1448 4812 nomen
1479 4768 1519 4812 ppt
1541 4765 1659 4812 ,loannes
1688 4762 1720 4812 de
1749 4760 1835 4820 Fissa,

140 4816 260 4869 habeant
274 4820 368 4871 iratres
392 4820 425 4869 da
446 4833 550 4869 camera
573 4823 600 4869 et
622 4817 737 4898 cellario:
764 4817 859 4878 »Quas
881 4820 960 4873 chare
1010 4830 1121 4896 largitu,
1137 4840 1177 4883 ρει
1191 4834 1223 4884 de
1247 4848 1296 4884 ⁸110
1320 4834 1422 4885 honore
1446 4833 1548 4898 aliquid
1565 4837 1620 4884 000
1635 4843 1661 4884 gp
1675 4833 1773 4883 sancio
1789 4833 1836 4882 Αι.

139 4902 199 4938 ⁰⁰⁰¹
223 4894 353 4949 venirent,
378 4890 489 4939 dtiittlfl
518 4896 544 4940 02
568 4890 684 4939 ¹1¹0¹¹il⁹l
712 4893 860 4940 illelliiffifl
882 4897 960 4945 erant
1010 4903 1190 4969 hinoetejus
1214 4906 1361 4955 monachis.
1385 4905 1469 4969 lgilur
1493 4907 1567 4956 dedit
1590 4906 1729 4958 ecclesiam
1746 4904 1835 4954 Sancti

136 4963 242 5023 0061118·
272 4965 371 5013 011οῑοΓ
403 4961 472 5012 Viiae
499 4960 629 5011 Gnidlfflil
664 4961 875 5013 Cln⁰fflf¹¹¹⁰⁰⁸i⁸
902 4967 958 5029 epi·
1009 4976 1175 5027 Andoeniet
1197 4977 1324 5040 capellam
1350 4989 1512 5041 suamque
1533 4979 1560 5026 in
1585 4976 1835 5040 ejnsenstollosita

135 5035 232 5098 ⁸⁰⁰P52
261 5054 274 5081 ⁴⁴
304 5035 428 5086 Alltfssttl
445 5036 520 5084 0le
547 5038 600 5083 ²⁸⁰¹
629 5039 685 5085 llll
714 5035 848 5099 conditui,
877 5050 956 5101 (litim
1008 5052 1057 5106 cst,
1072 5047 1194 5099 interluit
1217 5049 1307 5098 llelias
1331 5047 1401 5098 lilius
1426 5049 1496 5113 ejus.
1514 5052 1609 5100 tetum
1633 5047 1833 5111 npudtlissam,

163 5199 199 5263 (θ)
225 5198 278 5250 Alii
308 5202 439 5255 illelom·
469 5200 496 5248 ti
527 5208 596 5260 l>ene
635 5209 737 5255 mnes,
766 5198 953 5253 Hildebertunr
1004 5208 1142 5260 lactamin
1172 5209 1215 5259 die
1243 5208 1453 5261 consecrationis
1481 5209 1573 5261 domni
1603 5207 1752 5259 llildeberti
1776 5208 1832 5273 epi·

131 5276 316 5322 consecratum
345 5272 427 5322 luisse
455 5272 580 5321 asserunt
619 5281 690 5319 anno
720 5272 791 5330 toni,
820 5272 879 5335 ipso
907 5274 951 5325 die
1003 5281 1087 5344 scopi,
1111 5281 1262 5345 suspicarer
1290 5281 1361 5332 diem
1389 5280 1463 5333 illam
1491 5296 1547 5333 noa
1576 5295 1633 5332 esso
1663 5281 1748 5344 ipsam
1771 5284 1830 5343 ejus

127 5341 229 5395 Natalis
256 5341 372 5401 Domini,
401 5356 447 5393 sex
482 5339 583 5392 scilicet
615 5339 721 5391 circitor
751 5343 891 5394 mensibus
916 5346 949 5397 ab
1002 5350 1213 5404 consecrationis
1251 5352 1330 5411 diem,
1369 5354 1416 5404 sed
1453 5358 1559 5406 tantum
1603 5348 1827 5406 anniversariam,

125 5412 200 5467 obitu
216 5416 300 5467 lloelli
323 5412 503 5466 antecessoria
526 5413 577 5471 sui.
601 5426 682 5478 quem
707 5410 789 5463 Gesta
810 5413 948 5481 episcopo·
1000 5437 1079 5489 quem
1108 5423 1169 5475 olim
1199 5423 1316 5489 episcopi
1346 5425 1494 5476 solemnius
1522 5426 1658 5477 celebrato
1690 5423 1828 5474 solebant·

121 5499 182 5539 rum
211 5486 455 5539 Cenomancntinm
483 5485 517 5536 nd
545 5485 678 5544 hoellum»
707 5489 821 5536 narrant
848 5486 947 5541 obiisse
998 5495 1053 5547 Nec
1076 5496 1147 5547 enim
1175 5496 1314 5561 probabile
1342 5496 1451 5549 ridetur
1477 5497 1712 5548 consacralionem
1735 5493 1827 5544 tlilda·

119 5572 145 5613 ιι
171 5560 231 5614 llal.
260 5561 373 5625 augusti
401 5558 523 5626 eiusdem
553 5557 618 5607 anni
652 5553 721 5608 illli-
750 5555 826 5615 Quod
855 5565 944 5614 ιιιιιιιι
998 5566 1066 5620 berti
1081 5567 1236 5633 perdecem
1257 5572 1285 5620 et
1307 5571 1368 5622 octo
1382 5567 1416 5620 ad
1440 5566 1531 5620 minus
1550 5568 1584 5619 ab
1607 5566 1667 5632 sjns
1692 5565 1824 5618 electione
1890 5560 1894 5593 ¹

118 5632 215 5688 attinet
242 5632 276 5685 ad
303 5633 375 5684 hanc
405 5630 581 5682 donationem
612 5626 789 5679 Prulllacensi
817 5629 943 5688 marsaio
997 5638 1081 5693 luisse
1095 5640 1215 5694 ditatam.
1358 5648 1362 5653 '
