<?xml version="1.0" encoding="UTF-8"?>
<!DOCTYPE html PUBLIC "-//W3C//DTD XHTML 1.0 Transitional//EN"
    "http://www.w3.org/TR/xhtml1/DTD/xhtml1-transitional.dtd">
<html xmlns="http://www.w3.org/1999/xhtml" xml:lang="en" lang="en">
 <head>
  <title>
</title>
<meta http-equiv="Content-Type" content="text/html;charset=utf-8" />
  <meta name='ocr-system' content='tesseract 3.04.00' />
  <meta name='ocr-capabilities' content='ocr_page ocr_carea ocr_par ocr_line ocrx_word'/>
</head>
<body>
  <div class='ocr_page' id='page_1' title='image "./patrologiaecurs35unkngoog_0677.png"; bbox 0 0 3802 6030; ppageno 0'>
   <div class='ocr_carea' id='block_1_1' title="bbox 143 86 1855 187">
    <p class='ocr_par' dir='ltr' id='par_1_1' title="bbox 143 86 1855 187">
     <span class='ocr_line' id='line_1_1' title="bbox 143 86 1855 187; baseline -0.001 -14"><span class='ocrx_word' id='word_1_1' title='bbox 143 104 225 173; x_wconf 79' lang='lat' dir='ltr'><strong>ans</strong></span> <span class='ocrx_word' id='word_1_2' title='bbox 636 104 733 171; x_wconf 54' lang='lat' dir='ltr'><strong>rsus</strong></span> <span class='ocrx_word' id='word_1_3' title='bbox 755 102 994 170; x_wconf 84' lang='lat' dir='ltr'><strong>annsanen</strong></span> <span class='ocrx_word' id='word_1_4' title='bbox 1013 86 1359 187; x_wconf 68' lang='lat' dir='ltr'><strong>carcassense.</strong></span> <span class='ocrx_word' id='word_1_5' title='bbox 1673 116 1676 125; x_wconf 95' lang='lat'>·</span> <span class='ocrx_word' id='word_1_6' title='bbox 1784 104 1855 175; x_wconf 84' lang='lat' dir='ltr'><strong>ssu</strong></span> 
     </span>
    </p>
   </div>
   <div class='ocr_carea' id='block_1_2' title="bbox 143 233 1760 1813">
    <p class='ocr_par' dir='ltr' id='par_1_2' title="bbox 143 233 1727 605">
     <span class='ocr_line' id='line_1_2' title="bbox 144 233 1727 310; baseline 0.001 -17"><span class='ocrx_word' id='word_1_7' title='bbox 144 235 220 302; x_wconf 82' lang='lat' dir='ltr'><strong>nata</strong></span> <span class='ocrx_word' id='word_1_8' title='bbox 234 235 312 294; x_wconf 87' lang='lat' dir='ltr'><strong>bone</strong></span> <span class='ocrx_word' id='word_1_9' title='bbox 325 237 418 297; x_wconf 80' lang='lat' dir='ltr'><strong>rulers</strong></span> <span class='ocrx_word' id='word_1_10' title='bbox 428 239 567 310; x_wconf 87' lang='lat' dir='ltr'><strong>maxima,</strong></span> <span class='ocrx_word' id='word_1_11' title='bbox 732 237 846 303; x_wconf 80' lang='lat' dir='ltr'><strong>Quanta</strong></span> <span class='ocrx_word' id='word_1_12' title='bbox 861 242 913 295; x_wconf 85' lang='lat' dir='ltr'><strong>tua</strong></span> <span class='ocrx_word' id='word_1_13' title='bbox 929 236 1063 308; x_wconf 79' lang='lat' dir='ltr'><strong>felicitas,</strong></span> <span class='ocrx_word' id='word_1_14' title='bbox 1320 234 1379 292; x_wconf 84' lang='lat' dir='ltr'><strong>Nos</strong></span> <span class='ocrx_word' id='word_1_15' title='bbox 1392 233 1488 292; x_wconf 81' lang='lat' dir='ltr'><strong>selvae</strong></span> <span class='ocrx_word' id='word_1_16' title='bbox 1503 237 1555 293; x_wconf 90' lang='lat' dir='ltr'><strong>tuo</strong></span> <span class='ocrx_word' id='word_1_17' title='bbox 1569 234 1727 308; x_wconf 71' lang='lat' dir='ltr'><strong>sangnine.</strong></span> 
     </span>
     <span class='ocr_line' id='line_1_3' title="bbox 145 304 1724 391; baseline 0 -26"><span class='ocrx_word' id='word_1_18' title='bbox 145 310 218 365; x_wconf 86' lang='lat' dir='ltr'><strong>Cum</strong></span> <span class='ocrx_word' id='word_1_19' title='bbox 234 325 291 367; x_wconf 90' lang='lat' dir='ltr'><strong>sou</strong></span> <span class='ocrx_word' id='word_1_20' title='bbox 308 309 365 367; x_wconf 91' lang='lat' dir='ltr'><strong>nisi</strong></span> <span class='ocrx_word' id='word_1_21' title='bbox 381 311 566 378; x_wconf 81' lang='lat' dir='ltr'><strong>brevissime,</strong></span> <span class='ocrx_word' id='word_1_22' title='bbox 731 309 889 374; x_wconf 70' lang='lat' dir='ltr'><strong>Ouaunia</strong></span> <span class='ocrx_word' id='word_1_23' title='bbox 901 314 930 365; x_wconf 87' lang='lat' dir='ltr'><strong>te</strong></span> <span class='ocrx_word' id='word_1_24' title='bbox 943 312 1009 366; x_wconf 90' lang='lat' dir='ltr'><strong>tran</strong></span> <span class='ocrx_word' id='word_1_25' title='bbox 1033 308 1166 367; x_wconf 86' lang='lat' dir='ltr'><strong>nillltsst</strong></span> <span class='ocrx_word' id='word_1_26' title='bbox 1321 306 1383 374; x_wconf 87' lang='lat' dir='ltr'><strong>llle,</strong></span> <span class='ocrx_word' id='word_1_27' title='bbox 1401 305 1461 363; x_wconf 81' lang='lat' dir='ltr'><strong>Rex</strong></span> <span class='ocrx_word' id='word_1_28' title='bbox 1474 304 1599 377; x_wconf 79' lang='lat' dir='ltr'><strong>Christe,</strong></span> <span class='ocrx_word' id='word_1_29' title='bbox 1621 306 1724 391; x_wconf 83' lang='lat' dir='ltr'><strong>passio</strong></span> 
     </span>
     <span class='ocr_line' id='line_1_4' title="bbox 143 325 1658 452; baseline -0.002 -14"><span class='ocrx_word' id='word_1_30' title='bbox 143 379 208 438; x_wconf 83' lang='lat' dir='ltr'><strong>Non</strong></span> <span class='ocrx_word' id='word_1_31' title='bbox 223 383 303 437; x_wconf 86' lang='lat' dir='ltr'><strong>dices</strong></span> <span class='ocrx_word' id='word_1_32' title='bbox 317 380 373 439; x_wconf 89' lang='lat' dir='ltr'><strong>nisi</strong></span> <span class='ocrx_word' id='word_1_33' title='bbox 389 383 521 439; x_wconf 83' lang='lat' dir='ltr'><strong>uttinss‘l</strong></span> <span class='ocrx_word' id='word_1_34' title='bbox 732 381 754 438; x_wconf 89' lang='lat'>0</span> <span class='ocrx_word' id='word_1_35' title='bbox 770 382 776 436; x_wconf 92' lang='lat' dir='ltr'><strong>l</strong></span> <span class='ocrx_word' id='word_1_36' title='bbox 795 382 867 452; x_wconf 91' lang='lat' dir='ltr'><strong>quid</strong></span> <span class='ocrx_word' id='word_1_37' title='bbox 878 381 942 452; x_wconf 78' lang='lat' dir='ltr'><strong>Jam</strong></span> <span class='ocrx_word' id='word_1_38' title='bbox 956 379 999 437; x_wconf 89' lang='lat' dir='ltr'><strong>illi</strong></span> <span class='ocrx_word' id='word_1_39' title='bbox 1012 325 1107 438; x_wconf 49' lang='lat' dir='ltr'><strong>deerit</strong></span> <span class='ocrx_word' id='word_1_40' title='bbox 1320 380 1383 434; x_wconf 81' lang='lat' dir='ltr'><strong>Fiat</strong></span> <span class='ocrx_word' id='word_1_41' title='bbox 1398 377 1469 435; x_wconf 89' lang='lat' dir='ltr'><strong>mihi</strong></span> <span class='ocrx_word' id='word_1_42' title='bbox 1486 379 1658 448; x_wconf 84' lang='lat' dir='ltr'><strong>redemptio,</strong></span> 
     </span>
     <span class='ocr_line' id='line_1_5' title="bbox 144 450 1674 526; baseline 0 -18"><span class='ocrx_word' id='word_1_43' title='bbox 144 457 248 510; x_wconf 83' lang='lat' dir='ltr'><strong>Parum</strong></span> <span class='ocrx_word' id='word_1_44' title='bbox 265 457 310 510; x_wconf 89' lang='lat' dir='ltr'><strong>est</strong></span> <span class='ocrx_word' id='word_1_45' title='bbox 323 453 464 524; x_wconf 90' lang='lat' dir='ltr'><strong>quidquid</strong></span> <span class='ocrx_word' id='word_1_46' title='bbox 481 453 599 526; x_wconf 76' lang='lat' dir='ltr'><strong>dixeris,</strong></span> <span class='ocrx_word' id='word_1_47' title='bbox 730 451 783 517; x_wconf 85' lang='lat' dir='ltr'><strong>Oui</strong></span> <span class='ocrx_word' id='word_1_48' title='bbox 801 459 828 509; x_wconf 91' lang='lat' dir='ltr'><strong>te</strong></span> <span class='ocrx_word' id='word_1_49' title='bbox 836 453 960 524; x_wconf 86' lang='lat' dir='ltr'><strong>adeptus</strong></span> <span class='ocrx_word' id='word_1_50' title='bbox 974 452 1089 509; x_wconf 78' lang='lat' dir='ltr'><strong>inerit?</strong></span> <span class='ocrx_word' id='word_1_51' title='bbox 1322 450 1512 507; x_wconf 87' lang='lat' dir='ltr'><strong>Peccatornm</strong></span> <span class='ocrx_word' id='word_1_52' title='bbox 1528 452 1674 518; x_wconf 88' lang='lat' dir='ltr'><strong>remissio,</strong></span> 
     </span>
     <span class='ocr_line' id='line_1_6' title="bbox 144 521 1624 605; baseline -0.003 -25"><span class='ocrx_word' id='word_1_53' title='bbox 144 524 233 580; x_wconf 81' lang='lat' dir='ltr'>Breve</span> <span class='ocrx_word' id='word_1_54' title='bbox 248 527 323 595; x_wconf 87' lang='lat' dir='ltr'><strong>quod</strong></span> <span class='ocrx_word' id='word_1_55' title='bbox 340 527 525 596; x_wconf 80' lang='lat' dir='ltr'><strong>cogitaveris,</strong></span> <span class='ocrx_word' id='word_1_56' title='bbox 731 525 812 590; x_wconf 80' lang='lat' dir='ltr'><strong>Ouod</strong></span> <span class='ocrx_word' id='word_1_57' title='bbox 829 524 909 580; x_wconf 87' lang='lat' dir='ltr'><strong>nolet</strong></span> <span class='ocrx_word' id='word_1_58' title='bbox 923 522 967 579; x_wconf 92' lang='lat' dir='ltr'><strong>illi</strong></span> <span class='ocrx_word' id='word_1_59' title='bbox 982 523 1085 592; x_wconf 87' lang='lat' dir='ltr'><strong>deerit,</strong></span> <span class='ocrx_word' id='word_1_60' title='bbox 1322 521 1452 578; x_wconf 86' lang='lat' dir='ltr'><strong>Paradisi</strong></span> <span class='ocrx_word' id='word_1_61' title='bbox 1469 523 1624 605; x_wconf 75' lang='lat' dir='ltr'><strong>regressio.</strong></span> 
     </span>
    </p>

    <p class='ocr_par' dir='ltr' id='par_1_3' title="bbox 143 592 1760 953">
     <span class='ocr_line' id='line_1_7' title="bbox 145 592 1696 668; baseline 0 -19"><span class='ocrx_word' id='word_1_62' title='bbox 145 596 208 650; x_wconf 84' lang='lat' dir='ltr'><strong>Vite</strong></span> <span class='ocrx_word' id='word_1_63' title='bbox 222 596 366 667; x_wconf 85' lang='lat' dir='ltr'><strong>quidquid</strong></span> <span class='ocrx_word' id='word_1_64' title='bbox 382 596 582 668; x_wconf 74' lang='lat' dir='ltr'><strong>descripseris,</strong></span> <span class='ocrx_word' id='word_1_65' title='bbox 730 596 811 659; x_wconf 78' lang='lat' dir='ltr'><strong>Quod</strong></span> <span class='ocrx_word' id='word_1_66' title='bbox 828 612 894 651; x_wconf 88' lang='lat' dir='ltr'><strong>vero</strong></span> <span class='ocrx_word' id='word_1_67' title='bbox 907 595 983 651; x_wconf 87' lang='lat' dir='ltr'><strong>volet</strong></span> <span class='ocrx_word' id='word_1_68' title='bbox 995 597 1099 652; x_wconf 89' lang='lat' dir='ltr'><strong>aderit.</strong></span> <span class='ocrx_word' id='word_1_69' title='bbox 1321 593 1367 649; x_wconf 88' lang='lat' dir='ltr'><strong>Nil</strong></span> <span class='ocrx_word' id='word_1_70' title='bbox 1383 594 1461 650; x_wconf 88' lang='lat' dir='ltr'><strong>enim</strong></span> <span class='ocrx_word' id='word_1_71' title='bbox 1476 594 1548 649; x_wconf 83' lang='lat' dir='ltr'><strong>mihi</strong></span> <span class='ocrx_word' id='word_1_72' title='bbox 1566 592 1696 666; x_wconf 89' lang='lat' dir='ltr'><strong>proderit</strong></span> 
     </span>
     <span class='ocr_line' id='line_1_8' title="bbox 143 664 1760 737; baseline -0.001 -14"><span class='ocrx_word' id='word_1_73' title='bbox 143 666 221 723; x_wconf 86' lang='lat' dir='ltr'><strong>Nihil</strong></span> <span class='ocrx_word' id='word_1_74' title='bbox 238 666 382 737; x_wconf 90' lang='lat' dir='ltr'><strong>quidquid</strong></span> <span class='ocrx_word' id='word_1_75' title='bbox 396 668 541 728; x_wconf 87' lang='lat' dir='ltr'><strong>retuleris.</strong></span> <span class='ocrx_word' id='word_1_76' title='bbox 731 666 776 723; x_wconf 88' lang='lat' dir='ltr'><strong>Ol</strong></span> <span class='ocrx_word' id='word_1_77' title='bbox 794 668 820 724; x_wconf 90' lang='lat' dir='ltr'><strong>si</strong></span> <span class='ocrx_word' id='word_1_78' title='bbox 835 669 871 723; x_wconf 89' lang='lat' dir='ltr'><strong>ad</strong></span> <span class='ocrx_word' id='word_1_79' title='bbox 886 671 916 724; x_wconf 91' lang='lat' dir='ltr'><strong>te</strong></span> <span class='ocrx_word' id='word_1_80' title='bbox 932 683 989 723; x_wconf 92' lang='lat' dir='ltr'><strong>nnn</strong></span> <span class='ocrx_word' id='word_1_81' title='bbox 1002 684 1117 724; x_wconf 86' lang='lat' dir='ltr'><strong>renero.</strong></span> <span class='ocrx_word' id='word_1_82' title='bbox 1321 664 1400 728; x_wconf 80' lang='lat' dir='ltr'><strong>Quod</strong></span> <span class='ocrx_word' id='word_1_83' title='bbox 1417 667 1561 721; x_wconf 90' lang='lat' dir='ltr'><strong>mundum</strong></span> <span class='ocrx_word' id='word_1_84' title='bbox 1582 666 1760 732; x_wconf 78' lang='lat' dir='ltr'><strong>liberaverit,</strong></span> 
     </span>
     <span class='ocr_line' id='line_1_9' title="bbox 144 737 1672 814; baseline -0.001 -20"><span class='ocrx_word' id='word_1_85' title='bbox 144 737 166 794; x_wconf 89' lang='lat'>0</span> <span class='ocrx_word' id='word_1_86' title='bbox 183 737 250 792; x_wconf 83' lang='lat' dir='ltr'><strong>telis</strong></span> <span class='ocrx_word' id='word_1_87' title='bbox 266 737 378 794; x_wconf 82' lang='lat' dir='ltr'><strong>urbest</strong></span> <span class='ocrx_word' id='word_1_88' title='bbox 393 740 512 814; x_wconf 78' lang='lat' dir='ltr'><strong>inclyta,</strong></span> <span class='ocrx_word' id='word_1_89' title='bbox 732 740 761 796; x_wconf 90' lang='lat' dir='ltr'><strong>Si</strong></span> <span class='ocrx_word' id='word_1_90' title='bbox 778 743 816 807; x_wconf 90' lang='lat' dir='ltr'><strong>te,</strong></span> <span class='ocrx_word' id='word_1_91' title='bbox 832 746 937 807; x_wconf 89' lang='lat' dir='ltr'><strong>mater,</strong></span> <span class='ocrx_word' id='word_1_92' title='bbox 954 754 1013 795; x_wconf 90' lang='lat' dir='ltr'><strong>non</strong></span> <span class='ocrx_word' id='word_1_93' title='bbox 1028 740 1140 806; x_wconf 88' lang='lat' dir='ltr'><strong>videro,</strong></span> <span class='ocrx_word' id='word_1_94' title='bbox 1321 737 1382 793; x_wconf 89' lang='lat' dir='ltr'><strong>Nisi</strong></span> <span class='ocrx_word' id='word_1_95' title='bbox 1399 741 1428 793; x_wconf 90' lang='lat' dir='ltr'><strong>et</strong></span> <span class='ocrx_word' id='word_1_96' title='bbox 1447 737 1672 793; x_wconf 77' lang='lat' dir='ltr'><strong>monstraverit.</strong></span> 
     </span>
     <span class='ocr_line' id='line_1_10' title="bbox 143 808 1710 882; baseline 0.001 -17"><span class='ocrx_word' id='word_1_97' title='bbox 143 808 260 865; x_wconf 71' lang='lat' dir='ltr'><strong>Caelesti</strong></span> <span class='ocrx_word' id='word_1_98' title='bbox 276 809 340 865; x_wconf 91' lang='lat' dir='ltr'><strong>luce</strong></span> <span class='ocrx_word' id='word_1_99' title='bbox 356 811 488 882; x_wconf 83' lang='lat' dir='ltr'><strong>predita,</strong></span> <span class='ocrx_word' id='word_1_100' title='bbox 733 811 761 867; x_wconf 89' lang='lat' dir='ltr'><strong>Si</strong></span> <span class='ocrx_word' id='word_1_101' title='bbox 773 810 855 866; x_wconf 67' lang='lat' dir='ltr'><strong>exsul</strong></span> <span class='ocrx_word' id='word_1_102' title='bbox 872 811 912 867; x_wconf 89' lang='lat' dir='ltr'><strong>tui</strong></span> <span class='ocrx_word' id='word_1_103' title='bbox 929 810 1021 877; x_wconf 82' lang='lat' dir='ltr'><strong>suero,</strong></span> <span class='ocrx_word' id='word_1_104' title='bbox 1322 812 1478 880; x_wconf 85' lang='lat' dir='ltr'><strong>vitamque</strong></span> <span class='ocrx_word' id='word_1_105' title='bbox 1493 810 1564 864; x_wconf 90' lang='lat' dir='ltr'><strong>mihi</strong></span> <span class='ocrx_word' id='word_1_106' title='bbox 1586 810 1710 866; x_wconf 78' lang='lat' dir='ltr'><strong>dederit.</strong></span> 
     </span>
     <span class='ocr_line' id='line_1_11' title="bbox 143 879 1653 953; baseline 0.001 -19"><span class='ocrx_word' id='word_1_107' title='bbox 143 879 274 936; x_wconf 85' lang='lat' dir='ltr'><strong>Gemmis</strong></span> <span class='ocrx_word' id='word_1_108' title='bbox 288 885 317 936; x_wconf 89' lang='lat' dir='ltr'><strong>et</strong></span> <span class='ocrx_word' id='word_1_109' title='bbox 332 898 404 938; x_wconf 90' lang='lat' dir='ltr'><strong>auro</strong></span> <span class='ocrx_word' id='word_1_110' title='bbox 417 884 545 951; x_wconf 86' lang='lat' dir='ltr'><strong>condita,</strong></span> <span class='ocrx_word' id='word_1_111' title='bbox 732 885 781 937; x_wconf 84' lang='lat' dir='ltr'><strong>Va</strong></span> <span class='ocrx_word' id='word_1_112' title='bbox 798 880 805 936; x_wconf 96' lang='lat' dir='ltr'><strong>l</strong></span> <span class='ocrx_word' id='word_1_113' title='bbox 826 898 865 937; x_wconf 82' lang='lat' dir='ltr'><strong>ve</strong></span> <span class='ocrx_word' id='word_1_114' title='bbox 881 882 889 938; x_wconf 89' lang='grc' dir='ltr'>Ι</span> <span class='ocrx_word' id='word_1_115' title='bbox 906 886 978 938; x_wconf 88' lang='lat' dir='ltr'><strong>tunc</strong></span> <span class='ocrx_word' id='word_1_116' title='bbox 993 881 1065 938; x_wconf 88' lang='lat' dir='ltr'><strong>mihi</strong></span> <span class='ocrx_word' id='word_1_117' title='bbox 1083 879 1211 938; x_wconf 89' lang='lat' dir='ltr'><strong>miserol</strong></span> <span class='ocrx_word' id='word_1_118' title='bbox 1320 879 1397 936; x_wconf 80' lang='lat' dir='ltr'><strong>Aodi</strong></span> <span class='ocrx_word' id='word_1_119' title='bbox 1412 896 1493 953; x_wconf 82' lang='lat' dir='ltr'><strong>ergo,</strong></span> <span class='ocrx_word' id='word_1_120' title='bbox 1509 881 1653 952; x_wconf 85' lang='lat' dir='ltr'><strong>piissime,</strong></span> 
     </span>
    </p>

    <p class='ocr_par' dir='ltr' id='par_1_4' title="bbox 143 949 1738 1169">
     <span class='ocr_line' id='line_1_12' title="bbox 143 949 1738 1026; baseline 0.001 -18"><span class='ocrx_word' id='word_1_121' title='bbox 143 949 203 1008; x_wconf 80' lang='lat' dir='ltr'><strong>Soli</strong></span> <span class='ocrx_word' id='word_1_122' title='bbox 228 968 263 1008; x_wconf 90' lang='lat' dir='ltr'><strong>ne</strong></span> <span class='ocrx_word' id='word_1_123' title='bbox 276 950 335 1008; x_wconf 90' lang='lat' dir='ltr'><strong>Deo</strong></span> <span class='ocrx_word' id='word_1_124' title='bbox 355 954 498 1011; x_wconf 80' lang='lat' dir='ltr'><strong>subdite!</strong></span> <span class='ocrx_word' id='word_1_125' title='bbox 733 955 764 1010; x_wconf 83' lang='lat' dir='ltr'><strong>St</strong></span> <span class='ocrx_word' id='word_1_126' title='bbox 781 953 854 1009; x_wconf 90' lang='lat' dir='ltr'><strong>mihi</strong></span> <span class='ocrx_word' id='word_1_127' title='bbox 870 960 984 1026; x_wconf 88' lang='lat' dir='ltr'><strong>portam</strong></span> <span class='ocrx_word' id='word_1_128' title='bbox 994 952 1147 1019; x_wconf 85' lang='lat' dir='ltr'><strong>clauseris,</strong></span> <span class='ocrx_word' id='word_1_129' title='bbox 1320 952 1406 1019; x_wconf 80' lang='lat' dir='ltr'><strong>Audi,</strong></span> <span class='ocrx_word' id='word_1_130' title='bbox 1422 952 1476 1008; x_wconf 78' lang='lat' dir='ltr'><strong>dex</strong></span> <span class='ocrx_word' id='word_1_131' title='bbox 1498 952 1738 1025; x_wconf 86' lang='lat' dir='ltr'><strong>clementissime,</strong></span> 
     </span>
     <span class='ocr_line' id='line_1_13' title="bbox 144 967 1701 1097; baseline 0.001 -19"><span class='ocrx_word' id='word_1_132' title='bbox 144 1026 188 1078; x_wconf 82' lang='lat' dir='ltr'><strong>&#39;l&#39;u</strong></span> <span class='ocrx_word' id='word_1_133' title='bbox 203 967 328 1081; x_wconf 53' lang='lat' dir='ltr'><strong>liversis</strong></span> <span class='ocrx_word' id='word_1_134' title='bbox 342 1022 501 1097; x_wconf 71' lang='lat' dir='ltr'><strong>lapidibus,</strong></span> <span class='ocrx_word' id='word_1_135' title='bbox 732 1026 760 1080; x_wconf 89' lang='lat' dir='ltr'><strong>Si</strong></span> <span class='ocrx_word' id='word_1_136' title='bbox 776 1040 823 1081; x_wconf 86' lang='lat' dir='ltr'><strong>me</strong></span> <span class='ocrx_word' id='word_1_137' title='bbox 839 1029 1004 1097; x_wconf 87' lang='lat' dir='ltr'><strong>pulsantem</strong></span> <span class='ocrx_word' id='word_1_138' title='bbox 1019 1024 1175 1097; x_wconf 86' lang='lat' dir='ltr'><strong>spreveris,</strong></span> <span class='ocrx_word' id='word_1_139' title='bbox 1320 1024 1395 1079; x_wconf 79' lang='lat' dir='ltr'><strong>Audi</strong></span> <span class='ocrx_word' id='word_1_140' title='bbox 1413 1040 1513 1094; x_wconf 90' lang='lat' dir='ltr'><strong>preces</strong></span> <span class='ocrx_word' id='word_1_141' title='bbox 1529 1024 1701 1081; x_wconf 86' lang='lat' dir='ltr'><strong>miserrima</strong></span> 
     </span>
     <span class='ocr_line' id='line_1_14' title="bbox 144 1095 1682 1169; baseline 0.003 -20"><span class='ocrx_word' id='word_1_142' title='bbox 144 1095 258 1152; x_wconf 75' lang='lat' dir='ltr'><strong>Sanctis</strong></span> <span class='ocrx_word' id='word_1_143' title='bbox 274 1095 367 1166; x_wconf 74' lang='lat' dir='ltr'><strong>fulges</strong></span> <span class='ocrx_word' id='word_1_144' title='bbox 381 1098 546 1169; x_wconf 91' lang='lat' dir='ltr'><strong>spiritibus,</strong></span> <span class='ocrx_word' id='word_1_145' title='bbox 734 1096 795 1153; x_wconf 88' lang='lat' dir='ltr'><strong>Heu</strong></span> <span class='ocrx_word' id='word_1_146' title='bbox 812 1098 818 1153; x_wconf 92' lang='lat' dir='ltr'><strong>t</strong></span> <span class='ocrx_word' id='word_1_147' title='bbox 838 1098 981 1168; x_wconf 77' lang='lat' dir='ltr'><strong>profundo</strong></span> <span class='ocrx_word' id='word_1_148' title='bbox 995 1097 1120 1154; x_wconf 81' lang='lat' dir='ltr'><strong>perceris</strong></span> <span class='ocrx_word' id='word_1_149' title='bbox 1320 1095 1552 1167; x_wconf 72' lang='lat' dir='ltr'><strong>peccatricisque</strong></span> <span class='ocrx_word' id='word_1_150' title='bbox 1566 1095 1682 1153; x_wconf 79' lang='lat' dir='ltr'><strong>anianae.</strong></span> 
     </span>
    </p>

    <p class='ocr_par' dir='ltr' id='par_1_5' title="bbox 144 1166 1751 1311">
     <span class='ocr_line' id='line_1_15' title="bbox 146 1166 1751 1241; baseline 0.002 -20"><span class='ocrx_word' id='word_1_151' title='bbox 146 1172 180 1221; x_wconf 83' lang='lat' dir='ltr'><strong>itt</strong></span> <span class='ocrx_word' id='word_1_152' title='bbox 195 1166 296 1224; x_wconf 88' lang='lat' dir='ltr'><strong>electis</strong></span> <span class='ocrx_word' id='word_1_153' title='bbox 311 1167 481 1225; x_wconf 86' lang='lat' dir='ltr'><strong>huminibus</strong></span> <span class='ocrx_word' id='word_1_154' title='bbox 734 1171 797 1223; x_wconf 85' lang='lat' dir='ltr'><strong>ltux</strong></span> <span class='ocrx_word' id='word_1_155' title='bbox 811 1169 965 1241; x_wconf 81' lang='lat' dir='ltr'><strong>demergar</strong></span> <span class='ocrx_word' id='word_1_156' title='bbox 978 1183 1046 1226; x_wconf 92' lang='lat' dir='ltr'><strong>cum</strong></span> <span class='ocrx_word' id='word_1_157' title='bbox 1064 1167 1189 1225; x_wconf 89' lang='lat' dir='ltr'><strong>miseris.</strong></span> <span class='ocrx_word' id='word_1_158' title='bbox 1320 1167 1397 1234; x_wconf 83' lang='lat' dir='ltr'><strong>Noti,</strong></span> <span class='ocrx_word' id='word_1_159' title='bbox 1414 1184 1524 1237; x_wconf 76' lang='lat' dir='ltr'><strong>quasso,</strong></span> <span class='ocrx_word' id='word_1_160' title='bbox 1541 1184 1587 1224; x_wconf 89' lang='lat' dir='ltr'><strong>me</strong></span> <span class='ocrx_word' id='word_1_161' title='bbox 1601 1184 1751 1238; x_wconf 79' lang='lat' dir='ltr'><strong>spernere,</strong></span> 
     </span>
     <span class='ocr_line' id='line_1_16' title="bbox 144 1236 1670 1311; baseline -0.003 -16"><span class='ocrx_word' id='word_1_162' title='bbox 144 1236 197 1302; x_wconf 84' lang='lat' dir='ltr'><strong>Oui</strong></span> <span class='ocrx_word' id='word_1_163' title='bbox 214 1238 298 1295; x_wconf 92' lang='lat' dir='ltr'><strong>bonis</strong></span> <span class='ocrx_word' id='word_1_164' title='bbox 313 1239 433 1297; x_wconf 89' lang='lat' dir='ltr'><strong>student</strong></span> <span class='ocrx_word' id='word_1_165' title='bbox 448 1243 571 1300; x_wconf 77' lang='lat' dir='ltr'><strong>actibus,</strong></span> <span class='ocrx_word' id='word_1_166' title='bbox 734 1239 815 1295; x_wconf 83' lang='lat' dir='ltr'><strong>Tunc</strong></span> <span class='ocrx_word' id='word_1_167' title='bbox 832 1239 903 1295; x_wconf 91' lang='lat' dir='ltr'><strong>mihi</strong></span> <span class='ocrx_word' id='word_1_168' title='bbox 919 1239 1002 1297; x_wconf 90' lang='lat' dir='ltr'><strong>dulor</strong></span> <span class='ocrx_word' id='word_1_169' title='bbox 1016 1240 1150 1311; x_wconf 76' lang='lat' dir='ltr'><strong>citiusne,</strong></span> <span class='ocrx_word' id='word_1_170' title='bbox 1320 1239 1382 1294; x_wconf 73' lang='lat' dir='ltr'><strong>Noli</strong></span> <span class='ocrx_word' id='word_1_171' title='bbox 1398 1238 1512 1294; x_wconf 82' lang='lat' dir='ltr'><strong>uultum</strong></span> <span class='ocrx_word' id='word_1_172' title='bbox 1529 1250 1670 1305; x_wconf 79' lang='lat' dir='ltr'><strong>evertere,</strong></span> 
     </span>
    </p>

    <p class='ocr_par' dir='ltr' id='par_1_6' title="bbox 146 1309 1674 1383">
     <span class='ocr_line' id='line_1_17' title="bbox 146 1309 1674 1383; baseline 0.003 -20"><span class='ocrx_word' id='word_1_173' title='bbox 146 1309 178 1363; x_wconf 88' lang='lat' dir='ltr'><strong>ln</strong></span> <span class='ocrx_word' id='word_1_174' title='bbox 195 1313 224 1365; x_wconf 89' lang='lat' dir='ltr'><strong>le</strong></span> <span class='ocrx_word' id='word_1_175' title='bbox 239 1309 346 1367; x_wconf 88' lang='lat' dir='ltr'><strong>chorus</strong></span> <span class='ocrx_word' id='word_1_176' title='bbox 366 1314 515 1370; x_wconf 80' lang='lat' dir='ltr'><strong>anselinus</strong></span> <span class='ocrx_word' id='word_1_177' title='bbox 733 1310 816 1367; x_wconf 83' lang='lat' dir='ltr'><strong>Tunc</strong></span> <span class='ocrx_word' id='word_1_178' title='bbox 831 1310 967 1383; x_wconf 86' lang='lat' dir='ltr'><strong>planctus</strong></span> <span class='ocrx_word' id='word_1_179' title='bbox 982 1310 1037 1367; x_wconf 86' lang='lat' dir='ltr'><strong>erit</strong></span> <span class='ocrx_word' id='word_1_180' title='bbox 1048 1312 1194 1368; x_wconf 86' lang='lat' dir='ltr'><strong>maximus</strong></span> <span class='ocrx_word' id='word_1_181' title='bbox 1321 1316 1376 1366; x_wconf 74' lang='lat' dir='ltr'><strong>h&#39;ec</strong></span> <span class='ocrx_word' id='word_1_182' title='bbox 1393 1326 1510 1366; x_wconf 89' lang='lat' dir='ltr'><strong>recuses</strong></span> <span class='ocrx_word' id='word_1_183' title='bbox 1525 1310 1674 1380; x_wconf 82' lang='lat' dir='ltr'><strong>suscipere</strong></span> 
     </span>
    </p>

    <p class='ocr_par' dir='ltr' id='par_1_7' title="bbox 146 1380 1689 1458">
     <span class='ocr_line' id='line_1_18' title="bbox 146 1380 1689 1458; baseline 0.003 -23"><span class='ocrx_word' id='word_1_184' title='bbox 146 1380 201 1448; x_wconf 84' lang='lat' dir='ltr'><strong>Qut</strong></span> <span class='ocrx_word' id='word_1_185' title='bbox 221 1386 290 1437; x_wconf 90' lang='lat' dir='ltr'><strong>tuus</strong></span> <span class='ocrx_word' id='word_1_186' title='bbox 306 1389 352 1437; x_wconf 83' lang='lat' dir='ltr'><strong>est</strong></span> <span class='ocrx_word' id='word_1_187' title='bbox 368 1384 565 1458; x_wconf 77' lang='lat' dir='ltr'><strong>byssinidicus,</strong></span> <span class='ocrx_word' id='word_1_188' title='bbox 734 1382 807 1438; x_wconf 89' lang='lat' dir='ltr'><strong>Nem</strong></span> <span class='ocrx_word' id='word_1_189' title='bbox 823 1398 921 1441; x_wconf 86' lang='lat' dir='ltr'><strong>carcer</strong></span> <span class='ocrx_word' id='word_1_190' title='bbox 934 1388 980 1440; x_wconf 86' lang='lat' dir='ltr'><strong>est</strong></span> <span class='ocrx_word' id='word_1_191' title='bbox 993 1384 1172 1451; x_wconf 88' lang='lat' dir='ltr'><strong>teterrimus,</strong></span> <span class='ocrx_word' id='word_1_192' title='bbox 1319 1384 1361 1438; x_wconf 78' lang='lat' dir='ltr'><strong>hd</strong></span> <span class='ocrx_word' id='word_1_193' title='bbox 1378 1393 1404 1438; x_wconf 91' lang='lat' dir='ltr'><strong>te</strong></span> <span class='ocrx_word' id='word_1_194' title='bbox 1419 1382 1563 1438; x_wconf 86' lang='lat' dir='ltr'><strong>volentem</strong></span> <span class='ocrx_word' id='word_1_195' title='bbox 1578 1386 1689 1455; x_wconf 78' lang='lat' dir='ltr'><strong>t&#39;ugere.</strong></span> 
     </span>
    </p>

    <p class='ocr_par' dir='ltr' id='par_1_8' title="bbox 144 1453 1725 1599">
     <span class='ocr_line' id='line_1_19' title="bbox 144 1453 1725 1526; baseline 0.003 -20"><span class='ocrx_word' id='word_1_196' title='bbox 144 1456 178 1507; x_wconf 89' lang='lat' dir='ltr'><strong>ln</strong></span> <span class='ocrx_word' id='word_1_197' title='bbox 194 1455 222 1507; x_wconf 87' lang='lat' dir='ltr'><strong>ts</strong></span> <span class='ocrx_word' id='word_1_198' title='bbox 237 1468 306 1522; x_wconf 77' lang='lat' dir='ltr'><strong>grex</strong></span> <span class='ocrx_word' id='word_1_199' title='bbox 321 1456 499 1526; x_wconf 80' lang='lat' dir='ltr'><strong>apostolicus</strong></span> <span class='ocrx_word' id='word_1_200' title='bbox 735 1455 770 1510; x_wconf 79' lang='lat' dir='ltr'><strong>lit</strong></span> <span class='ocrx_word' id='word_1_201' title='bbox 784 1460 874 1511; x_wconf 89' lang='lat' dir='ltr'><strong>tortor</strong></span> <span class='ocrx_word' id='word_1_202' title='bbox 889 1453 1122 1512; x_wconf 87' lang='lat' dir='ltr'><strong>crudelissimus.</strong></span> <span class='ocrx_word' id='word_1_203' title='bbox 1321 1461 1361 1510; x_wconf 86' lang='lat' dir='ltr'><strong>De</strong></span> <span class='ocrx_word' id='word_1_204' title='bbox 1376 1454 1541 1510; x_wconf 83' lang='lat' dir='ltr'><strong>commissis</strong></span> <span class='ocrx_word' id='word_1_205' title='bbox 1557 1455 1593 1509; x_wconf 87' lang='lat' dir='ltr'><strong>da</strong></span> <span class='ocrx_word' id='word_1_206' title='bbox 1608 1458 1725 1511; x_wconf 80' lang='lat' dir='ltr'><strong>rentem</strong></span> 
     </span>
     <span class='ocr_line' id='line_1_20' title="bbox 144 1522 1658 1599; baseline 0.003 -21"><span class='ocrx_word' id='word_1_207' title='bbox 144 1522 225 1579; x_wconf 81' lang='lat' dir='ltr'><strong>Tuus</strong></span> <span class='ocrx_word' id='word_1_208' title='bbox 244 1531 364 1581; x_wconf 86' lang='lat' dir='ltr'><strong>exstans</strong></span> <span class='ocrx_word' id='word_1_209' title='bbox 379 1527 532 1584; x_wconf 83' lang='lat' dir='ltr'><strong>veridicus.</strong></span> <span class='ocrx_word' id='word_1_210' title='bbox 735 1525 821 1582; x_wconf 90' lang='lat' dir='ltr'><strong>Nulla</strong></span> <span class='ocrx_word' id='word_1_211' title='bbox 835 1542 903 1599; x_wconf 87' lang='lat' dir='ltr'><strong>spes</strong></span> <span class='ocrx_word' id='word_1_212' title='bbox 913 1530 970 1583; x_wconf 88' lang='lat' dir='ltr'><strong>erit</strong></span> <span class='ocrx_word' id='word_1_213' title='bbox 981 1526 1077 1583; x_wconf 83' lang='lat' dir='ltr'><strong>exitus</strong></span> <span class='ocrx_word' id='word_1_214' title='bbox 1323 1532 1361 1582; x_wconf 85' lang='lat' dir='ltr'><strong>tle</strong></span> <span class='ocrx_word' id='word_1_215' title='bbox 1375 1525 1482 1582; x_wconf 84' lang='lat' dir='ltr'><strong>tuturis</strong></span> <span class='ocrx_word' id='word_1_216' title='bbox 1496 1525 1658 1582; x_wconf 86' lang='lat' dir='ltr'><strong>custodiam</strong></span> 
     </span>
    </p>

    <p class='ocr_par' dir='ltr' id='par_1_9' title="bbox 143 1594 1753 1813">
     <span class='ocr_line' id='line_1_21' title="bbox 143 1594 1681 1672; baseline 0.001 -21"><span class='ocrx_word' id='word_1_217' title='bbox 143 1594 185 1651; x_wconf 86' lang='lat' dir='ltr'><strong>Tu</strong></span> <span class='ocrx_word' id='word_1_218' title='bbox 202 1597 334 1652; x_wconf 88' lang='lat' dir='ltr'><strong>rubescis</strong></span> <span class='ocrx_word' id='word_1_219' title='bbox 350 1600 538 1672; x_wconf 78' lang='lat' dir='ltr'><strong>martyribus,</strong></span> <span class='ocrx_word' id='word_1_220' title='bbox 734 1597 820 1653; x_wconf 89' lang='lat' dir='ltr'><strong>Nulla</strong></span> <span class='ocrx_word' id='word_1_221' title='bbox 836 1598 918 1671; x_wconf 80' lang='lat' dir='ltr'><strong>regui</strong></span> <span class='ocrx_word' id='word_1_222' title='bbox 932 1597 1080 1665; x_wconf 87' lang='lat' dir='ltr'><strong>introitus,</strong></span> <span class='ocrx_word' id='word_1_223' title='bbox 1324 1601 1359 1652; x_wconf 89' lang='lat' dir='ltr'><strong>Ut</strong></span> <span class='ocrx_word' id='word_1_224' title='bbox 1373 1603 1400 1653; x_wconf 91' lang='lat' dir='ltr'><strong>et</strong></span> <span class='ocrx_word' id='word_1_225' title='bbox 1417 1615 1517 1670; x_wconf 71' lang='lat' dir='ltr'><strong>panas</strong></span> <span class='ocrx_word' id='word_1_226' title='bbox 1530 1597 1681 1671; x_wconf 77' lang='lat' dir='ltr'><strong>effugiam,</strong></span> 
     </span>
     <span class='ocr_line' id='line_1_22' title="bbox 145 1665 1744 1742; baseline 0.002 -22"><span class='ocrx_word' id='word_1_227' title='bbox 145 1665 288 1723; x_wconf 81' lang='lat' dir='ltr'><strong>Florescis</strong></span> <span class='ocrx_word' id='word_1_228' title='bbox 303 1672 531 1741; x_wconf 84' lang='lat' dir='ltr'><strong>contessoribas,</strong></span> <span class='ocrx_word' id='word_1_229' title='bbox 734 1668 839 1725; x_wconf 88' lang='lat' dir='ltr'><strong>Nullus</strong></span> <span class='ocrx_word' id='word_1_230' title='bbox 855 1686 1004 1737; x_wconf 76' lang='lat' dir='ltr'><strong>paenarum</strong></span> <span class='ocrx_word' id='word_1_231' title='bbox 1020 1669 1128 1737; x_wconf 79' lang='lat' dir='ltr'><strong>obitus,</strong></span> <span class='ocrx_word' id='word_1_232' title='bbox 1322 1671 1356 1725; x_wconf 83' lang='lat' dir='ltr'><strong>Et</strong></span> <span class='ocrx_word' id='word_1_233' title='bbox 1370 1670 1406 1725; x_wconf 91' lang='lat' dir='ltr'><strong>ad</strong></span> <span class='ocrx_word' id='word_1_234' title='bbox 1422 1685 1547 1742; x_wconf 82' lang='lat' dir='ltr'><strong>regnum</strong></span> <span class='ocrx_word' id='word_1_235' title='bbox 1565 1685 1744 1741; x_wconf 80' lang='lat' dir='ltr'><strong>perveniam.</strong></span> 
     </span>
     <span class='ocr_line' id='line_1_23' title="bbox 144 1738 1753 1813; baseline 0.002 -19"><span class='ocrx_word' id='word_1_236' title='bbox 144 1738 339 1810; x_wconf 78' lang='lat' dir='ltr'><strong>Albescisquu</strong></span> <span class='ocrx_word' id='word_1_237' title='bbox 354 1741 528 1813; x_wconf 78' lang='lat' dir='ltr'><strong>virginibus,</strong></span> <span class='ocrx_word' id='word_1_238' title='bbox 734 1741 839 1797; x_wconf 88' lang='lat' dir='ltr'><strong>Nullus</strong></span> <span class='ocrx_word' id='word_1_239' title='bbox 854 1741 920 1798; x_wconf 78' lang='lat' dir='ltr'><strong>tinus</strong></span> <span class='ocrx_word' id='word_1_240' title='bbox 933 1746 1079 1799; x_wconf 80' lang='lat' dir='ltr'><strong>interitus.</strong></span> <span class='ocrx_word' id='word_1_241' title='bbox 1322 1742 1402 1808; x_wconf 78' lang='lat' dir='ltr'><strong>Quod</strong></span> <span class='ocrx_word' id='word_1_242' title='bbox 1419 1741 1443 1796; x_wconf 90' lang='lat' dir='ltr'><strong>si</strong></span> <span class='ocrx_word' id='word_1_243' title='bbox 1460 1742 1599 1813; x_wconf 87' lang='lat' dir='ltr'><strong>supernis</strong></span> <span class='ocrx_word' id='word_1_244' title='bbox 1615 1742 1753 1797; x_wconf 88' lang='lat' dir='ltr'><strong>domibus</strong></span> 
     </span>
    </p>
   </div>
   <div class='ocr_carea' id='block_1_3' title="bbox 47 1811 1724 1887">
    <p class='ocr_par' dir='ltr' id='par_1_10' title="bbox 47 1811 1724 1887">
     <span class='ocr_line' id='line_1_24' title="bbox 47 1811 1724 1887; baseline 0.002 -22"><span class='ocrx_word' id='word_1_245' title='bbox 47 1878 55 1887; x_wconf 22' lang='grc' dir='ltr'><strong>μ</strong></span> <span class='ocrx_word' id='word_1_246' title='bbox 144 1811 332 1881; x_wconf 71' lang='lat' dir='ltr'><strong>splendescis</strong></span> <span class='ocrx_word' id='word_1_247' title='bbox 346 1813 438 1870; x_wconf 89' lang='lat' dir='ltr'><strong>simut</strong></span> <span class='ocrx_word' id='word_1_248' title='bbox 453 1817 602 1875; x_wconf 68' lang='lat' dir='ltr'><strong>omnibus,</strong></span> <span class='ocrx_word' id='word_1_249' title='bbox 731 1815 786 1869; x_wconf 79' lang='lat' dir='ltr'><strong>Sed</strong></span> <span class='ocrx_word' id='word_1_250' title='bbox 801 1819 844 1882; x_wconf 90' lang='lat' dir='ltr'><strong>tu,</strong></span> <span class='ocrx_word' id='word_1_251' title='bbox 861 1830 908 1869; x_wconf 87' lang='lat' dir='ltr'><strong>rex</strong></span> <span class='ocrx_word' id='word_1_252' title='bbox 923 1812 1123 1887; x_wconf 73' lang='lat' dir='ltr'><strong>indulgentie,</strong></span> <span class='ocrx_word' id='word_1_253' title='bbox 1322 1813 1461 1878; x_wconf 72' lang='lat' dir='ltr'><strong>lauturus</strong></span> <span class='ocrx_word' id='word_1_254' title='bbox 1477 1829 1543 1869; x_wconf 90' lang='lat' dir='ltr'><strong>sum</strong></span> <span class='ocrx_word' id='word_1_255' title='bbox 1559 1819 1589 1868; x_wconf 92' lang='lat' dir='ltr'><strong>et</strong></span> <span class='ocrx_word' id='word_1_256' title='bbox 1604 1813 1724 1868; x_wconf 87' lang='lat' dir='ltr'><strong>sedibus</strong></span> 
     </span>
    </p>
   </div>
   <div class='ocr_carea' id='block_1_4' title="bbox 142 1881 1795 2241">
    <p class='ocr_par' dir='ltr' id='par_1_11' title="bbox 142 1881 1795 2241">
     <span class='ocr_line' id='line_1_25' title="bbox 145 1881 1700 1953; baseline 0.003 -18"><span class='ocrx_word' id='word_1_257' title='bbox 145 1881 179 1936; x_wconf 92' lang='lat' dir='ltr'><strong>ln</strong></span> <span class='ocrx_word' id='word_1_258' title='bbox 194 1885 223 1937; x_wconf 88' lang='lat' dir='ltr'><strong>te</strong></span> <span class='ocrx_word' id='word_1_259' title='bbox 238 1882 352 1938; x_wconf 89' lang='lat' dir='ltr'><strong>nullum</strong></span> <span class='ocrx_word' id='word_1_260' title='bbox 375 1888 524 1943; x_wconf 79' lang='lat' dir='ltr'><strong>ceretium</strong></span> <span class='ocrx_word' id='word_1_261' title='bbox 733 1884 813 1940; x_wconf 81' lang='lat' dir='ltr'><strong>&#39;l&#39;utle</strong></span> <span class='ocrx_word' id='word_1_262' title='bbox 829 1901 949 1941; x_wconf 88' lang='lat' dir='ltr'><strong>menum</strong></span> <span class='ocrx_word' id='word_1_263' title='bbox 963 1886 1096 1953; x_wconf 55' lang='lat' dir='ltr'><strong>‚justitie</strong></span> <span class='ocrx_word' id='word_1_264' title='bbox 1321 1885 1363 1940; x_wconf 82' lang='lat' dir='ltr'><strong>lla</strong></span> <span class='ocrx_word' id='word_1_265' title='bbox 1378 1883 1479 1940; x_wconf 88' lang='lat' dir='ltr'><strong>saltem</strong></span> <span class='ocrx_word' id='word_1_266' title='bbox 1496 1888 1529 1940; x_wconf 90' lang='lat' dir='ltr'><strong>ut</strong></span> <span class='ocrx_word' id='word_1_267' title='bbox 1543 1884 1572 1939; x_wconf 91' lang='lat' dir='ltr'><strong>in</strong></span> <span class='ocrx_word' id='word_1_268' title='bbox 1588 1885 1700 1939; x_wconf 87' lang='lat' dir='ltr'><strong>toribus</strong></span> 
     </span>
     <span class='ocr_line' id='line_1_26' title="bbox 144 1952 1748 2029; baseline 0.001 -22"><span class='ocrx_word' id='word_1_269' title='bbox 144 1952 225 2018; x_wconf 83' lang='lat' dir='ltr'><strong>Quod</strong></span> <span class='ocrx_word' id='word_1_270' title='bbox 241 1965 370 2011; x_wconf 89' lang='lat' dir='ltr'><strong>vertetur</strong></span> <span class='ocrx_word' id='word_1_271' title='bbox 384 1956 413 2012; x_wconf 93' lang='lat' dir='ltr'><strong>in</strong></span> <span class='ocrx_word' id='word_1_272' title='bbox 430 1960 548 2016; x_wconf 82' lang='lat' dir='ltr'><strong>tedium</strong></span> <span class='ocrx_word' id='word_1_273' title='bbox 734 1960 773 2012; x_wconf 85' lang='lat' dir='ltr'><strong>Da</strong></span> <span class='ocrx_word' id='word_1_274' title='bbox 788 1961 904 2026; x_wconf 87' lang='lat' dir='ltr'><strong>tempus</strong></span> <span class='ocrx_word' id='word_1_275' title='bbox 920 1956 1105 2029; x_wconf 71' lang='lat' dir='ltr'><strong>punitentia,</strong></span> <span class='ocrx_word' id='word_1_276' title='bbox 1320 1956 1474 2022; x_wconf 83' lang='lat' dir='ltr'><strong>Quiescam</strong></span> <span class='ocrx_word' id='word_1_277' title='bbox 1489 1971 1554 2012; x_wconf 91' lang='lat' dir='ltr'><strong>cum</strong></span> <span class='ocrx_word' id='word_1_278' title='bbox 1571 1955 1748 2011; x_wconf 82' lang='lat' dir='ltr'><strong>minoribus.</strong></span> 
     </span>
     <span class='ocr_line' id='line_1_27' title="bbox 143 2022 1778 2095; baseline 0.002 -17"><span class='ocrx_word' id='word_1_279' title='bbox 143 2022 203 2079; x_wconf 83' lang='lat' dir='ltr'><strong>Huc</strong></span> <span class='ocrx_word' id='word_1_280' title='bbox 218 2030 263 2080; x_wconf 83' lang='lat' dir='ltr'><strong>est</strong></span> <span class='ocrx_word' id='word_1_281' title='bbox 277 2033 372 2083; x_wconf 90' lang='lat' dir='ltr'><strong>totum</strong></span> <span class='ocrx_word' id='word_1_282' title='bbox 388 2030 517 2087; x_wconf 87' lang='lat' dir='ltr'><strong>cilicium</strong></span> <span class='ocrx_word' id='word_1_283' title='bbox 732 2028 819 2094; x_wconf 86' lang='lat' dir='ltr'><strong>Spem</strong></span> <span class='ocrx_word' id='word_1_284' title='bbox 840 2027 910 2084; x_wconf 88' lang='lat' dir='ltr'><strong>nsthi</strong></span> <span class='ocrx_word' id='word_1_285' title='bbox 926 2029 1026 2083; x_wconf 84' lang='lat' dir='ltr'><strong>contar</strong></span> <span class='ocrx_word' id='word_1_286' title='bbox 1040 2028 1141 2085; x_wconf 81' lang='lat' dir='ltr'><strong>senia.</strong></span> <span class='ocrx_word' id='word_1_287' title='bbox 1324 2027 1591 2084; x_wconf 73' lang='lat' dir='ltr'><strong>autoramentum</strong></span> <span class='ocrx_word' id='word_1_288' title='bbox 1609 2028 1778 2095; x_wconf 86' lang='lat' dir='ltr'><strong>minimum,</strong></span> 
     </span>
     <span class='ocr_line' id='line_1_28' title="bbox 142 2092 1795 2170; baseline 0.002 -20"><span class='ocrx_word' id='word_1_289' title='bbox 142 2092 274 2153; x_wconf 83' lang='lat' dir='ltr'><strong>Laudare</strong></span> <span class='ocrx_word' id='word_1_290' title='bbox 289 2098 394 2168; x_wconf 68' lang='lat' dir='ltr'><strong>{leuem</strong></span> <span class='ocrx_word' id='word_1_291' title='bbox 409 2102 552 2160; x_wconf 87' lang='lat' dir='ltr'><strong>omnium.</strong></span> <span class='ocrx_word' id='word_1_292' title='bbox 734 2099 858 2156; x_wconf 84' lang='lat' dir='ltr'><strong>Multum</strong></span> <span class='ocrx_word' id='word_1_293' title='bbox 875 2100 998 2169; x_wconf 88' lang='lat' dir='ltr'><strong>peccavi,</strong></span> <span class='ocrx_word' id='word_1_294' title='bbox 1010 2099 1109 2166; x_wconf 86' lang='lat' dir='ltr'><strong>lateor,</strong></span> <span class='ocrx_word' id='word_1_295' title='bbox 1321 2100 1362 2154; x_wconf 86' lang='lat' dir='ltr'><strong>Da</strong></span> <span class='ocrx_word' id='word_1_296' title='bbox 1379 2100 1420 2154; x_wconf 90' lang='lat' dir='ltr'><strong>vel</strong></span> <span class='ocrx_word' id='word_1_297' title='bbox 1438 2100 1561 2170; x_wconf 74' lang='lat' dir='ltr'><strong>gradum</strong></span> <span class='ocrx_word' id='word_1_298' title='bbox 1578 2099 1795 2165; x_wconf 75' lang='lat' dir='ltr'><strong>norissimums</strong></span> 
     </span>
     <span class='ocr_line' id='line_1_29' title="bbox 142 2164 1784 2241; baseline 0.003 -20"><span class='ocrx_word' id='word_1_299' title='bbox 142 2164 201 2222; x_wconf 84' lang='lat' dir='ltr'><strong>lico</strong></span> <span class='ocrx_word' id='word_1_300' title='bbox 215 2169 311 2225; x_wconf 89' lang='lat' dir='ltr'><strong>solum</strong></span> <span class='ocrx_word' id='word_1_301' title='bbox 327 2182 446 2229; x_wconf 89' lang='lat' dir='ltr'><strong>cunctos</strong></span> <span class='ocrx_word' id='word_1_302' title='bbox 461 2177 558 2241; x_wconf 86' lang='lat' dir='ltr'><strong>satiat,</strong></span> <span class='ocrx_word' id='word_1_303' title='bbox 733 2170 857 2227; x_wconf 86' lang='lat' dir='ltr'><strong>Multum</strong></span> <span class='ocrx_word' id='word_1_304' title='bbox 873 2188 907 2227; x_wconf 91' lang='lat' dir='ltr'><strong>ne</strong></span> <span class='ocrx_word' id='word_1_305' title='bbox 922 2171 1045 2228; x_wconf 86' lang='lat' dir='ltr'><strong>damner</strong></span> <span class='ocrx_word' id='word_1_306' title='bbox 1060 2186 1180 2239; x_wconf 78' lang='lat' dir='ltr'><strong>rerecr;</strong></span> <span class='ocrx_word' id='word_1_307' title='bbox 1321 2176 1393 2228; x_wconf 74' lang='lat' dir='ltr'><strong>Nam</strong></span> <span class='ocrx_word' id='word_1_308' title='bbox 1410 2172 1587 2227; x_wconf 80' lang='lat' dir='ltr'><strong>meccedem</strong></span> <span class='ocrx_word' id='word_1_309' title='bbox 1604 2172 1784 2226; x_wconf 81' lang='lat' dir='ltr'><strong>ditissimum</strong></span> 
     </span>
    </p>
   </div>
   <div class='ocr_carea' id='block_1_5' title="bbox 28 2236 1777 2317">
    <p class='ocr_par' dir='ltr' id='par_1_12' title="bbox 28 2236 1777 2317">
     <span class='ocr_line' id='line_1_30' title="bbox 28 2236 1777 2317; baseline 0.002 -23"><span class='ocrx_word' id='word_1_310' title='bbox 28 2308 35 2317; x_wconf 32' lang='grc' dir='ltr'>Ι</span> <span class='ocrx_word' id='word_1_311' title='bbox 145 2236 204 2294; x_wconf 84' lang='lat' dir='ltr'><strong>Hoc</strong></span> <span class='ocrx_word' id='word_1_312' title='bbox 218 2243 305 2297; x_wconf 92' lang='lat' dir='ltr'><strong>simut</strong></span> <span class='ocrx_word' id='word_1_313' title='bbox 321 2260 371 2300; x_wconf 83' lang='lat' dir='ltr'><strong>eos</strong></span> <span class='ocrx_word' id='word_1_314' title='bbox 388 2246 525 2316; x_wconf 75' lang='lat' dir='ltr'><strong>tiebriut3</strong></span> <span class='ocrx_word' id='word_1_315' title='bbox 732 2242 789 2297; x_wconf 67' lang='lat' dir='ltr'><strong>aad</strong></span> <span class='ocrx_word' id='word_1_316' title='bbox 805 2250 899 2298; x_wconf 81' lang='lat' dir='ltr'><strong>tauma</strong></span> <span class='ocrx_word' id='word_1_317' title='bbox 912 2242 967 2299; x_wconf 89' lang='lat' dir='ltr'><strong>hac</strong></span> <span class='ocrx_word' id='word_1_318' title='bbox 983 2259 1034 2315; x_wconf 88' lang='lat' dir='ltr'><strong>spe</strong></span> <span class='ocrx_word' id='word_1_319' title='bbox 1050 2259 1164 2300; x_wconf 88' lang='lat' dir='ltr'><strong>recreor</strong></span> <span class='ocrx_word' id='word_1_320' title='bbox 1320 2244 1348 2298; x_wconf 84' lang='lat' dir='ltr'><strong>si</strong></span> <span class='ocrx_word' id='word_1_321' title='bbox 1367 2259 1413 2298; x_wconf 90' lang='lat' dir='ltr'><strong>mn</strong></span> <span class='ocrx_word' id='word_1_322' title='bbox 1428 2259 1545 2299; x_wconf 86' lang='lat' dir='ltr'><strong>cernens</strong></span> <span class='ocrx_word' id='word_1_323' title='bbox 1559 2245 1601 2298; x_wconf 86' lang='lat' dir='ltr'><strong>vet</strong></span> <span class='ocrx_word' id='word_1_324' title='bbox 1620 2241 1777 2298; x_wconf 88' lang='lat' dir='ltr'><strong>mininam.</strong></span> 
     </span>
    </p>
   </div>
   <div class='ocr_carea' id='block_1_6' title="bbox 144 2308 1720 2389">
    <p class='ocr_par' dir='ltr' id='par_1_13' title="bbox 144 2308 1720 2389">
     <span class='ocr_line' id='line_1_31' title="bbox 144 2308 1720 2389; baseline 0.003 -23"><span class='ocrx_word' id='word_1_325' title='bbox 144 2308 317 2385; x_wconf 83' lang='lat' dir='ltr'><strong>Quantoque</strong></span> <span class='ocrx_word' id='word_1_326' title='bbox 333 2317 427 2389; x_wconf 81' lang='lat' dir='ltr'><strong>magis</strong></span> <span class='ocrx_word' id='word_1_327' title='bbox 441 2318 540 2388; x_wconf 78' lang='lat' dir='ltr'><strong>satiat,</strong></span> <span class='ocrx_word' id='word_1_328' title='bbox 732 2316 773 2380; x_wconf 84' lang='lat' dir='ltr'><strong>On</strong></span> <span class='ocrx_word' id='word_1_329' title='bbox 785 2316 813 2370; x_wconf 77' lang='lat' dir='ltr'><strong>sd</strong></span> <span class='ocrx_word' id='word_1_330' title='bbox 829 2322 856 2370; x_wconf 89' lang='lat' dir='ltr'><strong>te</strong></span> <span class='ocrx_word' id='word_1_331' title='bbox 872 2314 951 2383; x_wconf 91' lang='lat' dir='ltr'><strong>pium</strong></span> <span class='ocrx_word' id='word_1_332' title='bbox 968 2315 1093 2371; x_wconf 90' lang='lat' dir='ltr'><strong>intueor.</strong></span> <span class='ocrx_word' id='word_1_333' title='bbox 1320 2315 1380 2370; x_wconf 87' lang='lat' dir='ltr'><strong>Hoc</strong></span> <span class='ocrx_word' id='word_1_334' title='bbox 1395 2315 1444 2371; x_wconf 90' lang='lat' dir='ltr'><strong>det</strong></span> <span class='ocrx_word' id='word_1_335' title='bbox 1460 2319 1543 2370; x_wconf 67' lang='lat' dir='ltr'><strong>Parter</strong></span> <span class='ocrx_word' id='word_1_336' title='bbox 1559 2314 1720 2386; x_wconf 77' lang='lat' dir='ltr'><strong>ingenitus,</strong></span> 
     </span>
    </p>
   </div>
   <div class='ocr_carea' id='block_1_7' title="bbox 29 2382 1644 2461">
    <p class='ocr_par' dir='ltr' id='par_1_14' title="bbox 29 2382 1644 2461">
     <span class='ocr_line' id='line_1_32' title="bbox 29 2382 1644 2461; baseline 0.004 -26"><span class='ocrx_word' id='word_1_337' title='bbox 29 2454 34 2461; x_wconf 26' lang='grc' dir='ltr'><strong><em>ι</em></strong></span> <span class='ocrx_word' id='word_1_338' title='bbox 144 2382 213 2437; x_wconf 85' lang='lat' dir='ltr'><strong>Plus</strong></span> <span class='ocrx_word' id='word_1_339' title='bbox 230 2387 334 2441; x_wconf 88' lang='lat' dir='ltr'><strong>ardent</strong></span> <span class='ocrx_word' id='word_1_340' title='bbox 349 2395 381 2443; x_wconf 90' lang='lat' dir='ltr'><strong>ut</strong></span> <span class='ocrx_word' id='word_1_341' title='bbox 398 2390 539 2460; x_wconf 76' lang='lat' dir='ltr'><strong>proficiat.</strong></span> <span class='ocrx_word' id='word_1_342' title='bbox 735 2387 789 2449; x_wconf 81' lang='lat' dir='ltr'><strong>Tu,</strong></span> <span class='ocrx_word' id='word_1_343' title='bbox 807 2402 858 2458; x_wconf 90' lang='lat' dir='ltr'><strong>pro</strong></span> <span class='ocrx_word' id='word_1_344' title='bbox 873 2385 969 2442; x_wconf 86' lang='lat' dir='ltr'><strong>saluts</strong></span> <span class='ocrx_word' id='word_1_345' title='bbox 983 2384 1123 2455; x_wconf 87' lang='lat' dir='ltr'><strong>heminis,</strong></span> <span class='ocrx_word' id='word_1_346' title='bbox 1318 2386 1450 2459; x_wconf 79' lang='lat' dir='ltr'><strong>lijusqne</strong></span> <span class='ocrx_word' id='word_1_347' title='bbox 1466 2387 1644 2455; x_wconf 69' lang='lat' dir='ltr'><strong>unigenitus.</strong></span> 
     </span>
    </p>
   </div>
   <div class='ocr_carea' id='block_1_8' title="bbox 143 2452 1820 3032">
    <p class='ocr_par' dir='ltr' id='par_1_15' title="bbox 143 2452 1800 2818">
     <span class='ocr_line' id='line_1_33' title="bbox 144 2452 1720 2531; baseline 0.001 -22"><span class='ocrx_word' id='word_1_348' title='bbox 144 2452 265 2526; x_wconf 78' lang='lat' dir='ltr'><strong>Semper</strong></span> <span class='ocrx_word' id='word_1_349' title='bbox 279 2457 369 2514; x_wconf 84' lang='lat' dir='ltr'><strong>Deum</strong></span> <span class='ocrx_word' id='word_1_350' title='bbox 386 2462 582 2531; x_wconf 85' lang='lat' dir='ltr'><strong>conspiciunt,</strong></span> <span class='ocrx_word' id='word_1_351' title='bbox 733 2459 835 2513; x_wconf 78' lang='lat' dir='ltr'><strong>strum</strong></span> <span class='ocrx_word' id='word_1_352' title='bbox 853 2457 967 2513; x_wconf 89' lang='lat' dir='ltr'><strong>intrasti</strong></span> <span class='ocrx_word' id='word_1_353' title='bbox 983 2455 1112 2531; x_wconf 78' lang='lat' dir='ltr'><strong>Virginis</strong></span> <span class='ocrx_word' id='word_1_354' title='bbox 1321 2460 1408 2514; x_wconf 88' lang='lat' dir='ltr'><strong>Sacer</strong></span> <span class='ocrx_word' id='word_1_355' title='bbox 1422 2475 1538 2530; x_wconf 70' lang='lat' dir='ltr'><strong>equoque</strong></span> <span class='ocrx_word' id='word_1_356' title='bbox 1554 2457 1720 2513; x_wconf 73' lang='lat' dir='ltr'><strong>Paracletus</strong></span> 
     </span>
     <span class='ocr_line' id='line_1_34' title="bbox 145 2527 1776 2604; baseline 0.004 -27"><span class='ocrx_word' id='word_1_357' title='bbox 145 2531 266 2595; x_wconf 73' lang='lat' dir='ltr'><strong>semper</strong></span> <span class='ocrx_word' id='word_1_358' title='bbox 278 2528 396 2585; x_wconf 85' lang='lat' dir='ltr'><strong>landura</strong></span> <span class='ocrx_word' id='word_1_359' title='bbox 411 2532 525 2604; x_wconf 75' lang='lat' dir='ltr'><strong>sitiunt,</strong></span> <span class='ocrx_word' id='word_1_360' title='bbox 733 2527 770 2585; x_wconf 92' lang='lat' dir='ltr'><strong>Ut</strong></span> <span class='ocrx_word' id='word_1_361' title='bbox 785 2530 876 2584; x_wconf 89' lang='lat' dir='ltr'><strong>nostri</strong></span> <span class='ocrx_word' id='word_1_362' title='bbox 892 2528 1018 2600; x_wconf 80' lang='lat' dir='ltr'><strong>predam</strong></span> <span class='ocrx_word' id='word_1_363' title='bbox 1030 2528 1168 2591; x_wconf 72' lang='lat' dir='ltr'><strong>assissinis</strong></span> <span class='ocrx_word' id='word_1_364' title='bbox 1321 2529 1375 2595; x_wconf 85' lang='lat' dir='ltr'><strong>Oui</strong></span> <span class='ocrx_word' id='word_1_365' title='bbox 1393 2531 1482 2585; x_wconf 88' lang='lat' dir='ltr'><strong>lactor</strong></span> <span class='ocrx_word' id='word_1_366' title='bbox 1495 2537 1540 2585; x_wconf 89' lang='lat' dir='ltr'><strong>est</strong></span> <span class='ocrx_word' id='word_1_367' title='bbox 1556 2547 1612 2585; x_wconf 90' lang='lat' dir='ltr'><strong>non</strong></span> <span class='ocrx_word' id='word_1_368' title='bbox 1627 2528 1776 2595; x_wconf 86' lang='lat' dir='ltr'><strong>conditus,</strong></span> 
     </span>
     <span class='ocr_line' id='line_1_35' title="bbox 145 2595 1800 2673; baseline 0.004 -23"><span class='ocrx_word' id='word_1_369' title='bbox 145 2595 278 2654; x_wconf 81' lang='lat' dir='ltr'><strong>sitiendo</strong></span> <span class='ocrx_word' id='word_1_370' title='bbox 294 2602 461 2673; x_wconf 86' lang='lat' dir='ltr'><strong>proticiunt,</strong></span> <span class='ocrx_word' id='word_1_371' title='bbox 733 2601 821 2656; x_wconf 78' lang='lat' dir='ltr'><strong>savis</strong></span> <span class='ocrx_word' id='word_1_372' title='bbox 832 2601 962 2656; x_wconf 75' lang='lat' dir='ltr'><strong>auferres</strong></span> <span class='ocrx_word' id='word_1_373' title='bbox 977 2600 1116 2657; x_wconf 89' lang='lat' dir='ltr'><strong>dominis.</strong></span> <span class='ocrx_word' id='word_1_374' title='bbox 1322 2600 1358 2657; x_wconf 90' lang='lat' dir='ltr'><strong>Ut</strong></span> <span class='ocrx_word' id='word_1_375' title='bbox 1372 2602 1428 2657; x_wconf 85' lang='lat' dir='ltr'><strong>sins</strong></span> <span class='ocrx_word' id='word_1_376' title='bbox 1445 2618 1509 2658; x_wconf 90' lang='lat' dir='ltr'><strong>cnm</strong></span> <span class='ocrx_word' id='word_1_377' title='bbox 1525 2603 1636 2657; x_wconf 85' lang='lat' dir='ltr'><strong>sanctis</strong></span> <span class='ocrx_word' id='word_1_378' title='bbox 1651 2602 1800 2668; x_wconf 85' lang='lat' dir='ltr'><strong>omnibus,</strong></span> 
     </span>
     <span class='ocr_line' id='line_1_36' title="bbox 146 2668 1731 2746; baseline 0.004 -23"><span class='ocrx_word' id='word_1_379' title='bbox 146 2668 276 2724; x_wconf 82' lang='lat' dir='ltr'><strong>Satureti</strong></span> <span class='ocrx_word' id='word_1_380' title='bbox 291 2672 435 2729; x_wconf 88' lang='lat' dir='ltr'><strong>esuriunt.</strong></span> <span class='ocrx_word' id='word_1_381' title='bbox 731 2671 786 2737; x_wconf 84' lang='lat' dir='ltr'><strong>Tu,</strong></span> <span class='ocrx_word' id='word_1_382' title='bbox 803 2679 919 2742; x_wconf 88' lang='lat' dir='ltr'><strong>propter</strong></span> <span class='ocrx_word' id='word_1_383' title='bbox 933 2687 997 2735; x_wconf 85' lang='lat' dir='ltr'><strong>nos.</strong></span> <span class='ocrx_word' id='word_1_384' title='bbox 1015 2672 1153 2740; x_wconf 85' lang='lat' dir='ltr'><strong>ludibria,</strong></span> <span class='ocrx_word' id='word_1_385' title='bbox 1323 2673 1432 2728; x_wconf 74' lang='lat' dir='ltr'><strong>Etcum</strong></span> <span class='ocrx_word' id='word_1_386' title='bbox 1449 2672 1541 2729; x_wconf 83' lang='lat' dir='ltr'><strong>sacris</strong></span> <span class='ocrx_word' id='word_1_387' title='bbox 1556 2672 1731 2746; x_wconf 82' lang='lat' dir='ltr'><strong>virginibus,</strong></span> 
     </span>
     <span class='ocr_line' id='line_1_37' title="bbox 143 2736 1642 2818; baseline 0.001 -21"><span class='ocrx_word' id='word_1_388' title='bbox 143 2736 292 2801; x_wconf 78' lang='lat' dir='ltr'><strong>Ostentum</strong></span> <span class='ocrx_word' id='word_1_389' title='bbox 308 2744 435 2815; x_wconf 88' lang='lat' dir='ltr'><strong>quisque</strong></span> <span class='ocrx_word' id='word_1_390' title='bbox 445 2745 481 2801; x_wconf 88' lang='lat' dir='ltr'><strong>dc</strong></span> <span class='ocrx_word' id='word_1_391' title='bbox 496 2748 613 2818; x_wconf 86' lang='lat' dir='ltr'><strong>propria</strong></span> <span class='ocrx_word' id='word_1_392' title='bbox 731 2744 784 2807; x_wconf 84' lang='lat' dir='ltr'><strong>Tu,</strong></span> <span class='ocrx_word' id='word_1_393' title='bbox 801 2750 954 2813; x_wconf 90' lang='lat' dir='ltr'><strong>sputorum</strong></span> <span class='ocrx_word' id='word_1_394' title='bbox 969 2745 1136 2817; x_wconf 89' lang='lat' dir='ltr'><strong>opprobria,</strong></span> <span class='ocrx_word' id='word_1_395' title='bbox 1323 2747 1353 2801; x_wconf 83' lang='lat' dir='ltr'><strong>in</strong></span> <span class='ocrx_word' id='word_1_396' title='bbox 1373 2746 1498 2815; x_wconf 74' lang='lat' dir='ltr'><strong>paradisi</strong></span> <span class='ocrx_word' id='word_1_397' title='bbox 1512 2745 1642 2809; x_wconf 82' lang='lat' dir='ltr'><strong>sedibus,</strong></span> 
     </span>
    </p>

    <p class='ocr_par' dir='ltr' id='par_1_16' title="bbox 143 2808 1820 3032">
     <span class='ocr_line' id='line_1_38' title="bbox 145 2808 1784 2888; baseline 0.004 -24"><span class='ocrx_word' id='word_1_398' title='bbox 145 2808 273 2867; x_wconf 83' lang='lat' dir='ltr'><strong>Tantum</strong></span> <span class='ocrx_word' id='word_1_399' title='bbox 290 2813 325 2869; x_wconf 90' lang='lat' dir='ltr'><strong>de</strong></span> <span class='ocrx_word' id='word_1_400' title='bbox 337 2816 435 2873; x_wconf 77' lang='lat' dir='ltr'><strong>fratris</strong></span> <span class='ocrx_word' id='word_1_401' title='bbox 450 2816 552 2885; x_wconf 79' lang='lat' dir='ltr'><strong>qtoria,</strong></span> <span class='ocrx_word' id='word_1_402' title='bbox 732 2815 831 2870; x_wconf 81' lang='lat' dir='ltr'><strong>Crucis</strong></span> <span class='ocrx_word' id='word_1_403' title='bbox 846 2831 963 2887; x_wconf 89' lang='lat' dir='ltr'><strong>qunque</strong></span> <span class='ocrx_word' id='word_1_404' title='bbox 978 2816 1124 2888; x_wconf 88' lang='lat' dir='ltr'><strong>supplicia</strong></span> <span class='ocrx_word' id='word_1_405' title='bbox 1322 2818 1372 2872; x_wconf 90' lang='lat' dir='ltr'><strong>Vel</strong></span> <span class='ocrx_word' id='word_1_406' title='bbox 1383 2833 1451 2872; x_wconf 90' lang='lat' dir='ltr'><strong>cnm</strong></span> <span class='ocrx_word' id='word_1_407' title='bbox 1466 2823 1633 2873; x_wconf 89' lang='lat' dir='ltr'><strong>sanctorum</strong></span> <span class='ocrx_word' id='word_1_408' title='bbox 1649 2815 1784 2887; x_wconf 87' lang='lat' dir='ltr'><strong>pedibus.</strong></span> 
     </span>
     <span class='ocr_line' id='line_1_39' title="bbox 146 2879 1820 2961; baseline 0.001 -21"><span class='ocrx_word' id='word_1_409' title='bbox 146 2879 230 2936; x_wconf 82' lang='lat' dir='ltr'><strong>Nults</strong></span> <span class='ocrx_word' id='word_1_410' title='bbox 248 2890 345 2941; x_wconf 86' lang='lat' dir='ltr'><strong>motus</strong></span> <span class='ocrx_word' id='word_1_411' title='bbox 361 2887 470 2944; x_wconf 87' lang='lat' dir='ltr'><strong>invidie</strong></span> <span class='ocrx_word' id='word_1_412' title='bbox 732 2887 803 2942; x_wconf 85' lang='lat' dir='ltr'><strong>ltira</strong></span> <span class='ocrx_word' id='word_1_413' title='bbox 818 2885 910 2942; x_wconf 89' lang='lat' dir='ltr'><strong>tulisti</strong></span> <span class='ocrx_word' id='word_1_414' title='bbox 926 2886 1038 2956; x_wconf 70' lang='lat' dir='ltr'><strong>qratie3</strong></span> <span class='ocrx_word' id='word_1_415' title='bbox 1323 2888 1462 2961; x_wconf 85' lang='lat' dir='ltr'><strong>Quisquis</strong></span> <span class='ocrx_word' id='word_1_416' title='bbox 1477 2889 1550 2945; x_wconf 85' lang='lat' dir='ltr'><strong>hanc</strong></span> <span class='ocrx_word' id='word_1_417' title='bbox 1560 2889 1701 2943; x_wconf 86' lang='lat' dir='ltr'><strong>schedam</strong></span> <span class='ocrx_word' id='word_1_418' title='bbox 1718 2886 1820 2956; x_wconf 77' lang='lat' dir='ltr'><strong>tegeris</strong></span> 
     </span>
     <span class='ocr_line' id='line_1_40' title="bbox 143 2952 1799 3032; baseline 0.004 -25"><span class='ocrx_word' id='word_1_419' title='bbox 143 2954 215 3009; x_wconf 79' lang='lat' dir='ltr'><strong>Mire</strong></span> <span class='ocrx_word' id='word_1_420' title='bbox 229 2952 319 3012; x_wconf 83' lang='lat' dir='ltr'><strong>lervel</strong></span> <span class='ocrx_word' id='word_1_421' title='bbox 332 2957 442 3016; x_wconf 82' lang='lat' dir='ltr'><strong>letitie.</strong></span> <span class='ocrx_word' id='word_1_422' title='bbox 733 2957 790 3014; x_wconf 88' lang='lat' dir='ltr'><strong>Nec</strong></span> <span class='ocrx_word' id='word_1_423' title='bbox 807 2959 877 3014; x_wconf 86' lang='lat' dir='ltr'><strong>rnori</strong></span> <span class='ocrx_word' id='word_1_424' title='bbox 891 2958 1001 3026; x_wconf 87' lang='lat' dir='ltr'><strong>dillsrs,</strong></span> <span class='ocrx_word' id='word_1_425' title='bbox 1018 2958 1150 3030; x_wconf 86' lang='lat' dir='ltr'><strong>Domine,</strong></span> <span class='ocrx_word' id='word_1_426' title='bbox 1323 2959 1460 3032; x_wconf 81' lang='lat' dir='ltr'><strong>Quisquis</strong></span> <span class='ocrx_word' id='word_1_427' title='bbox 1475 2960 1530 3015; x_wconf 88' lang='lat' dir='ltr'><strong>hnc</strong></span> <span class='ocrx_word' id='word_1_428' title='bbox 1544 2975 1662 3016; x_wconf 86' lang='lat' dir='ltr'><strong>carmen</strong></span> <span class='ocrx_word' id='word_1_429' title='bbox 1680 2958 1799 3027; x_wconf 87' lang='lat' dir='ltr'><strong>videris,</strong></span> 
     </span>
    </p>
   </div>
   <div class='ocr_carea' id='block_1_9' title="bbox 34 3023 1691 3104">
    <p class='ocr_par' dir='ltr' id='par_1_17' title="bbox 34 3023 1691 3104">
     <span class='ocr_line' id='line_1_41' title="bbox 34 3023 1691 3104; baseline 0.002 -24"><span class='ocrx_word' id='word_1_430' title='bbox 34 3088 37 3093; x_wconf 52' lang='grc'>,</span> <span class='ocrx_word' id='word_1_431' title='bbox 146 3023 251 3082; x_wconf 83' lang='lat' dir='ltr'><strong>OSron</strong></span> <span class='ocrx_word' id='word_1_432' title='bbox 266 3027 273 3084; x_wconf 91' lang='lat' dir='ltr'><strong>l</strong></span> <span class='ocrx_word' id='word_1_433' title='bbox 291 3037 392 3086; x_wconf 87' lang='lat' dir='ltr'><strong>sancte</strong></span> <span class='ocrx_word' id='word_1_434' title='bbox 410 3032 524 3103; x_wconf 82' lang='lat' dir='ltr'><strong>civitas,</strong></span> <span class='ocrx_word' id='word_1_435' title='bbox 734 3029 895 3086; x_wconf 86' lang='lat' dir='ltr'><strong>Proservili</strong></span> <span class='ocrx_word' id='word_1_436' title='bbox 908 3030 1061 3095; x_wconf 76' lang='lat' dir='ltr'><strong>levamine.</strong></span> <span class='ocrx_word' id='word_1_437' title='bbox 1325 3032 1377 3087; x_wconf 85' lang='lat' dir='ltr'><strong>llei</strong></span> <span class='ocrx_word' id='word_1_438' title='bbox 1390 3048 1505 3104; x_wconf 91' lang='lat' dir='ltr'><strong>quoque</strong></span> <span class='ocrx_word' id='word_1_439' title='bbox 1522 3029 1691 3088; x_wconf 81' lang='lat' dir='ltr'><strong>memineris</strong></span> 
     </span>
    </p>
   </div>
   <div class='ocr_carea' id='block_1_10' title="bbox 144 3094 1848 3375">
    <p class='ocr_par' dir='ltr' id='par_1_18' title="bbox 144 3094 1848 3375">
     <span class='ocr_line' id='line_1_42' title="bbox 145 3094 1728 3174; baseline 0.003 -22"><span class='ocrx_word' id='word_1_440' title='bbox 145 3094 178 3152; x_wconf 88' lang='lat' dir='ltr'><strong>ln</strong></span> <span class='ocrx_word' id='word_1_441' title='bbox 193 3114 254 3170; x_wconf 90' lang='lat' dir='ltr'><strong>qua</strong></span> <span class='ocrx_word' id='word_1_442' title='bbox 267 3101 310 3157; x_wconf 89' lang='lat' dir='ltr'><strong>sia</strong></span> <span class='ocrx_word' id='word_1_443' title='bbox 324 3104 406 3159; x_wconf 89' lang='lat' dir='ltr'><strong>ardet</strong></span> <span class='ocrx_word' id='word_1_444' title='bbox 420 3103 548 3161; x_wconf 84' lang='lat' dir='ltr'><strong>charitas</strong></span> <span class='ocrx_word' id='word_1_445' title='bbox 735 3102 894 3174; x_wconf 74' lang='lat' dir='ltr'><strong>Martisque</strong></span> <span class='ocrx_word' id='word_1_446' title='bbox 910 3102 1000 3159; x_wconf 87' lang='lat' dir='ltr'><strong>tracto</strong></span> <span class='ocrx_word' id='word_1_447' title='bbox 1016 3102 1127 3172; x_wconf 91' lang='lat' dir='ltr'><strong>limine,</strong></span> <span class='ocrx_word' id='word_1_448' title='bbox 1322 3103 1394 3159; x_wconf 82' lang='lat' dir='ltr'><strong>Cum</strong></span> <span class='ocrx_word' id='word_1_449' title='bbox 1410 3108 1594 3160; x_wconf 65' lang='lat' dir='ltr'><strong>paternoster</strong></span> <span class='ocrx_word' id='word_1_450' title='bbox 1607 3101 1728 3158; x_wconf 85' lang='lat' dir='ltr'><strong>dixeris.</strong></span> 
     </span>
     <span class='ocr_line' id='line_1_43' title="bbox 692 3209 1301 3284; baseline 0.005 -18"><span class='ocrx_word' id='word_1_451' title='bbox 692 3209 821 3282; x_wconf 76' lang='lat' dir='ltr'><strong>Explicit</strong></span> <span class='ocrx_word' id='word_1_452' title='bbox 836 3209 999 3268; x_wconf 82' lang='lat' dir='ltr'><strong>lamentatio</strong></span> <span class='ocrx_word' id='word_1_453' title='bbox 1013 3209 1173 3284; x_wconf 80' lang='lat' dir='ltr'><strong>peccatricis</strong></span> <span class='ocrx_word' id='word_1_454' title='bbox 1187 3212 1301 3269; x_wconf 76' lang='lat' dir='ltr'><strong>enimse.</strong></span> 
     </span>
     <span class='ocr_line' id='line_1_44' title="bbox 144 3333 1848 3375; baseline -0.002 0"><span class='ocrx_word' id='word_1_455' title='bbox 144 3333 1848 3375; x_wconf 71' lang='lat'><strong>——</strong></span> 
     </span>
    </p>
   </div>
   <div class='ocr_carea' id='block_1_11' title="bbox 144 3378 1493 3592">
    <p class='ocr_par' dir='ltr' id='par_1_19' title="bbox 144 3378 1493 3592">
     <span class='ocr_line' id='line_1_45' title="bbox 144 3378 1493 3592; baseline 0.001 -5"><span class='ocrx_word' id='word_1_456' title='bbox 144 3378 410 3396; x_wconf 65' lang='lat'><em>....,..„</em></span> <span class='ocrx_word' id='word_1_457' title='bbox 536 3459 931 3592; x_wconf 75' lang='lat' dir='ltr'><strong>nisinun</strong></span> <span class='ocrx_word' id='word_1_458' title='bbox 994 3460 1493 3591; x_wconf 75' lang='lat' dir='ltr'><strong>asennaeum</strong></span> 
     </span>
    </p>
   </div>
   <div class='ocr_carea' id='block_1_12' title="bbox 733 3658 1264 3727">
    <p class='ocr_par' dir='ltr' id='par_1_20' title="bbox 733 3658 1264 3727">
     <span class='ocr_line' id='line_1_46' title="bbox 733 3658 1264 3727; baseline 0.004 -2"><span class='ocrx_word' id='word_1_459' title='bbox 733 3658 1046 3727; x_wconf 72' lang='lat' dir='ltr'><strong>casertanensis</strong></span> <span class='ocrx_word' id='word_1_460' title='bbox 1075 3658 1264 3727; x_wconf 85' lang='lat' dir='ltr'><strong>EPlSCOPl</strong></span> 
     </span>
    </p>
   </div>
   <div class='ocr_carea' id='block_1_13' title="bbox 651 3787 1352 3945">
    <p class='ocr_par' dir='ltr' id='par_1_21' title="bbox 651 3787 1352 3945">
     <span class='ocr_line' id='line_1_47' title="bbox 651 3787 1352 3945; baseline -0.001 -3"><span class='ocrx_word' id='word_1_461' title='bbox 651 3788 762 3942; x_wconf 86' lang='lat' dir='ltr'><strong>Dll</strong></span> <span class='ocrx_word' id='word_1_462' title='bbox 827 3787 1352 3945; x_wconf 73' lang='lat' dir='ltr'><strong>transtila</strong></span> 
     </span>
    </p>
   </div>
   <div class='ocr_carea' id='block_1_14' title="bbox 146 3994 1853 4162">
    <p class='ocr_par' dir='ltr' id='par_1_22' title="bbox 146 3994 1853 4162">
     <span class='ocr_line' id='line_1_48' title="bbox 146 3994 1853 4077; baseline -0.004 -19"><span class='ocrx_word' id='word_1_463' title='bbox 146 4001 202 4077; x_wconf 82' lang='lat' dir='ltr'><strong>(lta</strong></span> <span class='ocrx_word' id='word_1_464' title='bbox 218 4020 273 4060; x_wconf 89' lang='lat' dir='ltr'><strong>ms.</strong></span> <span class='ocrx_word' id='word_1_465' title='bbox 288 4004 378 4059; x_wconf 85' lang='lat' dir='ltr'><strong>codex</strong></span> <span class='ocrx_word' id='word_1_466' title='bbox 400 4019 470 4060; x_wconf 87' lang='lat' dir='ltr'><strong>ann.</strong></span> <span class='ocrx_word' id='word_1_467' title='bbox 486 4001 604 4059; x_wconf 86' lang='lat' dir='ltr'><strong>circiter</strong></span> <span class='ocrx_word' id='word_1_468' title='bbox 618 4001 682 4067; x_wconf 77' lang='lat'><strong>500,</strong></span> <span class='ocrx_word' id='word_1_469' title='bbox 700 4001 770 4057; x_wconf 90' lang='lat' dir='ltr'><strong>olim</strong></span> <span class='ocrx_word' id='word_1_470' title='bbox 782 3999 969 4066; x_wconf 70' lang='lat' dir='ltr'><strong>biconensis,</strong></span> <span class='ocrx_word' id='word_1_471' title='bbox 984 4000 1046 4056; x_wconf 85' lang='lat' dir='ltr'><strong>sire</strong></span> <span class='ocrx_word' id='word_1_472' title='bbox 1060 3999 1088 4057; x_wconf 85' lang='lat' dir='ltr'><strong>S.</strong></span> <span class='ocrx_word' id='word_1_473' title='bbox 1105 3999 1230 4056; x_wconf 80' lang='lat' dir='ltr'><strong>Amandt</strong></span> <span class='ocrx_word' id='word_1_474' title='bbox 1255 3999 1283 4054; x_wconf 92' lang='lat' dir='ltr'><strong>in</strong></span> <span class='ocrx_word' id='word_1_475' title='bbox 1308 3999 1428 4070; x_wconf 86' lang='lat' dir='ltr'><strong>Pabula,</strong></span> <span class='ocrx_word' id='word_1_476' title='bbox 1444 4016 1522 4057; x_wconf 90' lang='lat' dir='ltr'><strong>nunc</strong></span> <span class='ocrx_word' id='word_1_477' title='bbox 1545 3999 1662 4072; x_wconf 77' lang='lat' dir='ltr'><strong>Regius,</strong></span> <span class='ocrx_word' id='word_1_478' title='bbox 1678 4017 1708 4057; x_wconf 88' lang='lat' dir='ltr'><strong>n.</strong></span> <span class='ocrx_word' id='word_1_479' title='bbox 1722 4000 1787 4073; x_wconf 70' lang='lat'><strong>27⁴,</strong></span> <span class='ocrx_word' id='word_1_480' title='bbox 1803 3994 1853 4076; x_wconf 89' lang='lat' dir='ltr'><strong>qul</strong></span> 
     </span>
     <span class='ocr_line' id='line_1_49' title="bbox 544 4087 1444 4162; baseline -0.004 -14"><span class='ocrx_word' id='word_1_481' title='bbox 544 4089 627 4148; x_wconf 87' lang='lat' dir='ltr'><strong>solue</strong></span> <span class='ocrx_word' id='word_1_482' title='bbox 642 4090 719 4147; x_wconf 89' lang='lat' dir='ltr'><strong>inter</strong></span> <span class='ocrx_word' id='word_1_483' title='bbox 734 4105 807 4147; x_wconf 87' lang='lat' dir='ltr'><strong>mes·</strong></span> <span class='ocrx_word' id='word_1_484' title='bbox 829 4104 904 4162; x_wconf 90' lang='lat' dir='ltr'><strong>quos</strong></span> <span class='ocrx_word' id='word_1_485' title='bbox 918 4087 1046 4145; x_wconf 85' lang='lat' dir='ltr'><strong>uidimus</strong></span> <span class='ocrx_word' id='word_1_486' title='bbox 1063 4087 1138 4144; x_wconf 87' lang='lat' dir='ltr'><strong>hanc</strong></span> <span class='ocrx_word' id='word_1_487' title='bbox 1153 4087 1240 4145; x_wconf 88' lang='lat' dir='ltr'><strong>habet</strong></span> <span class='ocrx_word' id='word_1_488' title='bbox 1260 4088 1444 4162; x_wconf 75' lang='lat' dir='ltr'><strong>Historiam.)</strong></span> 
     </span>
    </p>
   </div>
   <div class='ocr_carea' id='block_1_15' title="bbox 703 4208 1249 4364">
    <p class='ocr_par' dir='ltr' id='par_1_23' title="bbox 703 4208 1249 4364">
     <span class='ocr_line' id='line_1_50' title="bbox 703 4208 1249 4364; baseline 0 -2"><span class='ocrx_word' id='word_1_489' title='bbox 703 4267 908 4364; x_wconf 80' lang='lat' dir='ltr'><strong>saeva</strong></span> <span class='ocrx_word' id='word_1_490' title='bbox 946 4208 1249 4364; x_wconf 75' lang='lat' dir='ltr'><strong>nonianus.</strong></span> 
     </span>
    </p>
   </div>
   <div class='ocr_carea' id='block_1_16' title="bbox 139 4503 1845 4990">
    <p class='ocr_par' dir='ltr' id='par_1_24' title="bbox 139 4503 1845 4990">
     <span class='ocr_line' id='line_1_51' title="bbox 183 4503 1843 4588; baseline -0.004 -15"><span class='ocrx_word' id='word_1_491' title='bbox 183 4513 418 4572; x_wconf 69' lang='lat' dir='ltr'><strong>nst-sm</strong></span> <span class='ocrx_word' id='word_1_492' title='bbox 444 4508 590 4587; x_wconf 85' lang='lat' dir='ltr'><strong>illatoris,</strong></span> <span class='ocrx_word' id='word_1_493' title='bbox 606 4524 662 4568; x_wconf 91' lang='lat' dir='ltr'><strong>sen</strong></span> <span class='ocrx_word' id='word_1_494' title='bbox 685 4503 827 4567; x_wconf 87' lang='lat' dir='ltr'><strong>narratio</strong></span> <span class='ocrx_word' id='word_1_495' title='bbox 851 4521 935 4566; x_wconf 91' lang='lat' dir='ltr'><strong>mere</strong></span> <span class='ocrx_word' id='word_1_496' title='bbox 950 4504 1074 4582; x_wconf 85' lang='lat' dir='ltr'><strong>poetice</strong></span> <span class='ocrx_word' id='word_1_497' title='bbox 1093 4505 1134 4567; x_wconf 89' lang='lat' dir='ltr'><strong>sd</strong></span> <span class='ocrx_word' id='word_1_498' title='bbox 1157 4505 1412 4569; x_wconf 83' lang='lat' dir='ltr'><strong>exercitationem</strong></span> <span class='ocrx_word' id='word_1_499' title='bbox 1428 4509 1518 4588; x_wconf 87' lang='lat' dir='ltr'><strong>qussi</strong></span> <span class='ocrx_word' id='word_1_500' title='bbox 1541 4507 1756 4569; x_wconf 87' lang='lat' dir='ltr'><strong>academicam</strong></span> <span class='ocrx_word' id='word_1_501' title='bbox 1772 4524 1843 4568; x_wconf 88' lang='lat' dir='ltr'><strong>con·</strong></span> 
     </span>
     <span class='ocr_line' id='line_1_52' title="bbox 141 4585 1842 4671; baseline -0.002 -20"><span class='ocrx_word' id='word_1_502' title='bbox 141 4589 216 4652; x_wconf 88' lang='lat' dir='ltr'><strong>llcts</strong></span> <span class='ocrx_word' id='word_1_503' title='bbox 231 4591 440 4671; x_wconf 89' lang='lat' dir='ltr'><strong>potiusquam</strong></span> <span class='ocrx_word' id='word_1_504' title='bbox 457 4594 568 4653; x_wconf 87' lang='lat' dir='ltr'><strong>exacte</strong></span> <span class='ocrx_word' id='word_1_505' title='bbox 582 4587 658 4648; x_wconf 86' lang='lat' dir='ltr'><strong>tacti</strong></span> <span class='ocrx_word' id='word_1_506' title='bbox 672 4585 784 4648; x_wconf 88' lang='lat' dir='ltr'><strong>relatio</strong></span> <span class='ocrx_word' id='word_1_507' title='bbox 799 4585 903 4665; x_wconf 89' lang='lat' dir='ltr'><strong>qualis</strong></span> <span class='ocrx_word' id='word_1_508' title='bbox 922 4602 990 4646; x_wconf 88' lang='lat' dir='ltr'><strong>esse</strong></span> <span class='ocrx_word' id='word_1_509' title='bbox 1004 4586 1099 4647; x_wconf 85' lang='lat' dir='ltr'><strong>debet</strong></span> <span class='ocrx_word' id='word_1_510' title='bbox 1123 4585 1264 4649; x_wconf 88' lang='lat' dir='ltr'><strong>historie.</strong></span> <span class='ocrx_word' id='word_1_511' title='bbox 1281 4588 1493 4669; x_wconf 74' lang='lat' dir='ltr'><strong>Preterquam</strong></span> <span class='ocrx_word' id='word_1_512' title='bbox 1519 4590 1603 4669; x_wconf 91' lang='lat' dir='ltr'><strong>qnod</strong></span> <span class='ocrx_word' id='word_1_513' title='bbox 1619 4588 1750 4650; x_wconf 88' lang='lat' dir='ltr'><strong>enimin</strong></span> <span class='ocrx_word' id='word_1_514' title='bbox 1767 4604 1842 4649; x_wconf 91' lang='lat' dir='ltr'><strong>ene·</strong></span> 
     </span>
     <span class='ocr_line' id='line_1_53' title="bbox 139 4665 1840 4751; baseline -0.002 -19"><span class='ocrx_word' id='word_1_515' title='bbox 139 4670 355 4734; x_wconf 89' lang='lat' dir='ltr'><strong>chroniemum</strong></span> <span class='ocrx_word' id='word_1_516' title='bbox 371 4671 527 4751; x_wconf 75' lang='lat' dir='ltr'><strong>insignem</strong></span> <span class='ocrx_word' id='word_1_517' title='bbox 540 4671 647 4749; x_wconf 91' lang='lat' dir='ltr'><strong>lapsus</strong></span> <span class='ocrx_word' id='word_1_518' title='bbox 662 4674 708 4729; x_wconf 89' lang='lat' dir='ltr'><strong>eet</strong></span> <span class='ocrx_word' id='word_1_519' title='bbox 723 4672 842 4742; x_wconf 89' lang='lat' dir='ltr'><strong>auctor,</strong></span> <span class='ocrx_word' id='word_1_520' title='bbox 860 4665 935 4728; x_wconf 92' lang='lat' dir='ltr'><strong>dnm</strong></span> <span class='ocrx_word' id='word_1_521' title='bbox 949 4666 1089 4727; x_wconf 85' lang='lat' dir='ltr'><strong>insinuet</strong></span> <span class='ocrx_word' id='word_1_522' title='bbox 1103 4667 1289 4729; x_wconf 83' lang='lat' dir='ltr'><strong>Mehumatis</strong></span> <span class='ocrx_word' id='word_1_523' title='bbox 1304 4677 1434 4744; x_wconf 86' lang='lat' dir='ltr'><strong>ecclam,</strong></span> <span class='ocrx_word' id='word_1_524' title='bbox 1450 4676 1482 4731; x_wconf 90' lang='lat' dir='ltr'><strong>et</strong></span> <span class='ocrx_word' id='word_1_525' title='bbox 1493 4670 1624 4749; x_wconf 79' lang='lat' dir='ltr'><strong>insignis</strong></span> <span class='ocrx_word' id='word_1_526' title='bbox 1650 4668 1840 4749; x_wconf 75' lang='lat' dir='ltr'><strong>hypocrite,</strong></span> 
     </span>
     <span class='ocr_line' id='line_1_54' title="bbox 139 4746 1845 4832; baseline -0.003 -19"><span class='ocrx_word' id='word_1_527' title='bbox 139 4752 240 4832; x_wconf 77' lang='lat' dir='ltr'><strong>Sergii</strong></span> <span class='ocrx_word' id='word_1_528' title='bbox 255 4753 372 4814; x_wconf 87' lang='lat' dir='ltr'><strong>scilicet</strong></span> <span class='ocrx_word' id='word_1_529' title='bbox 387 4756 552 4831; x_wconf 76' lang='lat' dir='ltr'><strong>apostate,</strong></span> <span class='ocrx_word' id='word_1_530' title='bbox 568 4754 603 4811; x_wconf 90' lang='lat' dir='ltr'><strong>ut</strong></span> <span class='ocrx_word' id='word_1_531' title='bbox 617 4754 776 4830; x_wconf 88' lang='lat' dir='ltr'><strong>putemne,</strong></span> <span class='ocrx_word' id='word_1_532' title='bbox 793 4747 833 4809; x_wconf 90' lang='lat' dir='ltr'><strong>ab</strong></span> <span class='ocrx_word' id='word_1_533' title='bbox 848 4746 989 4809; x_wconf 86' lang='lat' dir='ltr'><strong>Ecclesia</strong></span> <span class='ocrx_word' id='word_1_534' title='bbox 1003 4747 1221 4822; x_wconf 83' lang='lat' dir='ltr'><strong>deiectionem,</strong></span> <span class='ocrx_word' id='word_1_535' title='bbox 1236 4750 1319 4810; x_wconf 88' lang='lat' dir='ltr'><strong>circa</strong></span> <span class='ocrx_word' id='word_1_536' title='bbox 1334 4750 1503 4812; x_wconf 81' lang='lat' dir='ltr'><strong>Theodosii</strong></span> <span class='ocrx_word' id='word_1_537' title='bbox 1518 4756 1548 4811; x_wconf 90' lang='lat' dir='ltr'><strong>ct</strong></span> <span class='ocrx_word' id='word_1_538' title='bbox 1570 4749 1671 4812; x_wconf 82' lang='lat' dir='ltr'><strong>sancti</strong></span> <span class='ocrx_word' id='word_1_539' title='bbox 1687 4747 1845 4811; x_wconf 83' lang='lat' dir='ltr'><strong>Ambrosii</strong></span> 
     </span>
     <span class='ocr_line' id='line_1_55' title="bbox 139 4826 1840 4912; baseline -0.003 -18"><span class='ocrx_word' id='word_1_540' title='bbox 139 4836 282 4912; x_wconf 88' lang='lat' dir='ltr'><strong>tempora</strong></span> <span class='ocrx_word' id='word_1_541' title='bbox 298 4832 393 4894; x_wconf 86' lang='lat' dir='ltr'><strong>relert</strong></span> <span class='ocrx_word' id='word_1_542' title='bbox 407 4831 568 4893; x_wconf 88' lang='lat' dir='ltr'><strong>eccidisse.</strong></span> <span class='ocrx_word' id='word_1_543' title='bbox 586 4831 675 4903; x_wconf 83' lang='lat' dir='ltr'><strong>Quod</strong></span> <span class='ocrx_word' id='word_1_544' title='bbox 691 4835 800 4890; x_wconf 88' lang='lat' dir='ltr'><strong>narrat</strong></span> <span class='ocrx_word' id='word_1_545' title='bbox 815 4826 865 4889; x_wconf 91' lang='lat' dir='ltr'><strong>hic</strong></span> <span class='ocrx_word' id='word_1_546' title='bbox 880 4826 919 4889; x_wconf 91' lang='lat' dir='ltr'><strong>de</strong></span> <span class='ocrx_word' id='word_1_547' title='bbox 933 4826 1031 4890; x_wconf 82' lang='lat' dir='ltr'><strong>ritulo</strong></span> <span class='ocrx_word' id='word_1_548' title='bbox 1045 4829 1077 4889; x_wconf 95' lang='lat' dir='ltr'><strong>in</strong></span> <span class='ocrx_word' id='word_1_549' title='bbox 1093 4846 1190 4891; x_wconf 82' lang='lat' dir='ltr'><strong>cerea</strong></span> <span class='ocrx_word' id='word_1_550' title='bbox 1204 4837 1323 4893; x_wconf 80' lang='lat' dir='ltr'><strong>secrete</strong></span> <span class='ocrx_word' id='word_1_551' title='bbox 1342 4833 1491 4899; x_wconf 90' lang='lat' dir='ltr'><strong>enutrito,</strong></span> <span class='ocrx_word' id='word_1_552' title='bbox 1508 4831 1623 4892; x_wconf 88' lang='lat' dir='ltr'><strong>deinde</strong></span> <span class='ocrx_word' id='word_1_553' title='bbox 1638 4835 1729 4892; x_wconf 90' lang='lat' dir='ltr'><strong>tauro</strong></span> <span class='ocrx_word' id='word_1_554' title='bbox 1756 4830 1840 4890; x_wconf 86' lang='lat' dir='ltr'><strong>iactu</strong></span> 
     </span>
     <span class='ocr_line' id='line_1_56' title="bbox 139 4908 1837 4990; baseline -0.004 -15"><span class='ocrx_word' id='word_1_555' title='bbox 139 4932 176 4977; x_wconf 89' lang='lat' dir='ltr'><strong>sc</strong></span> <span class='ocrx_word' id='word_1_556' title='bbox 196 4912 367 4974; x_wconf 79' lang='lat' dir='ltr'><strong>furibundo</strong></span> <span class='ocrx_word' id='word_1_557' title='bbox 395 4912 617 4983; x_wconf 85' lang='lat' dir='ltr'><strong>attshumets,</strong></span> <span class='ocrx_word' id='word_1_558' title='bbox 634 4928 697 4990; x_wconf 93' lang='lat' dir='ltr'><strong>quo</strong></span> <span class='ocrx_word' id='word_1_559' title='bbox 710 4928 765 4970; x_wconf 86' lang='lat' dir='ltr'><strong>rex</strong></span> <span class='ocrx_word' id='word_1_560' title='bbox 781 4908 880 4987; x_wconf 86' lang='lat' dir='ltr'><strong>iteret,</strong></span> <span class='ocrx_word' id='word_1_561' title='bbox 894 4909 1066 4980; x_wconf 89' lang='lat' dir='ltr'><strong>acicurato,</strong></span> <span class='ocrx_word' id='word_1_562' title='bbox 1083 4927 1154 4971; x_wconf 91' lang='lat' dir='ltr'><strong>cum</strong></span> <span class='ocrx_word' id='word_1_563' title='bbox 1171 4910 1210 4970; x_wconf 90' lang='lat' dir='ltr'><strong>de</strong></span> <span class='ocrx_word' id='word_1_564' title='bbox 1225 4910 1285 4972; x_wconf 91' lang='lat' dir='ltr'><strong>hcc</strong></span> <span class='ocrx_word' id='word_1_565' title='bbox 1311 4912 1389 4972; x_wconf 92' lang='lat' dir='ltr'><strong>nihil</strong></span> <span class='ocrx_word' id='word_1_566' title='bbox 1405 4912 1534 4973; x_wconf 90' lang='lat' dir='ltr'><strong>omnino</strong></span> <span class='ocrx_word' id='word_1_567' title='bbox 1550 4913 1727 4990; x_wconf 87' lang='lat' dir='ltr'><strong>reperietur</strong></span> <span class='ocrx_word' id='word_1_568' title='bbox 1752 4909 1837 4986; x_wconf 86' lang='lat' dir='ltr'><strong>apud</strong></span> 
     </span>
    </p>
   </div>
   <div class='ocr_carea' id='block_1_17' title="bbox 42 4989 1838 5072">
    <p class='ocr_par' dir='ltr' id='par_1_25' title="bbox 42 4989 1838 5072">
     <span class='ocr_line' id='line_1_57' title="bbox 42 4989 1838 5072; baseline -0.003 -17"><span class='ocrx_word' id='word_1_569' title='bbox 42 5004 45 5009; x_wconf 84' lang='lat'>&#39;</span> <span class='ocrx_word' id='word_1_570' title='bbox 139 5002 287 5055; x_wconf 87' lang='lat' dir='ltr'><strong>auctores</strong></span> <span class='ocrx_word' id='word_1_571' title='bbox 300 4993 352 5072; x_wconf 90' lang='lat' dir='ltr'><strong>qui</strong></span> <span class='ocrx_word' id='word_1_572' title='bbox 369 4991 517 5052; x_wconf 88' lang='lat' dir='ltr'><strong>derebus</strong></span> <span class='ocrx_word' id='word_1_573' title='bbox 533 4990 749 5052; x_wconf 84' lang='lat' dir='ltr'><strong>blahumeti··is</strong></span> <span class='ocrx_word' id='word_1_574' title='bbox 763 4996 905 5061; x_wconf 71' lang='lat' dir='ltr'><strong>egerunt,</strong></span> <span class='ocrx_word' id='word_1_575' title='bbox 923 4995 1023 5057; x_wconf 88' lang='lat' dir='ltr'><strong>totum</strong></span> <span class='ocrx_word' id='word_1_576' title='bbox 1042 4989 1101 5050; x_wconf 90' lang='lat' dir='ltr'><strong>hnc</strong></span> <span class='ocrx_word' id='word_1_577' title='bbox 1118 4990 1160 5051; x_wconf 92' lang='lat' dir='ltr'><strong>nil</strong></span> <span class='ocrx_word' id='word_1_578' title='bbox 1176 4991 1235 5051; x_wconf 91' lang='lat' dir='ltr'><strong>nisi</strong></span> <span class='ocrx_word' id='word_1_579' title='bbox 1251 4992 1391 5052; x_wconf 82' lang='lat' dir='ltr'><strong>ielrnlanr</strong></span> <span class='ocrx_word' id='word_1_580' title='bbox 1406 4995 1498 5070; x_wconf 73' lang='lat' dir='ltr'><strong>sapit,</strong></span> <span class='ocrx_word' id='word_1_581' title='bbox 1514 5011 1610 5070; x_wconf 88' lang='lat' dir='ltr'><strong>qnam</strong></span> <span class='ocrx_word' id='word_1_582' title='bbox 1635 4991 1838 5053; x_wconf 83' lang='lat' dir='ltr'><strong>Hildebertus</strong></span> 
     </span>
    </p>
   </div>
   <div class='ocr_carea' id='block_1_18' title="bbox 137 5069 1846 5477">
    <p class='ocr_par' dir='ltr' id='par_1_26' title="bbox 137 5069 1846 5477">
     <span class='ocr_line' id='line_1_58' title="bbox 139 5069 1841 5153; baseline -0.003 -19"><span class='ocrx_word' id='word_1_583' title='bbox 139 5075 220 5136; x_wconf 83' lang='lat' dir='ltr'><strong>torte</strong></span> <span class='ocrx_word' id='word_1_584' title='bbox 231 5082 304 5135; x_wconf 79' lang='lat' dir='ltr'><strong>lans·-</strong></span> <span class='ocrx_word' id='word_1_585' title='bbox 316 5072 455 5153; x_wconf 81' lang='lat' dir='ltr'><strong>juvenis,</strong></span> <span class='ocrx_word' id='word_1_586' title='bbox 471 5080 502 5133; x_wconf 90' lang='lat' dir='ltr'><strong>et</strong></span> <span class='ocrx_word' id='word_1_587' title='bbox 515 5071 623 5132; x_wconf 86' lang='lat' dir='ltr'><strong>litteris</strong></span> <span class='ocrx_word' id='word_1_588' title='bbox 638 5071 742 5132; x_wconf 85' lang='lat' dir='ltr'><strong>adhuc</strong></span> <span class='ocrx_word' id='word_1_589' title='bbox 758 5069 998 5130; x_wconf 88' lang='lat' dir='ltr'><strong>humanioribus</strong></span> <span class='ocrx_word' id='word_1_590' title='bbox 1013 5088 1128 5130; x_wconf 84' lang='lat' dir='ltr'><strong>vacuus</strong></span> <span class='ocrx_word' id='word_1_591' title='bbox 1148 5072 1362 5150; x_wconf 85' lang='lat' dir='ltr'><strong>potiusquam</strong></span> <span class='ocrx_word' id='word_1_592' title='bbox 1378 5074 1478 5142; x_wconf 86' lang='lat' dir='ltr'><strong>senis,</strong></span> <span class='ocrx_word' id='word_1_593' title='bbox 1495 5075 1627 5133; x_wconf 64' lang='lat' dir='ltr'><strong>arcitum</strong></span> <span class='ocrx_word' id='word_1_594' title='bbox 1654 5074 1760 5132; x_wconf 78' lang='lat' dir='ltr'><strong>atltae</strong></span> <span class='ocrx_word' id='word_1_595' title='bbox 1777 5071 1841 5130; x_wconf 82' lang='lat' dir='ltr'><strong>tris·</strong></span> 
     </span>
     <span class='ocr_line' id='line_1_59' title="bbox 140 5150 1842 5232; baseline -0.003 -18"><span class='ocrx_word' id='word_1_596' title='bbox 140 5157 221 5215; x_wconf 86' lang='lat' dir='ltr'><strong>torin</strong></span> <span class='ocrx_word' id='word_1_597' title='bbox 238 5155 328 5215; x_wconf 86' lang='lat' dir='ltr'><strong>ratde</strong></span> <span class='ocrx_word' id='word_1_598' title='bbox 345 5152 474 5232; x_wconf 82' lang='lat' dir='ltr'><strong>peritae,</strong></span> <span class='ocrx_word' id='word_1_599' title='bbox 499 5153 731 5214; x_wconf 79' lang='lat' dir='ltr'><strong>exercitationis</strong></span> <span class='ocrx_word' id='word_1_600' title='bbox 744 5150 847 5227; x_wconf 77' lang='lat' dir='ltr'><strong>grene</strong></span> <span class='ocrx_word' id='word_1_601' title='bbox 862 5150 891 5209; x_wconf 93' lang='lat' dir='ltr'><strong>in</strong></span> <span class='ocrx_word' id='word_1_602' title='bbox 914 5151 1020 5211; x_wconf 90' lang='lat' dir='ltr'><strong>ndinm</strong></span> <span class='ocrx_word' id='word_1_603' title='bbox 1038 5150 1258 5214; x_wconf 80' lang='lat' dir='ltr'><strong>Mehumeticee</strong></span> <span class='ocrx_word' id='word_1_604' title='bbox 1273 5163 1365 5216; x_wconf 85' lang='lat' dir='ltr'><strong>sectae</strong></span> <span class='ocrx_word' id='word_1_605' title='bbox 1391 5172 1490 5232; x_wconf 82' lang='lat' dir='ltr'><strong>excug</strong></span> <span class='ocrx_word' id='word_1_606' title='bbox 1503 5155 1577 5212; x_wconf 83' lang='lat' dir='ltr'><strong>tavit</strong></span> <span class='ocrx_word' id='word_1_607' title='bbox 1595 5162 1627 5213; x_wconf 82' lang='lat' dir='ltr'><strong>rt</strong></span> <span class='ocrx_word' id='word_1_608' title='bbox 1650 5153 1842 5229; x_wconf 65' lang='lat' dir='ltr'><strong>conquieuit.</strong></span> 
     </span>
     <span class='ocr_line' id='line_1_60' title="bbox 140 5230 1846 5315; baseline -0.004 -19"><span class='ocrx_word' id='word_1_609' title='bbox 140 5236 219 5296; x_wconf 85' lang='lat' dir='ltr'><strong>Hinc</strong></span> <span class='ocrx_word' id='word_1_610' title='bbox 236 5254 344 5315; x_wconf 85' lang='lat' dir='ltr'><strong>purum</strong></span> <span class='ocrx_word' id='word_1_611' title='bbox 368 5235 471 5297; x_wconf 83' lang='lat' dir='ltr'><strong>nb‘uit</strong></span> <span class='ocrx_word' id='word_1_612' title='bbox 495 5233 569 5315; x_wconf 91' lang='lat' dir='ltr'><strong>quin</strong></span> <span class='ocrx_word' id='word_1_613' title='bbox 586 5233 668 5295; x_wconf 86' lang='lat' dir='ltr'><strong>hanc</strong></span> <span class='ocrx_word' id='word_1_614' title='bbox 691 5231 854 5292; x_wconf 85' lang='lat' dir='ltr'><strong>historiam</strong></span> <span class='ocrx_word' id='word_1_615' title='bbox 884 5250 938 5292; x_wconf 85' lang='lat' dir='ltr'><strong>seu</strong></span> <span class='ocrx_word' id='word_1_616' title='bbox 963 5230 1102 5292; x_wconf 85' lang='lat' dir='ltr'><strong>tabulam</strong></span> <span class='ocrx_word' id='word_1_617' title='bbox 1128 5232 1336 5299; x_wconf 87' lang='lat' dir='ltr'><strong>omiserimus.</strong></span> <span class='ocrx_word' id='word_1_618' title='bbox 1363 5235 1468 5295; x_wconf 89' lang='lat' dir='ltr'><strong>uieiin</strong></span> <span class='ocrx_word' id='word_1_619' title='bbox 1485 5242 1612 5314; x_wconf 73' lang='lat' dir='ltr'><strong>septime</strong></span> <span class='ocrx_word' id='word_1_620' title='bbox 1638 5242 1721 5294; x_wconf 72' lang='lat' dir='ltr'><strong>riolas</strong></span> <span class='ocrx_word' id='word_1_621' title='bbox 1737 5252 1846 5292; x_wconf 70' lang='lat' dir='ltr'><strong>niernu-</strong></span> 
     </span>
     <span class='ocr_line' id='line_1_61' title="bbox 140 5311 1845 5397; baseline -0.002 -21"><span class='ocrx_word' id='word_1_622' title='bbox 140 5318 242 5397; x_wconf 92' lang='lat' dir='ltr'><strong>cripto</strong></span> <span class='ocrx_word' id='word_1_623' title='bbox 257 5316 437 5386; x_wconf 80' lang='lat' dir='ltr'><strong>Etnoncnsi,</strong></span> <span class='ocrx_word' id='word_1_624' title='bbox 453 5334 492 5378; x_wconf 87' lang='lat' dir='ltr'><strong>cx</strong></span> <span class='ocrx_word' id='word_1_625' title='bbox 508 5334 572 5396; x_wconf 90' lang='lat' dir='ltr'><strong>quo</strong></span> <span class='ocrx_word' id='word_1_626' title='bbox 587 5311 727 5393; x_wconf 91' lang='lat' dir='ltr'><strong>alioquin</strong></span> <span class='ocrx_word' id='word_1_627' title='bbox 745 5311 848 5372; x_wconf 89' lang='lat' dir='ltr'><strong>multe</strong></span> <span class='ocrx_word' id='word_1_628' title='bbox 863 5312 946 5373; x_wconf 87' lang='lat' dir='ltr'><strong>serie</strong></span> <span class='ocrx_word' id='word_1_629' title='bbox 960 5317 992 5373; x_wconf 87' lang='lat' dir='ltr'><strong>et</strong></span> <span class='ocrx_word' id='word_1_630' title='bbox 1006 5311 1087 5373; x_wconf 86' lang='lat' dir='ltr'><strong>lectu</strong></span> <span class='ocrx_word' id='word_1_631' title='bbox 1104 5313 1289 5393; x_wconf 79' lang='lat' dir='ltr'><strong>dignissima</strong></span> <span class='ocrx_word' id='word_1_632' title='bbox 1304 5316 1454 5384; x_wconf 85' lang='lat' dir='ltr'><strong>eruimus,</strong></span> <span class='ocrx_word' id='word_1_633' title='bbox 1472 5322 1535 5376; x_wconf 90' lang='lat' dir='ltr'><strong>tam</strong></span> <span class='ocrx_word' id='word_1_634' title='bbox 1552 5332 1699 5393; x_wconf 83' lang='lat' dir='ltr'><strong>expresse</strong></span> <span class='ocrx_word' id='word_1_635' title='bbox 1724 5325 1845 5394; x_wconf 78' lang='lat' dir='ltr'><strong>praetu-</strong></span> 
     </span>
     <span class='ocr_line' id='line_1_62' title="bbox 137 5392 1844 5477; baseline 0.001 -19"><span class='ocrx_word' id='word_1_636' title='bbox 137 5395 225 5460; x_wconf 85' lang='lat' dir='ltr'><strong>lisset</strong></span> <span class='ocrx_word' id='word_1_637' title='bbox 239 5416 353 5462; x_wconf 87' lang='lat' dir='ltr'><strong>numen</strong></span> <span class='ocrx_word' id='word_1_638' title='bbox 377 5396 563 5473; x_wconf 83' lang='lat' dir='ltr'><strong>Hildeberti,</strong></span> <span class='ocrx_word' id='word_1_639' title='bbox 588 5394 680 5474; x_wconf 87' lang='lat' dir='ltr'><strong>cnjus</strong></span> <span class='ocrx_word' id='word_1_640' title='bbox 693 5410 765 5455; x_wconf 87' lang='lat' dir='ltr'><strong>cum</strong></span> <span class='ocrx_word' id='word_1_641' title='bbox 790 5408 891 5473; x_wconf 89' lang='lat' dir='ltr'><strong>opere</strong></span> <span class='ocrx_word' id='word_1_642' title='bbox 906 5392 1025 5473; x_wconf 88' lang='lat' dir='ltr'><strong>omnia,</strong></span> <span class='ocrx_word' id='word_1_643' title='bbox 1050 5401 1295 5477; x_wconf 86' lang='lat' dir='ltr'><strong>quantacunque</strong></span> <span class='ocrx_word' id='word_1_644' title='bbox 1317 5397 1463 5476; x_wconf 76' lang='lat' dir='ltr'><strong>detegere</strong></span> <span class='ocrx_word' id='word_1_645' title='bbox 1485 5395 1695 5476; x_wconf 84' lang='lat' dir='ltr'><strong>potuerimus.</strong></span> <span class='ocrx_word' id='word_1_646' title='bbox 1712 5395 1844 5476; x_wconf 70' lang='lat' dir='ltr'><strong>vulgare</strong></span> 
     </span>
    </p>
   </div>
   <div class='ocr_carea' id='block_1_19' title="bbox 0 0 1906 6030">
    <p class='ocr_par' dir='ltr' id='par_1_27' title="bbox 0 0 1906 6030">
     <span class='ocr_line' id='line_1_63' title="bbox 0 0 1906 6030; baseline 0 0"><span class='ocrx_word' id='word_1_647' title='bbox 0 0 1906 6030; x_wconf 95' lang='lat' dir='ltr'><strong> </strong></span> 
     </span>
    </p>
   </div>
  </div>
 </body>
</html>
