3802 6030
136 189 196 252 263
629 191 720 253 VEN.
744 189 980 253 attentissimi
1001 190 1203 255 GNNOMAN.
1229 193 1350 256 Epist.
1786 203 1847 262 tet

137 341 210 394 rem,
227 323 387 382 addidici
408 322 496 381 etiam
517 339 607 396 super
624 340 733 383 oceano
758 325 963 399 proclamaret,
978 330 1005 399 Α
1020 340 1086 383 rum
1102 325 1243 401 sutfragia
1257 326 1420 386 convolare.
1436 328 1512 387 m
1531 328 1602 387 liiiio
1626 334 1669 388 est
1690 333 1768 405 quod
1793 350 1848 409 ego

138 414 238 472 dicens
251 431 258 470 ι
271 413 635 488 Suggestioneetconsiiio
647 415 752 486 ipsius,
769 416 973 472 membrorum
1025 432 1083 472 uon
1098 417 1195 474 solum
1212 419 1241 474 ia
1261 419 1487 476 necessitatibus
1507 421 1580 477 meis
1601 422 1638 478 od
1661 438 1710 479 vos
1734 440 1851 483 currere

139 521 171 562 se
183 505 360 562 abscissione
374 504 534 569 minutum,
550 506 636 575 eujus
650 506 789 562 violentia
802 507 974 579 ipsetentus
1024 506 1194 578 compellor,
1210 508 1259 565 sed
1276 510 1365 565 etiam
1382 511 1410 564 iii
1427 526 1558 566 meorum
1574 511 1723 583 angustiis
1740 514 1850 572 arnico·

139 594 194 650 luit
211 600 240 650 et
254 593 412 649 abscissus.
428 591 558 648 Alterum
576 610 695 666 quoque
717 598 892 652 canonicum
903 593 974 650 Her·
1024 611 1102 652 rum.
1117 597 1189 654 Cum
1207 598 1296 672 igitur
1310 599 1347 654 ad
1363 615 1414 655 vos
1423 599 1597 670 liudulphus
1610 605 1780 670 accesserit,
1791 605 1852 661 sci-

138 683 254 739 bertum
270 684 346 737 ΗΔ
361 682 492 750 nomine,
504 681 597 738 simili
612 684 781 756 suspicione
791 684 928 741 Nicotaus
939 684 975 741 d⁰
1024 691 1084 744 tote
1100 687 1128 741 io
1144 703 1178 742 eo
1195 704 1241 742 me
1256 688 1338 744 vobis
1354 688 1444 760 loqui,
1462 705 1513 745 vos
1527 690 1617 746 etiam
1633 693 1756 763 precari,
1773 709 1848 765 qua·

139 770 221 827 illata
242 770 298 826 sibi
325 769 450 840 pulsavit
479 771 594 838 injuria.
629 772 761 829 Pulsanti
792 774 921 847 utrique,
947 788 976 839 ei
1024 768 1497 843 becsineomiuisubveniatic,
1522 779 1647 836 scientes
1668 796 1714 836 me
1737 798 1788 853 pro
1814 799 1847 839 eo

139 860 257 931 utrique
279 858 405 932 pulsato,
421 861 499 916 diem
519 861 586 916 dedi
605 870 831 933 competentem,
851 865 880 919 in
904 880 972 936 quo,
1024 861 1104 936 loqui
1120 865 1252 923 devotius
1268 883 1355 938 quain
1366 883 1417 939 pro
1430 868 1553 940 meipso.
1570 868 1719 934 Ouiavero
1731 887 1787 927 non
1800 878 1847 929 cst

139 949 239 1005 accitis
265 949 410 1020 religiosis
440 954 469 1004 et
490 950 646 1022 capacibus
673 955 816 1024 personis,
839 969 973 1020 causam,
1025 970 1124 1011 meum
1140 971 1191 1012 vos
1205 957 1309 1013 docere
1325 959 1482 1029 quomodo,
1499 958 1541 1016 rel
1558 976 1647 1032 quam
1663 960 1764 1018 devote
1779 979 1848 1018 eum

20 1028 26 1041 ⁸
44 1030 48 1037 “
72 1036 74 1040 ’
137 1038 260 1112 juvante
273 1039 407 1107 Domino,
423 1038 561 1096 canonice
576 1042 775 1099 terminarem.
792 1042 899 1099 Omnes
919 1050 976 1099 sta·
1021 1043 1143 1115 juretis,
1159 1046 1214 1102 boc
1229 1051 1340 1102 tantuin
1350 1047 1431 1103 vobis
1445 1048 1580 1120 significo
1591 1050 1666 1106 banc
1678 1065 1772 1106 meam
1786 1068 1852 1108 esse

31 1158 55 1184 .-
141 1132 204 1185 tuto
225 1127 450 1185 dissiluerunt.
471 1128 580 1185 Omnes
601 1131 655 1186 hoc
683 1133 769 1189 modo
787 1149 872 1190 suam
897 1148 975 1188 exer·
1024 1132 1203 1192 voluntatem
1219 1142 1251 1191 ut
1266 1136 1438 1208 impensiori
1453 1138 1551 1194 studio
1566 1139 1850 1198 eisnbrenirssats·

142 1223 267 1276 suerunt
290 1218 446 1275 actionem.
472 1218 524 1284 Qui
549 1235 601 1290 pro
634 1220 753 1278 Nicolao
775 1227 820 1278 est
847 1221 972 1285 locutus,
1025 1223 1100 1296 gatis
1127 1241 1216 1297 quam
1243 1224 1324 1283 milii.
1348 1226 1498 1299 Quotquot
1521 1230 1663 1286 adversus
1687 1246 1754 1286 eum
1779 1247 1851 1288 coii-

144 1308 218 1365 dixit
242 1306 406 1376 Nicolaum,
435 1309 624 1380 suggestione
652 1315 681 1367 et
710 1310 831 1367 consilio
858 1312 972 1379 decani,
1025 1320 1177 1384 venerunt,
1203 1315 1256 1371 iiiii
1279 1315 1379 1373 saculi
1402 1325 1482 1387 sunl,
1505 1323 1667 1391 quarentes
1697 1319 1723 1376 ei
1750 1321 1849 1392 potius

144 1399 390 1455 demembratum.
416 1397 517 1470 ipsum
546 1404 643 1455 tamen
671 1400 824 1457 Nicolaum
853 1401 975 1457 minime
1024 1402 1243 1462 incommodare
1264 1422 1353 1480 quam
1383 1406 1519 1465 Hcclesiss
1547 1409 1699 1481 provenire
1728 1410 1773 1467 vel
1795 1410 1850 1481 ju·

143 1497 351 1560 suscepturum
371 1486 527 1559 judiciuin.
556 1487 601 1543 Ad
624 1489 685 1544 bac
705 1488 853 1545 decaniis:
873 1510 889 1540 «
910 1489 973 1546 Nou
1024 1495 1120 1551 stitia.

28 1602 31 1607 ·
142 1593 216 1648 mea,
245 1578 352 1649 iuquit,
378 1575 578 1650 suggestione,
601 1591 654 1632 nec
679 1593 744 1634 meo
765 1578 898 1645 oonsilio,
922 1578 973 1634 sed

141 1683 194 1727 neo
219 1667 308 1724 etiam
335 1683 400 1724 inea
424 1665 575 1722 voluntate
591 1672 688 1723 sctum
713 1671 758 1724 est
782 1673 814 1723 ut
837 1667 974 1725 Nicotaus
1254 1639 1293 1712 (b)
1308 1639 1482 1698 EPISTOLA
1502 1641 1546 1698 XL
1561 1641 1617 1717 (3¹)

139 1759 371 1816 abscinderetur.
392 1760 428 1812 Ut
443 1762 541 1812 autem
557 1773 647 1827 super
662 1756 741 1813 illato
767 1757 839 1812 mibi
864 1755 972 1813 scelere
1025 1781 1312 1855 Apugpon0,gu,n11
1335 1801 1474 1841 summum
1494 1786 1652 1858 pontificem
1675 1786 1849 1844 megum

141 1864 294 1922 purgaret·
311 1863 468 1919 1118&quss
484 1855 672 1902 m⁰⁰³if⁸t0ffl
700 1846 907 1913 i⁰fl⁰⁰⁰ssi5⁸fflr
925 1861 973 1902 VO·
1058 1870 1088 1912 te
1102 1861 1223 1919 nemci,
1239 1859 1312 1928 quod
1326 1861 1470 1928 negotium
1493 1862 1530 1914 ite
1542 1859 1670 1930 conjugio
1686 1861 1805 1930 Hisponis
1816 1860 1850 1915 de

138 1942 222 1993 catus
237 1954 254 1993 a
270 1953 333 1993 meo
349 1935 582 2006 archiepiscopo.
598 1940 778 1990 conventum
797 1939 971 2006 presentem
1061 1927 1181 1984 Cretione
1192 1927 1241 1984 iili
1258 1933 1466 2000 trinoctium
1482 1939 1637 2013 cooperte
1659 1935 1806 2012 recusate,
1825 1939 1851 1988 et

137 2026 291 2099 ingressus
306 2042 384 2093 sum,
400 2023 526 2081 libenter
545 2031 739 2080 exsecuturus
763 2023 908 2096 quidquid
924 2039 971 2080 cs·
1060 2000 1227 2055 mmmm
1241 2016 1304 2071 WH‘
1325 2000 1551 2085 ''Piumstdfflii
1574 2019 1619 2058 ⁵¹⁴¹
1644 2012 1849 2060 ⁶⁰70H⁰fl⁰²¹⁶m

138 2117 241 2172 uonioe
257 2115 346 2172 luerit
362 2115 517 2170 adversum
533 2129 579 2169 me
598 2113 777 2184 judicatum.
792 2115 856 2169 sive
874 2114 974 2185 itaque
1059 2076 1182 2142 'mmm’
1197 2070 1329 2143 mmm
1344 2082 1509 2145 ''mmm‘'

137 2203 432 2277 Nicolausjudicium
462 2205 610 2277 suscipere
635 2203 760 2271 dillerst,
777 2219 828 2259 eeu
854 2203 974 2259 omnino
1060 2197 1848 2272 Honoisio,Deigratiarevcrendissimoacsanctissimo

53 2296 56 2301 '
136 2295 280 2364 dimittat,
296 2312 349 2368 ego
362 2302 462 2350 tamen
476 2291 610 2349 Ecclesia
626 2292 885 2366 etsrcbiepiscopo
899 2308 973 2361 meo,
1024 2288 1305 2357 Patrisuo,sauctas
1321 2289 1457 2346 Romana
1472 2289 1849 2363 Haeresiaesummoponti·

138 2408 228 2464 quain
247 2389 415 2444 sanctiones
433 2385 579 2440 canonicis
595 2383 709 2439 dictant
728 2384 816 2440 offero
830 2383 975 2456 purgatio·
1025 2379 1084 2446 ilci,
1098 2383 1296 2436 Hieossserus
1313 2380 1435 2436 humilis
1445 2380 1629 2438 Turonorum
1646 2382 1788 2451 minister,
1803 2381 1845 2437 in·

139 2497 216 2537 uem.
248 2479 299 2534 His
328 2477 427 2545 dictis,
455 2474 530 2531 alter
554 2473 644 2529 simili
668 2472 796 2544 capitulo
826 2473 972 2545 pulsatus,
1025 2477 1113 2544 tegre
1127 2473 1371 2543 perseverantiam
1388 2472 1570 2529 obedientia.

140 2569 231 2626 simili
248 2566 438 2639 responsione
454 2580 539 2620 suum
557 2571 729 2636 persecutus
743 2568 789 2620 est
811 2565 972 2636 negotium.
1060 2563 1182 2617 Litteras
1197 2561 1233 2617 ad
1257 2577 1322 2629 uos,
1342 2562 1513 2618 beatissime
1537 2562 1633 2631 Pater,
1654 2569 1750 2619 vestra
1769 2563 1850 2620 dedit

136 2660 173 2716 Ni
188 2657 309 2732 quidem
333 2656 492 2729 quaesitum
518 2659 562 2710 cst
577 2654 603 2710 si
620 2669 692 2723 quos
716 2659 806 2710 testes
832 2656 973 2710 adversus
1025 2647 1203 2719 sublimitas,
1219 2650 1848 2723 continentesuteausamquaideconjugio

135 2754 287 2807 accusatos
302 2746 437 2802 Nicotaus
452 2745 584 2799 baberet.
612 2747 767 2811 Caeterum,
788 2741 888 2799 nullus
910 2758 972 2798 om·
1025 2737 1156 2810 lingonis
1171 2738 1342 2807 decretione,
1352 2749 1379 2795 et
1392 2740 1513 2814 Agnetis
1525 2742 1622 2797 uxoris
1635 2757 1694 2798 suae
1709 2742 1850 2797 suscitata

134 2839 205 2895 uino
229 2839 365 2892 inventus
388 2840 442 2902 est,
467 2832 566 2889 nullus
592 2832 774 2889 nominatus.
791 2834 974 2905 Quapropter
1025 2825 1263 2899 iuerat,utraque
1274 2837 1354 2900 parte
1364 2839 1521 2887 convocata
1531 2836 1735 2904 satageremus
1749 2831 1847 2887 termi-

132 2927 297 3000 judicatum
314 2930 358 2982 est
378 2926 533 2988 decanum,
552 2923 577 2978 si
601 2939 658 2979 nou
682 2939 735 2995 pro
758 2923 887 2993 Nicoiao‚
908 2921 973 2995 qni.
1026 2932 1103 2971 nure.
1120 2917 1314 2983 Quibuscum
1330 2917 1408 2974 diem
1424 2919 1577 2992 agendiex
1597 2927 1694 2976 vestro
1713 2920 1844 2976 dedisse·

136 3018 263 3074 busdam
279 3015 445 3072 moratoriis
459 3014 556 3068 causis
573 3017 734 3084 quaerente,
748 3011 896 3083 judicium
915 3011 971 3067 dil·
1025 3021 1093 3061 iiius
1100 3014 1254 3079 precepto,
1262 3005 1327 3078 ipsa
1338 3011 1431 3079 ignes
1441 3013 1470 3064 et
1479 3024 1530 3080 pro
1540 3008 1679 3065 brevitate
1689 3009 1840 3082 temporis,

131 3106 221 3177 ferro,
251 3122 303 3177 pro
326 3102 456 3160 Ecclesia
483 3107 582 3157 tameo
607 3117 674 3157 euin
703 3100 808 3157 debere
837 3088 1005 3172 purgarit
1024 3094 1846 3171 etproloooadquemsuosdeducereuoupoteratad·

131 3205 220 3269 atque
235 3195 264 3250 io
280 3194 406 3265 septima
422 3208 511 3248 manu
526 3191 642 3247 ordinis
665 3190 711 3246 sui
727 3192 793 3263 (28),
810 3207 894 3247 suain
915 3193 963 3263 ju·

129 3287 288 3358 rejuraudo
309 3282 455 3340 declarare
477 3281 686 3338 innocentiam.
707 3280 789 3347 Quod
809 3281 898 3337 etita
918 3280 962 3335 la·

128 3379 208 3432 otum
224 3379 277 3431 est.
294 3379 329 3429 et
344 3373 444 3429 codem
466 3385 583 3442 quoque
608 3370 722 3437 judicio
748 3369 906 3426 Herberius
932 3370 961 3426 ia

127 3466 231 3522 ordine
260 3481 314 3520 suo
345 3463 475 3519 similem
505 3458 639 3515 exhibuit
662 3459 877 3530 purgationem.
902 3459 961 3516 iloo

125 3554 235 3612 idcirco
259 3554 353 3623 vobis,
382 3557 465 3607 Pater
488 3553 598 3618 sancte,
628 3547 745 3618 scripsi,
769 3552 916 3620 quatenus
935 3536 961 3605 si

128 3645 196 3717 quis
222 3643 303 3701 aliud
328 3637 478 3698 sanctitati
499 3641 600 3692 restra
626 3637 661 3691 de
687 3637 807 3708 prelato
828 3630 962 3695 retulerit

131 3737 257 3806 negotio,
273 3749 323 3788 vos
338 3731 434 3802 ipsam
454 3726 636 3798 cognoscatis
651 3727 814 3784 veritatem.

342 3834 519 3892 crissoto
535 3833 654 3889 xxxix
677 3834 743 3907 (se).

126 3945 222 4004 Amico
240 3959 288 3998 ruo
311 3941 483 3997 Hildebertus
508 3941 630 4011 impense
653 3940 832 3996 commendat
855 3940 959 3997 Hodoi-

159 4017 245 4087 pbum
270 4015 450 4071 turonensem
474 4013 609 4068 decanum
631 4012 686 4082 130)
718 4014 820 4082 injuste
853 4012 958 4085 oqui·

160 4091 278 4145 bardoni
293 4084 425 4158 irnprobis
439 4095 573 4141 verutum
583 4085 638 4155 (c).

160 4182 222 4237 Usu
249 4177 359 4250 pariter
379 4178 408 4232 et
432 4175 606 4231 necessitate
628 4171 766 4229 docemur
786 4173 822 4228 ad
848 4172 957 4229 amico·

161 4322 218 4398 (28)
243 4325 302 4377 iioc
327 4323 381 4389 est,
398 4335 465 4374 cum
488 4332 538 4373 sex
568 4313 840 4399 omnigexceptioue
864 4314 957 4398 majo·

122 4393 206 4450 ribus
230 4391 416 4466 presbyteris,
440 4405 540 4446 secum
565 4402 629 4457 eius
654 4393 852 4443 innocentiam
873 4403 955 4458 June·

120 4466 247 4536 jurando
274 4463 491 4519 attestantibus.
517 4461 556 4516 De
582 4463 636 4514 boc
665 4459 761 4528 modo,
792 4473 851 4529 quo
884 4458 955 4515 olim

121 4536 328 4593 deficientibus
349 4536 470 4590 testibus
491 4549 522 4589 se
542 4529 707 4603 purgabant
730 4529 872 4597 accusati,
889 4530 953 4586 ride

122 4613 239 4663 ivonem
274 4611 388 4661 carnot.
425 4603 549 4677 epistola
584 4602 649 4670 2116,
681 4601 718 4657 ad
751 4600 953 4658 Hildebertum

121 4680 219 4749 ipsum
235 4683 264 4734 et
279 4678 311 4734 D.
330 4683 371 4732 liu
387 4675 482 4748 Gange
496 4675 525 4729 in
537 4672 632 4729 Gloss.
650 4671 764 4741 Latino,
780 4673 816 4729 ad
830 4679 951 4730 verbum

122 4751 229 4819 Honos,
260 4751 309 4805 ubi
340 4748 465 4821 explicat
496 4745 566 4818 quid
600 4745 639 4799 sit
665 4747 766 4815 jurare
797 4746 826 4799 io
855 4747 952 4814 tertia,

123 4830 241 4896 quarta,
255 4819 391 4892 septimo,
407 4824 435 4874 ct
450 4817 494 4874 vel
509 4816 683 4873 duodecima
701 4832 800 4872 manu.

157 4895 214 4964 (29)
238 4893 316 4948 Nova
339 4908 354 4946 a
373 4890 471 4963 spicil.
494 4898 522 4946 et
546 4887 723 4961 quibusdam
751 4903 823 4943 mss.
839 4888 953 4961 Scripta

123 4967 201 5023 circs
216 4983 263 5020 an.
280 4963 358 5018 iiie.

13 5054 16 5061 ·
40 5046 43 5051 ·
157 5038 210 5109 (301
228 5037 278 5091 Hic
302 5033 484 5106 liudulphus,
509 5032 578 5087 dum
604 5031 727 5086 Romam
753 5029 951 5102 contenderat,

120 5104 952 5169 utdeNicolaicanoniciocrnembrutt'accusatione,coram

121 5197 234 5237 suinnio
270 5182 405 5250 pontiitre
433 5194 463 5232 se
494 5182 641 5248 purgaret.
670 5177 699 5230 iii
730 5175 833 5230 itinere
861 5179 951 5232 truci-

120 5254 208 5309 dstus
217 5253 298 5318 obiit,
315 5269 371 5305 non
383 5250 445 5306 sine
456 5249 624 5321 suspicions
633 5248 773 5303 adversus
785 5245 950 5316 Nicolaum,

118 5333 149 5382 et
164 5328 230 5397 ojus
244 5325 384 5394 asseclas,
399 5323 434 5378 ds
449 5321 514 5393 ejus
539 5321 754 5388 internecioae;
770 5320 806 5374 de
827 5335 885 5391 qua
900 5326 949 5376 ta-

1015 3191 1144 3256 vocatos‚
1160 3188 1189 3240 ct
1204 3185 1329 3242 maxime
1348 3184 1512 3242 Gnidooem
1528 3187 1563 3242 de
1579 3185 1694 3242 Lavelle
1719 3186 1838 3243 tratrem

1015 3290 1102 3331 suum
1117 3290 1184 3330 cum
1196 3273 1300 3332 comite
1314 3291 1449 3346 guerram
1463 3276 1628 3344 bibentem,
1642 3292 1673 3334 ae
1687 3292 1745 3332 non
1755 3293 1841 3350 posse

1014 3363 1052 3419 ud
1069 3379 1187 3419 causam
1203 3363 1302 3420 venire
1316 3364 1479 3436 praetendit.
1496 3368 1638 3422 Preterea
1659 3366 1779 3440 contigit
1800 3371 1841 3433 ut,

1015 3453 1174 3508 antediem
1198 3469 1286 3524 quam
1307 3469 1509 3526 posueramus,
1532 3454 1709 3511 Francorum
1734 3469 1784 3509 rex
1800 3455 1836 3510 ad

1012 3542 1214 3599 coronandum
1230 3542 1324 3598 tilium
1339 3560 1439 3614 suum,
1455 3550 1485 3601 et
1499 3543 1529 3600 in
1546 3561 1642 3618 regem
1667 3545 1839 3616 ungendum

1014 3648 1068 3688 uos
1084 3632 1237 3701 invitaret;
1254 3632 1285 3688 in
1307 3635 1410 3691 eadem
1425 3634 1484 3702 die,
1500 3650 1589 3707 quam
1613 3633 1728 3705 utrique
1753 3633 1843 3690 dede·

1013 3738 1125 3788 ramus,
1142 3722 1240 3794 egredi
1254 3723 1290 3777 de
1306 3730 1407 3779 nostra
1423 3724 1491 3779 sede
1508 3739 1560 3779 nos
1576 3728 1707 3795 tempore
1722 3727 1751 3778 et
1772 3739 1842 3777 con·

1012 3812 1123 3868 ditione
1138 3828 1314 3881 cogeremur.
1335 3813 1421 3869 Porro
1436 3829 1493 3869 noo
1509 3814 1646 3870 exaudire
1668 3828 1778 3885 regem,
1794 3812 1841 3868 cui

1013 3901 1192 3973 postulatum
1204 3903 1384 3957 debebamus
1395 3903 1580 3975 obsequium,
1592 3908 1621 3959 et
1639 3918 1727 3973 quern
1739 3906 1782 3957 vet
1794 3903 1835 3957 sic

1013 3991 1209 4062 mitigandum
1230 3994 1425 4064 speravimus,
1441 3998 1469 4048 et
1488 3993 1518 4046 in
1540 3992 1682 4047 damnum
1705 3991 1837 4047 Ecclesia

1012 4095 1175 4147 cessurum,
1190 4089 1218 4135 et
1234 4080 1263 4135 in
1280 4082 1420 4153 majorem
1436 4081 1577 4137 adversus
1594 4096 1647 4137 nos
1663 4081 1839 4154 indignatio-

1012 4184 1091 4240 nem,
1108 4184 1194 4225 nemo
1208 4178 1251 4225 est
1266 4169 1318 4241 qui
1333 4169 1457 4226 dubitet.
1473 4175 1544 4227 cum
1560 4169 1649 4241 igitur
1670 4175 1698 4227 et
1717 4186 1838 4228 excusa·

1012 4331 1078 4373 meu
1095 4315 1229 4372 convinci
1248 4333 1306 4373 nou
1322 4321 1495 4390 potueruut,
1509 4316 1591 4373 illam
1604 4316 1635 4373 in
1651 4317 1751 4374 obvios
1765 4336 1837 4389 prm·

1013 4389 1116 4456 dones,
1133 4394 1166 4444 ut
1191 4393 1356 4461 potuerunt,
1373 4391 1546 4462 rejicientes.
1563 4389 1618 4456 Qui
1644 4405 1731 4446 casus
1754 4406 1840 4447 occa·

1011 4464 1121 4517 sionem
1135 4461 1260 4531 prebuit
1269 4461 1408 4534 epistolae,
1424 4478 1484 4534 qua
1497 4461 1686 4518 Hildebertus
1710 4463 1838 4518 deterret

1009 4548 1161 4590 summum
1178 4534 1345 4604 pontificem
1360 4535 1397 4591 ab
1413 4532 1660 4607 appellationibus
1674 4533 1710 4589 ad
1724 4534 1836 4590 curiam

1009 4604 1182 4674 Romanam,
1204 4610 1304 4676 utpote
1320 4606 1489 4679 plerumque
1506 4604 1626 4673 tricolis,
1644 4611 1673 4660 ct
1688 4603 1795 4671 solum,
1808 4609 1840 4661 ut

1008 4681 1101 4742 vocat,
1119 4677 1327 4745 remoratoriis,
1344 4677 1456 4732 lucilius
1473 4676 1672 4733 admittendis.

1043 4748 1101 4820 (tlt
1115 4746 1229 4818 Scripta
1250 4766 1326 4804 auno
1354 4750 1432 4805 1120.
1458 4747 1518 4813 Ono
1542 4749 1653 4804 scilicet
1675 4747 1837 4804 ludovicus

1007 4818 1131 4876 Crassus
1148 4818 1239 4874 illlum
1253 4820 1517 4892 Philippuinsuum
1531 4821 1772 4893 primogenitum,
1784 4819 1838 4890 qui

1008 4891 1095 4962 paulo
1112 4896 1177 4962 post
1189 4890 1316 4947 inlausta
1330 4908 1400 4948 casu
1424 4893 1583 4948 exstinctus
1599 4899 1655 4959 est,
1682 4893 1711 4946 iii
1737 4906 1834 4961 rogem

1007 4964 1078 5034 ungi
1090 4962 1207 5017 Hbcmis
1221 4963 1401 5033 procuravit;
1414 4962 1837 5035 quoHildcbertuscumcrste-

1007 5035 1047 5089 ris
1065 5035 1193 5103 pneiatis
1208 5040 1237 5088 et
1252 5038 1330 5106 regui
1346 5037 1515 5106 proceribus
1530 5053 1547 5090 a
1563 5051 1629 5107 rege
1649 5040 1767 5089 vocatus
1778 5037 1833 5087 est.

1008 5105 1095 5161 Porro
1111 5105 1236 5176 deregis
1262 5107 1472 5177 indignatione,
1498 5109 1533 5162 de
1557 5124 1614 5179 qua
1637 5108 1667 5162 ia
1693 5107 1746 5159 hnc
1771 5106 1832 5174 epi·

1006 5177 1083 5303 stilrla
1099 5177 1228 5248 loquitur
1244 5177 1438 5249 Hildebertus,
1452 5184 1589 5251 videque
1603 5181 1633 5235 in
1646 5179 1710 5250 ejus
1722 5178 1777 5232 rita
1788 5192 1836 5231 rc-

1005 5253 1036 5303 tu
1052 5254 1138 5306 iuius.

155 5523 194 5598 (a)
208 5524 229 5596 †
241 5521 307 5580 vid.
323 5518 608 5590 bercariarum.
625 5520 698 5576 tom.
714 5515 766 5588 tii,
774 5530 803 5588 p.
815 5513 879 5588 iis,
887 5514 939 5588 qui
946 5531 1012 5576 eam
1020 5516 1202 5593 deprompsit
1209 5518 1431 5595 episteeottce
1441 5517 1688 5581 mabiblioihsoss
1695 5517 1836 5576 ambros.

155 5596 192 5669 tt)
204 5598 224 5670 ἡ
238 5595 317 5653 Nora
331 5611 347 5651 e
362 5611 418 5652 me.
435 5594 502 5650 Hbc.
520 5596 549 5648 et
564 5589 642 5647 aliis.
