3802 6030
90 171 149 232 tut

773 162 911 227 GESTA.
936 196 975 211 -
995 163 1122 227 NO'I’AE.

1740 168 1800 230 102

91 303 278 361 medietatem,
293 299 434 352 ecelesiam
451 299 485 351 ds
498 298 633 362 Cerglaco,
649 295 768 349 ecclcsiae
780 297 813 348 de
824 297 919 349 Colone
932 302 958 370 Α
972 312 1032 349 eum
1046 299 1140 351 titulae
1155 299 1302 349 sanctitatis
1317 297 1441 350 Ecclesia
1460 303 1487 350 ct
1513 299 1681 364 antiquitatis
1703 302 1801 352 exteris

90 377 267 426 medietatem
310 371 432 422 ecclesie
473 373 506 422 ds
547 371 697 421 dlonlroldot
738 370 920 429 medietatem,

88 446 216 499 ecclcsiae
251 447 284 495 de
318 444 471 509 Navigantn
508 441 690 500 medietatem,
723 440 844 491 ecelesiae
891 443 923 491 de

88 522 216 572 trescase
241 516 425 577 medietatem,
451 518 477 566 in
500 515 627 580 parochia
656 517 689 565 de
715 514 795 563 Brenn
818 519 923 565 tuntum

87 597 320 656 terrmqnautum
334 590 389 640 duo
406 591 493 639 borea
518 603 594 638 arare
622 592 745 650 possunt.
771 586 853 637 Erant
876 600 925 636 au-

89 676 144 716 tem
165 665 194 712 iu
229 664 289 727 ipsa
321 661 453 726 parochie
485 662 609 723 «pandam
637 657 695 709 elias
728 659 856 719 ecclesie,
890 658 923 707 de

91 736 196 802 quibus
219 747 277 784 non
301 737 408 797 poterat
432 746 477 782 ees
506 744 539 782 ex
577 733 683 795 integro
714 728 742 778 in
775 729 924 779 dominium

90 808 189 859 neutris
209 805 329 857 ecclesiae
352 818 487 855 revocare.
511 805 610 854 Statuit
629 807 658 853 ut
682 800 746 852 iude
766 803 846 851 anuis
867 803 924 850 ein-

88 878 163 947 gnlie
195 893 294 929 census
318 876 417 928 nostrie
444 875 603 927 redderetur
630 873 778 930 canonicis,
820 871 924 923 scilicet

89 954 124 1003 de
140 950 259 1002 ecclesie
272 950 398 999 Andoeni
420 962 437 996 v
460 949 519 1004 eol..
536 948 569 998 de
594 948 706 999 ecelesia
723 948 756 996 de
772 945 883 996 Aesioco
908 957 924 994 r

91 1024 154 1080 sol„
186 1023 222 1072 de
246 1022 358 1073 ecclesia
374 1020 464 1071 Sancti
480 1019 596 1069 anlocii
625 1034 641 1068 v
665 1019 713 1069 eol.
737 1018 777 1066 Ad
803 1030 923 1067 mensam

94 1110 173 1145 enam
190 1094 333 1145 ecclesiam
349 1093 440 1143 Sancti
467 1092 599 1142 Simeonis
626 1091 659 1140 de
683 1092 798 1147 Petreio,
829 1095 855 1138 el
883 1103 923 1139 ec-

93 1167 206 1216 clesiam
235 1165 269 1214 de
298 1162 427 1225 Celsiano,
456 1177 516 1228 que
544 1165 609 1213 stant
637 1163 776 1225 epiiscopii,
803 1161 923 1210 retinuit.

90 1239 211 1288 Nomina
239 1249 303 1286 vero
332 1235 490 1285 eurumdem
519 1233 769 1285 ecclesiarnmbuic
793 1231 923 1294 optreculn

91 1301 210 1362 inserui,
222 1305 358 1364 quatenus
373 1300 526 1362 quicunque
543 1298 601 1347 haec
624 1298 749 1360 legerint,
775 1292 923 1344 llildcberli

89 1370 165 1434 piam
194 1370 357 1420 memoriam
383 1369 507 1419 devotius
535 1367 663 1416 studeant
695 1366 840 1415 celebrare.
860 1364 924 1414 Ore·

91 1442 193 1492 lorium
222 1440 302 1491 etiam
333 1453 393 1490 cum
422 1438 590 1494 revestiario,
615 1438 647 1487 ed
673 1435 854 1487 tuitionemet
882 1437 925 1484 de.

89 1513 249 1564 tensionem
275 1516 498 1562 ornamentorum
520 1511 672 1561 ecclesias
692 1523 763 1559 noso
793 1509 924 1564 lrrridurit,

91 1592 117 1636 el
132 1585 259 1635 forniceo
276 1598 360 1648 opere
376 1584 524 1647 cooperuit,
548 1596 583 1632 ne
608 1581 731 1646 reliquie
759 1586 926 1639 sanctorum,

975 372 1100 435 gentibus
1112 373 1236 435 cognitus
1251 378 1301 431 eet,
1317 374 1360 422 cui
1375 371 1435 436 ipse
1455 372 1611 436 dignitatem
1637 374 1797 436 contulerat,

976 446 1147 493 commiserat
1171 448 1351 506 praelaturam.
1383 443 1464 495 ltsxlt
1488 445 1619 508 siquidem
1646 460 1704 495 eum
1720 446 1799 495 annis

976 527 1045 577 ιω,
1074 519 1101 563 et
1124 517 1261 565 mensibus
1284 529 1320 574 rr,
1344 514 1387 565 cui
1415 521 1468 567 tam
1494 516 1606 566 betisste
1639 518 1746 581 praefuit
1775 519 1802 566 et

978 587 1102 644 discreta,
1120 590 1149 636 ut
1164 587 1195 636 ad
1212 601 1301 637 arcem
1317 588 1514 639 excellentioris
1537 588 1678 651 dignitatis
1708 586 1801 639 divine

979 657 1161 721 resignatione
1177 663 1272 708 merito
1286 658 1321 709 eit
1336 665 1454 710 vocatus.

1008 729 1045 779 Eo
1078 730 1186 795 quidem
1226 735 1381 795 tempeetala
1422 730 1603 782 Gnillsbertus
1635 730 1801 783 Turonensis

977 802 1203 865 metropolitauus
1237 805 1359 853 moritur.
1397 804 1481 869 Cujus
1518 805 1589 855 sedis
1627 806 1800 855 Hildebertus

977 874 1089 924 sortitus
1106 875 1220 937 apricam,
1246 877 1409 926 concedente
1433 877 1570 928 Ludorico
1597 890 1659 942 rege
1683 876 1800 926 Franco·

979 960 1047 1003 runa,
1066 946 1315 997 Cenonranensibus
1342 953 1370 999 el
1400 950 1602 1001 Turoneneibue
1634 949 1739 999 clericis
1774 952 1801 1000 el

979 1017 1085 1082 populis
1100 1018 1226 1069 devotum
1244 1019 1426 1082 prebentibus
1440 1036 1591 1072 assensum.
1607 1021 1684 1072 Hunc
1710 1024 1802 1072 tamen

979 1105 1029 1140 nco
1049 1092 1138 1141 collati
1165 1092 1378 1151 bonoriselatio,
1399 1109 1546 1160 necopum
1576 1093 1723 1153 affluentia,
1749 1106 1799 1144 nec

979 1164 1095 1212 carnalis
1134 1164 1213 1213 lateus
1247 1168 1391 1226 prostravit
1425 1167 1549 1217 titillatio.
1588 1167 1682 1216 AEtatie
1730 1166 1801 1216 enim

978 1248 1084 1298 sertrper
1115 1237 1214 1298 punior
1238 1240 1265 1285 el
1293 1238 1397 1287 ordinis
1425 1228 1602 1289 conservabat
1630 1236 1800 1301 dignitatem.

978 1298 1095 1347 'l'nmlem
1131 1313 1193 1348 vero
1224 1312 1258 1349 xv
1288 1299 1348 1349 Kal.
1373 1303 1495 1351 tannarii
1521 1303 1546 1352 in
1569 1300 1803 1359 senectutebona,

979 1372 1073 1431 spiritu
1099 1371 1177 1420 laetus
1200 1375 1226 1420 el
1250 1371 1349 1430 nluoar,
1374 1375 1454 1423 astris
1476 1374 1603 1432 animam,
1627 1377 1702 1423 artus
1728 1385 1803 1423 urnae

979 1441 1105 1499 reddidit,
1121 1447 1146 1491 ul
1161 1443 1283 1506 sepultus
1298 1451 1338 1494 est
1351 1446 1464 1496 Turonis
1479 1446 1512 1495 nd
1528 1447 1658 1496 bonorem
1684 1444 1803 1495 nominis
1893 1492 1896 1498 .

980 1513 1024 1563 [lei
1056 1514 1083 1562 in
1113 1514 1206 1564 dextro
1239 1517 1358 1567 memlrro
1383 1518 1502 1568 ecclosias
1539 1516 1630 1568 Sancti
1673 1517 1805 1568 bladricii.

979 1588 1057 1638 Rexit
1070 1603 1177 1652 quoque
1192 1591 1304 1641 feliciter
1330 1592 1451 1642 eamdam
1466 1594 1649 1643 Turoneneem
1661 1591 1806 1642 Ecclesiam

91 1653 698 1719 rellbesaurusecalesienpossetpliquando
722 1652 850 1702 inccndio
879 1666 1005 1734 possvp
1025 1663 1113 1722 ennae,
1145 1665 1171 1711 et
1204 1664 1522 1722 01922511,p,203‚02p152
1550 1664 1605 1714 vita
1638 1663 1697 1729 ejus
1726 1661 1805 1727 quasi

94 1729 193 1793 pulcri,
205 1726 264 1778 sire
276 1726 428 1777 latrocinio.

125 1802 151 1851 Si
167 1798 277 1850 anobis
298 1798 432 1849 Tullianae
455 1803 561 1848 torrens
585 1796 745 1862 eloquentius
771 1796 925 1860 proflueret,

95 1873 137 1922 rix
153 1872 344 1922 ilildebsrtum
360 1871 449 1935 dignis
469 1868 596 1921 laudibus
624 1883 764 1933 possemus
788 1869 925 1926 retollere,

98 1946 159 1997 lieet
174 1950 268 1995 nostru
284 1945 519 1995 commendatione
544 1956 598 1992 uon
623 1946 709 2005 egeat.
740 1941 827 2006 Hujus
855 1942 926 1991 enim

99 2018 167 2068 lama
189 2017 340 2067 subtilitate
371 2014 498 2065 carminis
521 2016 600 2078 louge
629 2014 735 2078 lateque
764 2013 791 2062 in
823 2015 926 2063 tantum

101 2089 217 2139 noscitur
250 2089 416 2146 excrevisse,
454 2091 484 2138 ut
520 2087 547 2136 in
589 2087 719 2136 extremis
752 2086 874 2148 partibus
902 2088 927 2134 et

101 2161 196 2225 ignotis
212 2161 385 2224 frequentior
400 2160 471 2210 servi
488 2157 691 2223 nullumquam
713 2158 823 2220 reginae,
856 2170 927 2221 prta·

105 2233 174 2294 salis,
205 2247 287 2299 quam
317 2232 444 2283 Ecclesia
472 2230 604 2281 habentur
636 2236 663 2281 et
693 2230 791 2294 potior.
820 2228 859 2279 itu
879 2243 927 2293 per

980 1747 1049 1783 exn
1066 1747 1209 1785 annornm.
1236 1735 1319 1800 Crrjus
1343 1736 1441 1786 animm
1469 1738 1587 1788 clemens
1610 1741 1638 1786 et
1651 1734 1804 1786 misericors

980 1805 1111 1857 Dominus
1135 1808 1253 1857 reculam
1278 1814 1305 1858 at
1329 1810 1415 1858 lucem
1443 1809 1544 1860 tribuat
1563 1808 1806 1863 einellne.bman.

1013 1878 1097 1928 Porro
1113 1879 1193 1942 lartius
1216 1881 1381 1945 tertrporibue
1402 1880 1509 1931 ubbutia
1533 1879 1622 1930 Sancti
1646 1878 1752 1945 Georgii
1772 1879 1806 1930 de

981 1951 1064 2000 bosco
1081 1956 1294 2010 restaurataesl,
1319 1965 1380 2016 quae
1410 1952 1559 2016 antiquitus
1583 1952 1721 2003 destructa
1747 1950 1805 2002 lne-

982 2026 1032 2072 ral.
1049 2023 1094 2072 ile
1123 2037 1187 2073 rero
1212 2037 1228 2073 a
1256 2038 1327 2075 novo
1353 2025 1474 2075 fraudatae
1503 2028 1567 2074 stant
1584 2039 1591 2076 ε
1608 2025 1804 2075 monesterium

982 2093 1014 2144 de
1039 2093 1144 2151 Cnrnin,
1169 2099 1195 2144 el
1219 2094 1252 2144 da
1268 2095 1352 2145 Fonte
1371 2094 1462 2145 Sancti
1493 2096 1609 2154 llartiui,
1634 2095 1747 2146 ccclesia
1776 2094 1809 2145 ds
1888 2120 1891 2125 ·

982 2165 1068 2216 Fonte
1084 2164 1203 2225 Gibardi,
1219 2166 1331 2217 ecclesia
1342 2168 1431 2216 Sancti
1446 2166 1553 2217 blertini
1569 2168 1601 2218 de
1613 2168 1735 2230 Lucceio,
1761 2179 1806 2217 cc·

982 2238 1064 2288 ciceia
1075 2238 1179 2289 Sanctae
1195 2237 1285 2289 Mariae
1303 2239 1336 2289 de
1353 2238 1426 2289 Bello
1441 2238 1521 2290 Loco.

547 2559 901 2656 DOCTISSIMI
939 2560 996 2656 D.
1054 2543 1357 2659 LOYAUTE

379 2731 425 2793 IN
447 2727 634 2793 SUPREMA
656 2729 914 2792 ventilabunt
934 2730 1184 2794 alnisiensis
1204 2731 1325 2795 cunia
1347 2729 1526 2794 PATRONI

824 2882 1075 3008 NOTAE

448 3084 484 3149 ln
514 3084 739 3169 precedentis
759 3081 1064 3151 cenomanensium
1093 3083 1324 3170 episcoporum
1344 3084 1454 3153 Gesta.

938 3307 975 3323 Ἀ

141 3476 270 3516 munstero.
286 3488 320 3502 -
335 3459 460 3522 Ouarnois
477 3459 506 3510 ire
521 3458 561 3509 liis
576 3457 649 3510 nolis
676 3456 804 3508 uonrrullo
829 3458 966 3507 occtrrreal
993 3471 1049 3522 que
1068 3456 1106 3507 ad
1124 3458 1213 3510 Vitam
1230 3456 1385 3507 verrerobilis
1400 3458 1548 3509 Hildeberti
1560 3475 1654 3525 purum
1668 3465 1714 3512 aul
1728 3462 1801 3515 at'lril

116 3554 237 3605 conducere
250 3555 402 3611 videantur,
416 3549 490 3600 nitet
504 3552 590 3600 tamen
606 3564 638 3599 ac
652 3546 905 3598 iisendrraltendum
919 3547 1053 3612 ducimus,
1070 3563 1125 3598 curn
1141 3547 1199 3613 ipso
1216 3547 1408 3612 quodammodo
1423 3552 1559 3614 extraneo,
1576 3551 1659 3602 multu
1681 3552 1812 3606 anthenti-

116 3636 1118 3709 recollocentantiquitatismonnmeulu,gamulperfectissimamrerum
1137 3639 1383 3704 antiquorumque
1409 3640 1523 3707 pollebat
1552 3648 1651 3705 auctor,
1682 3646 1806 3698 notitiam

114 3733 221 3799 proluet,
233 3737 270 3787 ite
287 3733 406 3786 studioso
418 3731 508 3784 lectori
515 3745 567 3782 aon
584 3728 716 3782 modicam
731 3737 756 3781 et
767 3730 848 3781 locem
864 3735 889 3778 et
903 3725 1101 3780 oblectationem
1116 3743 1211 3794 parere
1223 3733 1357 3796 poterunt.

141 4097 193 4149 Col.
223 4098 261 4156 to,
287 4095 336 4148 lin.
363 4096 449 4147 89.-
479 4091 681 4145 Cenomanensis
708 4089 828 4141 Ecclesiae
853 4087 1070 4173 sebo-Coenon
1096 4086 1198 4145 munia,
1228 4089 1395 4150 apertissime
1448 4089 1658 4156 planissimeque
1700 4093 1816 4158 explicat

111 4168 197 4219 Iuram
213 4170 346 4233 magister.
373 4165 481 4230 Triplici
511 4162 599 4216 allicio
618 4170 644 4215 et
672 4176 785 4213 munere
811 4161 931 4225 magistri

116 4241 274 4300 scholaram,
289 4254 336 4291 eeu
352 4238 512 4294 cancellarii,
542 4238 587 4301 qui
605 4249 672 4286 sono
699 4240 779 4284 tenus
803 4232 932 4284 didernnt

109 4312 300 4379 tangebantur.
316 4313 454 4363 Docebant
477 4309 549 4360 enim
572 4307 684 4359 clericos
704 4307 831 4365 litteras3
857 4303 932 4354 dele·

110 4388 218 4435 rcbntnr
239 4386 279 4434 sis
311 4390 442 4447 preterea·
482 4382 671 4431 baereticorum
713 4382 739 4428 et
781 4390 931 4427 exeommu-

86 4505 89 4509 Α
110 4458 261 4508 nicemrum
289 4457 463 4520 preconium.
483 4456 520 4504 bc
547 4458 603 4503 turn
629 4452 736 4502 demum
757 4455 931 4500 monumenta

112 4530 301 4593 scripturarum
316 4532 348 4578 ad
371 4541 414 4578 rea
439 4524 565 4576 Ecclesiae
590 4523 783 4589 pertinentium
806 4520 932 4572 couilcie·

110 4600 185 4652 baut.
201 4600 277 4658 Quod
294 4599 401 4649 soboles
415 4597 567 4656 habuerint,
584 4594 666 4659 uulgo
681 4599 775 4644 notum
790 4597 831 4643 est
846 4607 852 4641 ε
870 4592 932 4641 inde

113 4671 346 4736 grammaticorum
376 4683 474 4719 nomen
503 4664 603 4718 alicubi
626 4665 716 4728 adepti
731 4666 803 4714 snut.
819 4662 932 4727 Abjecto

114 4757 175 4794 sero
190 4743 306 4793 docendi
321 4755 412 4799 onere,
437 4740 528 4790 titulos
544 4751 600 4789 non
625 4737 751 4794 exuisse,
766 4735 820 4784 imo
852 4733 933 4783 ecbo-

113 4816 196 4868 lerum
214 4829 307 4867 curam
322 4812 464 4865 retinuisse
492 4825 533 4862 res
561 4811 620 4873 lpse
647 4809 774 4873 loquitur.
805 4807 841 4856 De
869 4820 933 4855 can·

110 4886 218 4939 cellario
244 4886 388 4937 Periclensi
416 4884 498 4934 beben
540 4880 680 4945 epistulam
720 4875 931 4935 Alexandrini,

113 4974 173 5025 que
189 4961 307 5010 eetxrrir
324 4958 457 5007 editarum
473 4959 547 5006 tomo
570 4952 606 5002 tv
632 4951 729 5003 ilistor.
756 4950 852 5000 Frena.
879 4963 933 5013 qua

113 5031 225 5083 mandat
239 5030 318 5082 Petro
344 5026 480 5086 cardinali,
504 5026 661 5090 apiostolice
689 5022 760 5074 sertis
788 5021 885 5083 legato,
904 5024 933 5071 ut

106 5118 162 5169 Jsm
177 5107 364 5153 senescentem
393 5105 418 5149 et
447 5102 650 5149 assuescentem
677 5093 828 5157 reipublice
859 5092 930 5144 litte·

108 5176 187 5227 reriae
202 5174 383 5236 disciplinam,
406 5169 434 5220 in
463 5171 604 5233 pristinum
634 5167 814 5231 splendorem,
840 5163 932 5215 babila

108 5252 200 5298 temen
215 5247 292 5311 prius
308 5243 476 5295 auctoritatis
497 5242 567 5293 Petri
591 5236 744 5291 cancellarii
771 5236 932 5288 Perisiensis

107 5317 224 5379 ratione,
258 5318 378 5373 reducat,
403 5319 432 5365 el
459 5313 605 5364 reformet:
637 5332 650 5357 o
674 5312 762 5374 Super
803 5310 934 5370 regimine

104 5391 263 5443 ecbolerum
296 5386 500 5443 Perisiensium,
534 5389 571 5434 art
602 5381 733 5446 pontilex,
767 5380 840 5444 qttod
886 5380 935 5430 tibi

102 5465 196 5514 visum
211 5461 300 5520 luerit,
316 5461 353 5511 ita
367 5457 438 5525 quod
456 5469 597 5515 perennem
611 5450 748 5517 jamdicti
773 5449 844 5501 Petri
878 5464 934 5501 non

104 5538 220 5589 exudet
243 5533 315 5598 quod
339 5530 438 5581 exinde
460 5529 564 5589 laceris,
584 5526 781 5588 circumspecta
796 5523 936 5583 diligentia

101 5606 258 5676 provideas,
286 5608 366 5670 etque
392 5603 531 5667 dispones.
555 5617 569 5645 s
594 5599 688 5659 Qualia
716 5600 806 5647 autem
833 5593 937 5646 luerint

100 5680 226 5749 magistri
249 5676 405 5730 scholarum
435 5671 563 5725 Ecclesia
591 5668 805 5723 cenomanensis
828 5668 857 5718 ln
885 5668 935 5719 do·

985 4164 1078 4210 auctor
1104 4158 1172 4210 Vitae
1196 4159 1336 4216 Gnidonis,
1361 4160 1408 4226 qui
1423 4167 1485 4226 post
1500 4163 1662 4213 ildebertum
1678 4164 1814 4215 Cenoma·

986 4231 1078 4280 nensis
1102 4229 1152 4279 luit
1175 4232 1317 4294 episcopus
1349 4234 1429 4283 etiam
1460 4234 1613 4283 scholarum
1642 4237 1770 4298 magister
1799 4249 1815 4286 a

987 4322 1000 4348 a
1014 4300 1103 4351 Guido
1121 4300 1250 4352 idciraoa
1272 4303 1395 4354 doctrine
1410 4305 1564 4354 elericorum
1591 4304 1700 4355 nolebat
1727 4306 1814 4355 abell-

986 4386 1059 4434 nerc,
1074 4371 1192 4422 alutnnis
1211 4377 1238 4421 ot
1261 4375 1390 4437 sitlejectie
1412 4377 1538 4439 prodesse
1567 4376 1724 4424 desiderans
1747 4376 1811 4425 duur

986 4450 1099 4509 poterat.
1115 4443 1195 4494 Juxta
1211 4445 1276 4495 illud
1292 4446 1430 4509 Apostoli:
1445 4448 1536 4496 «Dum
1553 4452 1658 4510 tempus
1673 4445 1813 4502 babemus.

987 4534 1001 4561 «
1015 4529 1157 4580 operemur
1169 4516 1269 4568 bonum
1284 4518 1315 4566 ad
1328 4532 1433 4568 omnes.
1450 4538 1462 4563 n
1473 4517 1550 4568 Circa
1564 4518 1684 4568 divinum
1696 4518 1814 4569 cilicium

986 4587 1025 4637 sic
1040 4594 1096 4639 eret
1111 4587 1268 4646 :sollicitae
1290 4589 1361 4653 quod
1384 4603 1498 4652 semper,
1526 4588 1577 4638 uisi
1602 4605 1682 4642 cause
1702 4591 1814 4640 inerite·
1885 4612 1889 4617 ·

984 4660 1046 4710 bilis
1067 4661 1251 4726 praepedisset,
1281 4664 1422 4710 nocturnis
1446 4662 1519 4711 boris
1544 4661 1659 4712 devotae
1694 4665 1812 4721 adesset,

989 4737 1015 4783 et
1030 4733 1144 4783 diurnis.
1168 4732 1288 4783 lulautes
1314 4747 1421 4798 utroque
1445 4748 1504 4783 cum
1529 4734 1695 4798 junioribus,
1721 4734 1815 4799 quiin

991 4805 1073 4854 cboro
1097 4804 1226 4863 serviunt,
1251 4806 1382 4855 docuerat
1421 4805 1499 4856 binos
1535 4812 1561 4856 et
1586 4807 1666 4857 binos
1697 4805 1814 4869 singulis

989 4877 1212 4935 hebdomadibus,
1229 4877 1331 4928 lamed
1357 4882 1504 4928 nocturnae
1532 4892 1612 4943 qnam
1644 4885 1677 4929 ad
1706 4877 1816 4929 missam

989 4953 1160 5017 responsoria
1177 4951 1330 5009 decantare,
1347 4952 1475 5001 canonice
1501 4952 1685 5002 sacerdotibus
1720 4950 1812 5002 minis-

987 5028 1058 5074 trare
1076 5036 1182 5085 semper
1204 5022 1253 5071 snb
1281 5021 1398 5078 silentio,
1420 5022 1535 5072 demisso
1566 5024 1652 5085 vulta,
1683 5022 1814 5077 ordinatis

987 5092 1316 5145 vestibusborieudsmre
1342 5095 1487 5144 ouuunicis.
1512 5093 1563 5144 liae
1590 5109 1687 5159 nempe
1717 5093 1816 5143 divinis

988 5165 1108 5221 canticis,
1147 5170 1174 5215 et
1196 5163 1301 5215 caeteris
1344 5163 1529 5215 ecclesiasticis
1561 5166 1655 5216 ciliciis
1685 5162 1816 5216 attentius

990 5236 1115 5288 erudivit.
1132 5235 1258 5287 Rebelles
1274 5250 1337 5286 vero
1353 5242 1379 5286 et
1394 5238 1559 5301 negligentes
1583 5237 1663 5288 modo
1691 5236 1812 5294 verbere,

991 5308 1232 5359 modoolementia
1258 5307 1424 5367 hortabatur,
1452 5312 1584 5373 quatenus
1605 5310 1683 5360 bonis
1711 5306 1816 5358 artibus

992 5382 1114 5432 animum
1129 5379 1305 5443 applicarent.
1327 5381 1384 5430 Hoc
1412 5381 1482 5429 enim
1505 5380 1633 5446 suijuris
1654 5385 1721 5432 erat.
1747 5378 1815 5429 Nam

992 5458 1174 5516 praecentores
1208 5466 1269 5502 eum
1293 5449 1426 5514 magistris
1456 5450 1610 5502 scholarum
1643 5453 1677 5503 ad
1709 5451 1761 5503 boc
1789 5450 1818 5500 ln

990 5523 1111 5575 Ecclesia
1158 5526 1368 5584 constituuntur,
1413 5536 1467 5586 quo
1513 5537 1607 5574 soriam
1640 5521 1818 5588 dispositione

991 5598 1153 5649 canonicam
1182 5595 1282 5646 ibidem
1309 5599 1494 5658 competenter
1512 5594 1662 5646 celebratur
1685 5594 1818 5651 alliciam,

991 5683 1090 5736 pueros
1114 5672 1263 5736 quoquest
1298 5666 1483 5718 adolescentes
1503 5666 1581 5717 firma
1602 5666 1747 5719 coerceant
1769 5658 1814 5711 di·
