3802 6030
136 246 219 327 'teda

627 256 717 320 vsu.
741 252 979 319 sinousunrr
1007 224 1206 317 curouav.
1231 249 1351 313 uerso.

1776 239 1887 339 m?

176 401 253 455 Dum
267 394 364 462 libret,
379 395 413 450 ut
428 390 593 466 perbibent,
607 390 761 465 naufragio
777 389 875 464 periit.
975 387 1003 460 Α
1053 386 1148 444 Teuta
1162 380 1448 444 siccatosoiiioisndo
1458 378 1518 438 siti.

142 488 220 555 Quos
236 495 264 542 tu
281 502 357 540 nuno
369 484 454 540 sudis
470 484 499 539 in
515 481 631 539 climate
646 481 777 558 quolibet
790 479 870 538 orbis

176 574 276 633 Dulcis
289 573 426 630 amicitiae
441 590 494 645 pur
507 588 646 647 generare
662 569 793 628 novum?

142 664 213 729 Quis
229 664 308 719 tratri
325 664 412 719 irater
425 679 503 718 nunc
518 660 588 717 est?
604 661 724 735 Pylades
739 660 816 733 quod
831 657 948 716 Oresti?

177 756 246 821 Quis
260 753 395 828 cuiquam
411 750 563 809 Theseus?
581 753 670 823 quod,
687 749 823 818 Piritboe,
840 750 913 804 tibi?

141 843 188 903 Nil
204 843 343 900 Telamon
359 842 458 910 voluit,
475 843 531 897 uisi
547 843 624 916 quod
646 857 746 896 seeum
764 840 907 914 Meleager

176 932 254 1001 Quas,
270 932 409 997 Patrocle,
426 932 465 987 tui
482 936 612 1001 mens,et
626 930 746 986 Achillis
760 934 831 985 eret.

142 1023 220 1089 Quos
234 1021 341 1078 etenim
358 1021 482 1077 emissos
496 1037 582 1076 orons
596 1021 621 1076 si
637 1019 771 1074 redderet
785 1017 858 1086 orbi,

178 1111 304 1176 Discors,
320 1117 372 1167 aut
387 1109 488 1166 notius
503 1114 580 1166 esset
595 1109 713 1184 utrique
728 1124 813 1166 suus.

142 1200 286 1260 sirenem
301 1201 364 1257 vite
376 1200 530 1267 Polinioea,
543 1216 599 1253 non
614 1200 667 1254 sibi
677 1199 836 1271 quisquam

178 1293 269 1356 Quem
284 1289 398 1346 Thebas
411 1290 519 1355 mittat,
535 1288 665 1346 Tbideus
681 1285 714 1363 [s.
730 1286 873 1363 Theseus]
895 1286 969 1346 alter

842 1376 906 1447 [erit

142 1469 227 1529 Nunc
243 1484 321 1524 nuno
335 1466 429 1525 estatis
444 1467 499 1522 vivi
516 1466 682 1524 moriuntur
700 1466 824 1538 amicis3

181 1559 346 1616 Doiuocius
361 1556 457 1630 Scipio
472 1556 540 1614 visit
555 1556 651 1613 adbuo
667 1555 755 1617 Lelio.

143 1651 228 1706 'reste
243 1647 320 1720 poto,
337 1645 439 1704 Pollux
455 1647 580 1720 pectitur
594 1645 690 1703 vivere
706 1645 804 1714 iratri;

181 1736 331 1795 Fratribus
346 1753 381 1792 en
398 1735 494 1806 multi,
510 1736 587 1811 quod
604 1735 656 1791 tibi
672 1735 844 1805 bernoinus

26 1818 30 1823 ’
145 1824 277 1884 Flumine
293 1824 449 1882 Pbetoutis
466 1831 651 1882 successerat
663 1826 768 1883 umbra
783 1840 930 1898 sororum3

181 1915 264 1973 Nuuo
280 1915 381 1970 multas
396 1916 518 1970 trstrum
531 1923 624 1970 morte
640 1913 728 1971 larem
743 1919 878 1973 vacuant.

144 2004 296 2061 Placuerat
313 2002 427 2060 Alceste
442 2020 494 2077 pro
510 2003 635 2077 coniuge
650 2003 708 2059 lala
724 2006 842 2072 mereri3

181 2091 285 2150 Plures
301 2107 368 2149 ecee
382 2092 443 2148 uiro
458 2093 535 2168 quod
553 2091 759 2151 clitemnestra
775 2109 840 2149 suo.

33 2190 40 2203 '
147 2182 196 2243 tte
212 2181 275 2240 eine
292 2199 324 2239 se
341 2187 427 2238 uetus
444 2198 523 2238 mure
538 2198 605 2239 eum
623 2186 690 2239 usto
706 2183 787 2239 subii
802 2199 880 2251 uno;

181 2275 266 2327 Nune
281 2271 379 2327 multe
395 2271 471 2326 natis
487 2272 564 2346 quod
581 2274 790 2327 cosmatem...

147 2361 219 2434 Ejus
234 2361 281 2429 qui
300 2365 409 2432 patrem
427 2359 569 2433 permitte
585 2359 714 2433 pericula
728 2359 801 2417 ootlo

181 2449 286 2506 188⁰
302 2449 490 2520 Impositum,
506 2446 562 2505 soll
578 2455 649 2506 tune
666 2455 800 2505 metuens
818 2449 910 2517 oneri,

146 2536 234 2597 btorti
249 2536 390 2593 subduxit
402 2553 409 2601 ;
423 2535 513 2591 simili
524 2536 579 2592 sub
594 2535 680 2592 laude
691 2537 801 2593 subivit

180 2628 292 2681 Lausus
308 2622 341 2701 [s.
357 2623 498 2700 plausus],
514 2641 603 2681 ovans
618 2625 750 2699 gladium
767 2641 819 2699 pro
834 2630 916 2699 patre

709 2716 910 2788 [fulmineum.

146 2801 181 2861 lli
199 2802 343 2859 meruisse
358 2802 429 2860 tueri
446 2819 477 2860 sc
493 2807 574 2877 petre
589 2805 747 2877 superstite
761 2810 909 2879 gaudent3

181 2891 330 2958 Quosdam
346 2909 424 2949 noue
439 2899 509 2949 etas
525 2892 611 2967 longe
626 2899 743 2968 patrum
761 2895 882 2964 cruciat,

146 2981 286 3040 Naturale
301 2998 417 3039 sucrum
433 3000 485 3055 par
498 2984 553 3056 ipsi
569 2985 633 3040 dieo
650 2990 794 3056 parentes,

180 3072 263 3140 Quod
279 3075 385 3131 luerint
401 3077 478 3132 uatis
494 3077 628 3133 materies
644 3075 773 3135 sceleris.

145 3163 221 3221 Certi
234 3169 304 3220 stunt
318 3169 407 3221 testes
422 3164 452 3221 in
467 3182 498 3222 se
512 3164 644 3223 Pburuax
654 3172 681 3223 et
696 3164 811 3224 Orestes
827 3183 834 3235 ;

180 3252 232 3310 Ηίι
248 3255 361 3310 misere
375 3255 461 3311 metri
477 3255 605 3327 lethifer,
622 3256 671 3312 ille
686 3256 772 3329 patri.

145 3342 275 3400 Pectoris
291 3343 413 3399 humani
428 3345 507 3400 trans
524 3346 588 3400 licto
605 3346 766 3401 domestica
780 3345 901 3404 vincens

180 3433 276 3505 Ipsum
291 3440 438 3500 usturam,
453 3433 546 3503 surgit
560 3434 590 3489 in
602 3449 688 3490 omno
702 3434 794 3490 netas.

145 3521 211 3579 lieo
226 3522 324 3595 ignem
341 3523 432 3578 cineri
443 3523 584 3588 subdens,
601 3523 780 3595 aconitaque
793 3523 883 3593 melli,

181 3619 285 3671 Secum
303 3614 389 3670 luxus
405 3615 484 3670 iners
499 3614 606 3677 iaetus.
622 3620 651 3671 ei
663 3613 723 3671 alte
738 3621 867 3674 tumens.

148 3701 203 3760 Pus
214 3703 272 3759 odii
290 3704 368 3760 iuror
382 3704 536 3769 excedens,
546 3703 666 3776 spinosa
676 3703 812 3761 simultas
825 3724 833 3775 ς

184 3792 261 3848 licui
279 3793 333 3848 sibi
350 3792 482 3851 divinum
498 3794 697 3850 subdiderunt
712 3796 862 3853 bominem

148 3880 238 3947 eujus
254 3897 332 3937 nunc
349 3882 547 3950 mentem,die,
561 3899 617 3938 noo
630 3884 713 3953 juvat
727 3885 978 3944 essenoeentemi

182 3968 254 4038 Quis
269 3987 326 4026 non
341 3970 436 4026 volvat
450 3969 537 4027 bomo
553 3971 688 4046 quodque
703 3973 784 4031 netas
799 3973 920 4032 enimet
969 4011 976 4040 ,

148 4058 210 4117 Nou
227 4064 269 4115 tot
284 4076 338 4116 nox
356 4057 513 4125 stellas‚tot
523 4059 610 4118 babet
625 4061 716 4119 maris
728 4062 806 4121 uode
821 4063 962 4134 procellas

184 4147 245 4206 Nou
263 4153 305 4207 tot
319 4165 410 4222 grana
424 4165 517 4221 seges,
532 4149 654 4206 crimino
669 4156 742 4223 quot
757 4152 883 4226 species.

73 4280 77 4287 .
146 4240 240 4296 servit
254 4239 380 4296 uveritie
396 4239 444 4296 sed
458 4239 487 4295 in
504 4238 559 4296 boo
573 4256 632 4297 evo
648 4240 745 4298 scelus
761 4258 868 4313 omne;

182 4329 310 4387 incestet
322 4327 355 4405 [s.
374 4329 502 4399 intestati
522 4329 666 4386 mundum
680 4347 758 4387 nuno
774 4330 877 4388 turicte
892 4330 937 4388 lu·

810 4419 904 4497 [crum

1016 475 1075 534 Hoc
1091 476 1195 532 ardore
1210 475 1307 531 minor
1321 474 1354 529 tlt
1364 472 1488 529 haustus
1502 468 1627 546 quilibet
1642 466 1767 537 humer,
1883 530 1888 561 e

1052 565 1183 623 Nectum
1199 565 1353 622 candentis
1369 563 1400 618 flt
1414 560 1560 619 medicina
1571 559 1648 617 sitis.

1017 656 1072 714 Sed
1089 672 1181 730 genos
1196 655 1251 712 boo
1266 655 1368 727 pestis,
1384 668 1476 709 novus
1490 651 1537 706 bic
1551 650 1639 706 ardor
1653 647 1799 721 sitientis,

1052 746 1165 818 Corpus
1180 745 1280 801 siccati
1298 755 1389 800 morte
1405 747 1487 797 necet
1501 739 1600 796 celeri.

1019 837 1100 895 l'inis
1116 842 1144 892 et
1160 835 1228 891 buic
1242 835 1341 890 morbo
1353 848 1425 888 sirus
1441 829 1532 886 instat
1547 843 1669 899 corpore
1686 830 1787 897 necto,

1054 927 1107 994 Qui
1123 927 1220 981 vivum
1237 922 1346 991 nocuit,
1363 921 1402 977 nit
1416 926 1497 977 nocet
1512 917 1655 975 exanimi.

1018 1015 1053 1074 dt
1068 1015 1168 1070 suavis
1181 1013 1282 1081 menti,
1299 1011 1397 1067 suavis
1412 1011 1459 1066 cui
1476 1008 1594 1082 provide
1608 1006 1704 1074 carni,

1055 1104 1132 1170 Quos
1147 1102 1227 1160 vivos
1243 1105 1344 1170 torret,
1361 1117 1451 1157 suove
1465 1099 1572 1171 oupido
1588 1098 1676 1156 fovet.

1019 1194 1091 1253 Cum
1105 1211 1173 1251 vero
1188 1199 1271 1250 terras
1285 1209 1338 1249 sue
1353 1191 1514 1248 reddiderit
1524 1205 1591 1245 earo
1603 1204 1680 1259 sese,

1054 1283 1127 1342 Ecce
1140 1285 1248 1356 cupido
1263 1281 1325 1355 rogi
1342 1283 1480 1336 materies
1494 1279 1598 1352 Stygii.

1020 1374 1088 1432 Post
1102 1371 1201 1441 tinem,
1227 1373 1291 1429 sine
1314 1371 1371 1429 ilua
1396 1368 1479 1426 dabit
1503 1368 1639 1426 tlemmas
1668 1366 1710 1424 ibi
1731 1367 1844 1424 danum

1625 1455 1660 1526 [l.
1675 1455 1814 1533 drentem]

1055 1553 1151 1629 Hique
1166 1568 1223 1610 uon
1239 1552 1362 1626 [iisque
1374 1548 1443 1627 noo]
1459 1549 1558 1606 animo
1570 1546 1843 1604 sulileieosanima.

1020 1642 1148 1701 candent
1162 1643 1192 1699 in
1204 1641 1322 1714 cupido,
1337 1655 1404 1696 oum
1421 1641 1464 1695 sic
1479 1636 1576 1712 Stygis
1591 1636 1797 1711 escacupid03

1058 1732 1158 1791 Dicam
1171 1730 1212 1788 nil
1229 1730 1277 1788 tali
1294 1729 1403 1788 siculos
1415 1728 1482 1801 igne
1497 1728 1573 1787 sitis.

1023 1820 1046 1878 0
1062 1820 1152 1893 pctuli
1169 1820 1260 1878 rictus
1271 1834 1425 1892 nunquam
1437 1816 1573 1874 satiabile
1587 1818 1769 1883 monstrum,

1058 1912 1177 1982 Semper
1191 1909 1300 1966 hiando
1316 1925 1434 1973 vorans,
1459 1921 1575 1978 semper
1589 1915 1620 1962 ct
1643 1905 1736 1961 addat
1749 1901 1843 1960 bianst

1023 1995 1845 2071 induatbocbsrctbrommundusquodpossidetsurum,

1061 2088 1172 2161 Harpis
1188 2088 1256 2145 talis
1271 2087 1416 2161 ingluvies
1431 2086 1523 2144 sitiet.

1024 2179 1108 2237 Hono
1123 2179 1325 2236 auribibulum
1336 2176 1472 2234 Pactolus
1482 2181 1511 2232 et
1525 2174 1651 2232 Hermus
1664 2173 1817 2241 inundent,

1062 2273 1241 2330 incandescit
1257 2272 1342 2347 aquis
1353 2268 1495 2328 Tantalus
1509 2269 1539 2325 in
1557 2267 1674 2325 mediis.

1024 2361 1168 2419 Exstinxti
1180 2362 1315 2418 flanimea
1330 2360 1435 2416 ardens
1453 2357 1617 2425 Veseuvus,
1635 2360 1668 2412 ut
1683 2355 1777 2424 siunt,

1061 2450 1213 2525 llxstingui
1224 2451 1319 2508 nescit
1332 2449 1412 2523 ignis
1426 2446 1562 2504 avaritie.

1024 2542 1136 2599 Aurum
1152 2558 1216 2617 qus
1228 2542 1324 2614 tangit
1338 2539 1424 2596 iacies
1441 2538 1519 2594 nuda
1536 2535 1604 2593 talis
1620 2535 1731 2609 egebit,

1063 2625 1848 2705 Noumiousbocqoodhabst‚quemquodbaberecupit.

1024 2722 1077 2778 sed
1094 2735 1180 2792 (quem
1197 2725 1257 2774 tam
1276 2719 1362 2789 piooo
1378 2715 1528 2790 pertundit
1542 2719 1629 2788 copia
1646 2731 1750 2782 cornu,

1061 2810 1101 2867 Ts
1120 2810 1229 2864 nudum
1247 2809 1316 2864 tritu
1332 2822 1417 2880 posce
1434 2811 1510 2878 tegat
1525 2807 1636 2861 tonica.

1027 2899 1102 2956 Heio
1115 2897 1238 2970 supplex
1249 2899 1330 2969 justa
1345 2912 1403 2968 qus
1416 2894 1543 2951 trrotiires
1557 2909 1642 2967 praee
1657 2909 1742 2966 saxo,

1062 2989 1101 3047 Oe
1117 2988 1213 3060 reples
1228 2987 1307 3043 sicca
1324 2987 1384 3041 isos
1400 2985 1460 3056 lupi
1476 2983 1573 3040 citius.

1027 3077 1075 3136 sto
1091 3079 1182 3134 virtus
1194 3078 1276 3142 abiit,
1291 3082 1384 3132 terrae
1400 3079 1509 3130 Astrea
1523 3071 1654 3148 reliquit,

985 3130 1008 3200 c
1066 3169 1161 3240 Terga
1176 3169 1257 3223 dedit
1269 3166 1373 3239 pietus,
1389 3167 1484 3222 dendo
1498 3162 1595 3220 locum
1611 3161 1729 3220 sceleri.

1029 3257 1095 3323 ius,
1112 3260 1165 3323 tas,
1182 3257 1321 3328 majestas
1336 3253 1554 3329 regni,eurute,
1567 3251 1708 3320 tribunal,

1065 3346 1192 3404 Nummo
1207 3354 1375 3415 cesserunt;
1392 3344 1489 3400 omnia
1500 3342 1581 3400 solus
1594 3343 1661 3400 erit.

1029 3435 1149 3493 Publice
1164 3453 1231 3508 spes
1245 3451 1403 3501 nummus3
1421 3449 1498 3490 nunc
1514 3449 1581 3504 rege
1594 3431 1742 3501 potentior
1754 3429 1807 3488 erit

1064 3524 1183 3582 Extollit
1199 3541 1336 3596 presens,
1353 3522 1450 3594 dejicit
1465 3523 1630 3593 aufugiens.

1027 3614 1170 3674 Nummus
1182 3613 1324 3679 nobilitas,
1341 3627 1481 3668 nummus
1496 3611 1729 3687 sapientiaque
1745 3623 1821 3667 nuuc

1063 3703 1249 3760 Praetendens
1264 3706 1398 3775 superat;
1416 3715 1527 3774 pauper
1539 3699 1640 3772 ibique
1645 3700 1739 3771 jacet.

1028 3792 1083 3860 Oui
1099 3792 1202 3848 llorere
1216 3792 1310 3863 cupis,
1332 3805 1454 3846 nummo
1470 3788 1658 3861 stipamine,
1673 3789 1739 3861 ipse

1063 3883 1104 3939 Te
1119 3882 1300 3949 sublimabit,
1317 3895 1441 3955 queque
1455 3878 1556 3950 cupita
1569 3879 1678 3935 tereus.

1028 3973 1129 4029 ml
1147 3971 1314 4044 Sceptriger
1327 3977 1372 4026 est
1382 3984 1518 4026 crescens
1533 3968 1662 4024 exomni
1679 3966 1805 4024 erimine

1598 4057 1756 4127 [nummus
1769 4077 1777 4129 ;

1064 4151 1295 4214 Omniavirtutis
1306 4151 1422 4224 premia
1436 4150 1518 4207 solus
1534 4150 1632 4208 babet.

1029 4242 1059 4301 st
1071 4249 1175 4316 praeter
1190 4258 1314 4298 numum
1329 4248 1358 4297 te
1373 4256 1441 4312 spes
1456 4239 1570 4296 animet
1586 4241 1664 4297 bons
1679 4256 1794 4309 rerum,

1064 4337 1149 4405 Spem
1164 4347 1277 4387 cassam
1292 4329 1404 4404 pssois;
1422 4330 1487 4401 plus
1502 4337 1531 4386 et
1544 4329 1644 4388 Oreste
1657 4329 1743 4388 iuris.

1028 4421 1059 4480 si
1073 4421 1248 4477 viavirtutis
1264 4420 1389 4491 spondet
1403 4419 1456 4475 tibi
1472 4420 1588 4476 culmen
1604 4417 1738 4488 honoris,

148 4507 214 4566 lime
225 4507 266 4564 ias
282 4511 369 4582 atque
385 4507 468 4565 netes
481 4508 675 4580 contundens,
692 4525 775 4567 secra
791 4509 920 4583 prolenis
987 4503 1012 4570 ll
1062 4508 1212 4566 Pendulus
1223 4509 1252 4564 iu
1269 4507 1374 4564 baculo
1386 4507 1452 4564 tidis
1468 4508 1642 4564 arundineo.

182 4597 285 4653 ldisoct
308 4614 364 4652 non
381 4612 487 4653 curans
504 4598 593 4663 unde,
610 4597 662 4655 sed
683 4603 716 4654 ut
730 4599 835 4673 cupiat.

145 4684 289 4743 Fulminis
305 4686 380 4741 otior
394 4685 472 4758 igne,
489 4702 577 4743 ruens
594 4702 645 4760 per
657 4686 724 4755 tela,
741 4705 792 4761 par
806 4688 901 4762 ignes.

185 4773 279 4830 Omne
294 4774 371 4848 quod
388 4775 589 4831 occurritdira
604 4776 708 4834 Celeuo
718 4778 755 4850 (9)
772 4779 860 4853 rapit.

150 4861 219 4920 Plus
234 4861 398 4932 acquirenti
410 4863 474 4919 sitis
488 4864 627 4921 incendet
641 4866 782 4939 cupienti,

184 4952 318 5024 Hydrops
332 4951 483 5009 exhaustis
499 4958 531 5009 ut
547 4957 642 5027 magis
654 4957 735 5012 urdet
745 4958 842 5032 equis.

149 5039 210 5098 illis
225 5041 363 5113 petendo,
377 5040 443 5099 sitis
458 5041 660 5117 huicigoesoit
674 5044 809 5102 babendo
822 5062 829 5103 ι

182 5131 317 5190 Sanaodo
333 5131 453 5188 morbus
469 5133 571 5189 urescit
587 5133 704 5210 utrique
719 5151 803 5192 sous.

147 5220 273 5280 Turbine
288 5225 348 5277 tum
366 5221 447 5293 piceo
461 5220 592 5277 condens
607 5238 664 5278 non
679 5227 785 5280 estuat
801 5228 893 5285 unda.

183 5312 286 5365 Funrut
298 5307 492 5383 utignstueri
507 5316 620 5381 pectus,
637 5327 734 5381 avare,
749 5317 846 5373 tuum.

149 5397 226 5464 Quos
242 5416 342 5457 morsu
357 5398 436 5455 ledit
450 5397 516 5472 [sic]
531 5398 751 5474 torridadtpsas
765 5403 874 5476 ederit,

188 5573 227 5646 (9)
240 5571 352 5631 Nomen
367 5568 457 5627 unios
473 5565 591 5642 bsrple.

1027 4599 1056 4655 Si
1072 4603 1182 4673 Pegaso
1199 4598 1291 4654 iulius
1307 4601 1424 4654 centum
1443 4598 1611 4670 superando
1621 4597 1782 4669 chimeras,

1063 4689 1096 4745 ln
1112 4692 1240 4745 cinerem
1257 4689 1385 4754 dederis,
1402 4686 1443 4742 ull
1459 4687 1546 4746 modo
1562 4704 1674 4760 peuper
1687 4686 1760 4750 sris.

1026 4779 1117 4845 Quem
1135 4781 1216 4851 prius
1232 4777 1375 4835 illustrem
1392 4776 1438 4834 bis
1453 4793 1504 4834 sex
1518 4777 1611 4834 iecere
1626 4777 1754 4851 labores,

1067 4869 1190 4925 Passum
1209 4866 1289 4923 mille
1301 4869 1421 4940 quidem
1438 4883 1516 4923 nunc
1528 4871 1659 4940 tegerent
1674 4869 1807 4944 inopem.

1026 4959 1131 5015 Omnis
1146 4958 1231 5030 inops
1247 4956 1402 5028 inglorius,
1418 4957 1472 5013 etsi
1485 4957 1606 5031 dignius
1622 4958 1688 5029 ipsa

1062 5047 1193 5104 Praesens
1205 5045 1283 5102 buno
1296 5046 1390 5104 virtus
1406 5044 1540 5102 sublevet
1553 5045 1581 5100 in
1599 5046 1749 5107 munibus.

1027 5136 1120 5194 Piscis
1135 5152 1230 5212 aque,
1247 5135 1304 5191 mel
1320 5134 1367 5207 apl
1382 5134 1514 5202 debetur,
1530 5134 1642 5193 vitibus
1658 5153 1726 5208 uva,

1063 5227 1173 5284 Caseus
1187 5230 1215 5282 et
1230 5225 1315 5294 lueti;
1329 5223 1431 5299 gloria,
1447 5239 1575 5294 numme,
1595 5225 1658 5282 tibi.

1027 5316 1147 5385 Umbra,
1160 5315 1250 5387 jubar
1264 5315 1345 5385 solia,
1359 5313 1473 5371 nummi
1485 5314 1585 5384 jubar,
1595 5315 1704 5374 umbra
1718 5317 1852 5378 decorem

1063 5405 1256 5481 decoquitur:
1272 5420 1331 5461 non
1346 5403 1387 5461 sit
1400 5418 1552 5476 nummus,
1562 5410 1592 5460 et
1607 5405 1715 5464 umbra
1731 5408 1821 5482 perit.
