3802 6030
61 244 121 309 981

698 244 790 309 tina
815 248 846 309 S.
872 246 1143 320 mansurnis.

1712 268 1772 330 982

65 383 216 443 dolatione
231 384 397 455 desisteret,
418 384 517 459 aliqua
546 384 757 442 monacharum
779 384 890 456 aderet,
905 385 933 453 A
982 390 1027 446 39.
1054 392 1126 450 Τοιι
1153 395 1217 467 ejus
1240 396 1300 453 rita
1326 396 1504 471 loquebatur
1531 402 1768 468 sanctimoniam,

67 494 133 551 ques
160 476 327 531 divinarum
357 475 490 531 recitaret
520 474 638 532 oracula
661 476 894 547 Scripturarum,

66 584 142 640 quas
157 567 208 622 illa
223 566 387 623 studiosius
402 565 535 633 audiena,
552 565 619 622 aliis
636 568 832 638 persuadebat
861 569 894 621 ut

65 657 210 730 legentem
227 658 380 729 diligenter
393 658 588 726 attenderent,
603 662 632 713 et
647 657 683 712 de
697 656 828 712 interiori
840 656 894 713 ha-

65 747 129 803 bitu
146 749 298 820 specuium
317 746 504 803 consulerent
519 746 692 803 animarum.
709 747 826 811 Quoties
838 748 890 802 ob·

65 855 185 895 scarum
202 837 366 894 offendebat
383 839 490 904 locum,
507 837 707 894 nescientibus
719 838 891 907 exponebat,

66 928 239 1000 increpabat
251 927 442 1000 negligentes.

102 1017 242 1074 saltreia
254 1018 344 1090 igitur
356 1023 416 1073 tam
428 1017 675 1073 beatistransacta
687 1015 890 1090 negotiis,cum

58 1108 125 1183 jam
141 1112 250 1163 catera
264 1107 435 1174 dormirent,
453 1107 519 1180 ipsa
546 1107 731 1180 singularum
746 1105 891 1163 sotulares

63 1196 196 1271 tergebat
211 1201 239 1253 et
256 1197 395 1269 ungebat,
412 1196 584 1269 diligentius
600 1197 718 1252 intuens
729 1212 792 1267 quea
808 1194 890 1251 novis

62 1285 240 1359 indigerent.
260 1285 368 1342 Dehinc
384 1287 539 1342 accedebat
554 1286 591 1342 ad
606 1284 726 1351 lectum,
743 1301 800 1358 quo
814 1283 891 1341 sicut

61 1376 137 1432 nihil
154 1376 308 1443 humilias,
323 1376 362 1432 ita
378 1375 451 1431 nihil
467 1376 566 1433 minus
579 1380 681 1448 aptum
692 1374 889 1448 voluptati.llo

60 1482 181 1539 quoque
194 1472 321 1539 tempore
336 1465 438 1524 lectrix
453 1467 564 1536 aderat,
581 1470 613 1522 ut
627 1466 713 1521 beata
728 1464 887 1522 sanctimo-

61 1555 152 1611 nialis
167 1555 256 1612 etiam
271 1573 287 1612 a
301 1572 406 1612 somno
421 1555 574 1628 evigilans,
597 1554 801 1629 spiritualibus
816 1553 888 1611 deli·

61 1644 115 1701 ciis
131 1645 269 1703 aleretur.
286 1645 316 1701 Si
338 1646 456 1718 quando
481 1645 530 1701 illa
555 1645 664 1713 sileret,
687 1644 806 1718 opinata
821 1646 887 1718 qui·

947 477 1018 535 Tota
1032 480 1183 540 Christum
1212 484 1369 544 redolebat.
1386 486 1493 544 Praeter
1509 491 1610 547 odium
1635 494 1707 552 nihil
1723 497 1768 555 illi

946 585 1012 626 cum
1030 571 1108 629 vitiis
1124 573 1189 630 fuit.
1202 573 1286 630 Zelus
1303 576 1385 649 legis,
1402 582 1431 634 et
1450 579 1530 649 jugis
1549 580 1578 634 in
1594 581 1658 656 lege
1673 587 1768 643 medi·

945 658 1015 714 tatio
1030 662 1172 718 virtutum
1199 664 1360 722 introduxit
1374 674 1559 725 conventum.
1575 670 1616 727 De
1633 673 1677 728 bis
1693 676 1767 734 nihil

945 748 1152 817 sinister,nibil
1171 751 1236 807 felir
1252 761 1373 809 eventus
1388 755 1582 814 imminuit.ln
1595 764 1673 817 omni
1687 768 1766 821 statu

946 853 1050 894 secura
1066 841 1120 895 fuit
1133 842 1210 912 apud
1228 843 1378 899 mutierem
1392 845 1519 915 justitia.
1540 853 1582 904 lla
1599 851 1709 908 nuliam
1727 854 1764 910 de

944 926 1100 998 splendore
1117 930 1268 998 natalium,
1286 931 1397 988 nullam
1411 935 1521 991 fecitde
1535 937 1625 1008 gloria
1637 942 1765 1015 conjugii
1863 948 1866 955 '

946 1017 1134 1076 mentionem.
1152 1020 1238 1093 Regis
1254 1021 1527 1096 amplexus,quibus
1543 1044 1595 1084 nec
1610 1029 1698 1086 etiam
1713 1049 1762 1089 ca·

945 1107 1025 1178 ptlva
1040 1117 1125 1180 capta
1149 1114 1205 1176 est,
1220 1108 1367 1167 admissos
1384 1113 1480 1184 potius
1504 1115 1597 1173 doluit
1612 1135 1702 1189 quam
1718 1120 1764 1178 di·
1871 1112 1875 1119 ’

946 1197 1061 1253 missos.
1075 1193 1134 1254 Hos
1149 1199 1470 1273 experta,dispendium
1487 1204 1606 1275 pudoris
1622 1225 1765 1284 preroga-

942 1285 1001 1341 tiva
1024 1286 1169 1361 supplcvit
1199 1290 1381 1346 meritorum.
1409 1292 1536 1350 attende
1556 1310 1666 1364 mores,
1681 1303 1766 1356 aotus

942 1376 1105 1445 considera,
1119 1378 1222 1452 jugem
1238 1379 1349 1452 inspice
1365 1381 1703 1454 penitentiamfatcaris
1714 1403 1767 1445 ne·

942 1481 1023 1524 cessa
1037 1467 1149 1524 nullam
1164 1467 1380 1526 sanctimoniali
1396 1471 1523 1528 defuisse
1538 1471 1687 1532 virtutem.
1703 1476 1767 1535 Nisi

941 1557 1019 1613 enim
1037 1555 1062 1612 ai
1078 1562 1155 1613 esset
1169 1558 1336 1630 prudentia,
1352 1575 1405 1615 neo
1433 1560 1575 1620 salutaria
1590 1565 1695 1634 noxiis,
1712 1583 1765 1625 nee

941 1646 1088 1718 fugiendis
1103 1649 1266 1720 appetenda
1277 1649 1462 1720 pretulisset.
1474 1649 1657 1710 fortitudine
1667 1659 1764 1714 autem

60 1751 161 1792 escere
190 1735 356 1808 fatigatam,
372 1751 405 1791 ac
435 1736 574 1804 dormire,
600 1737 702 1792 statim
728 1735 884 1791 audiebat:
903 1740 1029 1821 Batque
1043 1736 1237 1807 temperantia
1265 1753 1384 1810 semper
1402 1738 1458 1795 sibi
1474 1745 1614 1799 constans
1629 1743 1707 1801 facta
1721 1749 1766 1802 est

61 1847 77 1876 a
92 1825 166 1891 Quid
184 1824 286 1881 taces?
303 1825 384 1898 Lege,
413 1842 570 1881 necesses.
588 1847 602 1876 n
620 1829 772 1894 Praeterea,
788 1841 824 1880 ne
839 1841 887 1880 cur

58 1915 125 1986 ejus
152 1914 290 1987 vigilasse
319 1915 479 1980 dubitetur,
509 1932 576 1971 cum
608 1915 741 1970 membra
771 1912 886 1970 modico

942 1830 971 1880 et
985 1841 1007 1879 e
1032 1824 1117 1882 uelis.

977 1841 1054 1971 038
1070 1915 1114 1970 lo.
1140 1917 1220 1971 inter
1234 1914 1293 1972 bec
1305 1932 1372 1974 vero
1390 1918 1588 1993 principatum
1604 1925 1763 1997 quemdam

58 2020 166 2076 sopore
181 2004 377 2076 quiescerent,
394 2004 523 2077 psalmos
549 2004 638 2060 etiam
654 2004 802 2060 dormiens
817 2020 885 2059 can·
920 2004 1070 2064 ,obtinuit
1082 2008 1197 2060 servata
1213 2006 1352 2078 usquein
1369 2007 1456 2064 tinem
1472 2009 1766 2071 humilitasllumili-

58 2092 179 2161 titubat,
196 2094 310 2148 dictura
338 2093 479 2148 veraciter
494 2109 559 2149 cum
577 2091 885 2166 ProphetataMcdi·
941 2097 1031 2150 tatem
1060 2110 1176 2168 quoque
1191 2110 1278 2151 nemo
1294 2100 1373 2167 patet
1388 2099 1507 2170 pauperi
1533 2099 1672 2169 defuisse,
1696 2120 1760 2175 qua
1845 2128 1849 2133 ·

62 2182 134 2238 tatio
157 2182 254 2238 cordis
271 2181 326 2238 mei
352 2182 381 2237 in
403 2187 560 2255 conspectu
586 2187 636 2239 tuo
660 2198 776 2257 semper
800 2182 885 2254 (Prot.
940 2187 1057 2256 secptra
1082 2187 1186 2240 tenens
1202 2183 1368 2254 superbiam
1397 2185 1552 2257 ignoravit.
1568 2189 1596 2244 Si
1617 2190 1654 2247 de
1669 2191 1762 2249 absti-

60 2289 144 2341 Μ,
160 2272 212 2343 15),
232 2294 243 2322 ,
906 2306 912 2311 -
941 2273 1040 2329 nentia
1051 2273 1302 2345 queritur,pauca
1312 2273 1435 2332 indulsit
1450 2281 1573 2346 natura,
1585 2277 1668 2337 nulla
1677 2279 1762 2352 gule.

66 2386 69 2391 ·
97 2362 144 2419 37.
161 2362 305 2436 Surgebat
320 2369 415 2419 autem
445 2363 541 2418 media
558 2368 651 2432 nocte,
671 2364 748 2421 9⁰2
763 2369 792 2421 et
817 2381 888 2437 quo-
940 2362 1031 2419 Nemo
1047 2361 1097 2418 illa
1113 2363 1378 2437 mansuetaeque
1394 2366 1505 2438 regina,
1517 2375 1545 2423 et
1559 2369 1679 2440 offensa,
1695 2370 1764 2428 nul-

59 2467 159 2524 usqua
174 2451 355 2524 congregatio
372 2453 886 2528 monasteriumadiret,inlacrymis
940 2451 998 2509 lam
1015 2452 1149 2525 quesivit
1163 2451 1316 2509 ulliffllflffl·
1330 2454 1361 2509 1¹¹
1390 2454 1469 2511 ⁰1nni
1499 2458 1612 2515 ⁸⁰¹i⁰sse
1632 2461 1761 2517 flittfb⁰

60 2546 91 2597 et
106 2542 218 2612 gemitu
233 2541 356 2614 psalmis
373 2544 488 2598 instans
503 2549 531 2599 et
547 2543 797 2616 contemplationi.
814 2546 885 2601 Con·
941 2545 1061 2601 modum
1076 2543 1251 2599 discretione
1261 2544 1369 2615 posuit,
1386 2546 1507 2601 attendit
1518 2552 1762 2621 tempora,rerum

59 2631 216 2703 temptatio
243 2631 351 2704 quippe
376 2632 418 2687 sic
447 2633 511 2703 ejus
552 2633 682 2689 animum
717 2635 884 2704 vindicavit,
940 2631 1533 2707 terminoscbservavit.lnsuisquidem
1555 2641 1665 2709 gratias
1692 2638 1762 2713 egit,

62 2721 577 2794 ut,licetabsenscorpora,spiritu
606 2724 884 2782 tamenillamtan·
941 2721 1063 2779 alterius
1088 2737 1154 2777 vero
1170 2721 1248 2776 flevit
1263 2719 1392 2793 injuriis.
1409 2722 1498 2790 Lessa,
1530 2725 1693 2798 promptior
1709 2727 1764 2786 fuit

61 2815 125 2867 tum
142 2811 286 2866 civitatem
314 2811 521 2883 frequentaret,
551 2814 635 2881 cuius
660 2812 761 2886 plateae
781 2819 886 2871 sonant
940 2813 1043 2868 offerre
1060 2811 1184 2879 reniam,
1200 2826 1288 2882 quam
1305 2813 1355 2884 qui
1370 2811 1503 2880 tanseat,
1516 2814 1763 2886 postularalrasoi

60 2901 165 2956 laudes
175 2901 211 2955 de
224 2901 269 2956 die
283 2901 311 2957 in
324 2903 411 2957 diem.
424 2901 706 2959 Totuilliusdeliciis
718 2904 885 2976 tenebatur,
940 2903 1086 2960 Christum
1103 2901 1212 2967 timuit,
1223 2902 1248 2957 si
1265 2903 1338 2958 irata
1347 2903 1438 2959 solem
1450 2904 1559 2960 videret
1570 2907 1763 2965 occidentem.

60 3006 115 3047 nec
131 2991 211 3046 aliud
228 3007 278 3046 cor
307 2998 439 3047 eructare
467 2997 590 3065 poterat,
607 3010 695 3060 quam
721 2992 884 3050 coelestium
939 2992 1012 3046 Ante
1027 2989 1108 3045 illam
1125 3006 1210 3045 nemo
1222 2989 1304 3046 alteri
1320 2991 1440 3063 impune
1467 2991 1599 3049 detraxit.
1625 2996 1763 3054 Deficiam

60 3086 173 3153 nectar,
189 3088 217 3137 et
231 3082 354 3153 gratiam
369 3082 555 3155 gaudiorum.
571 3083 661 3152 Unde,
673 3101 740 3140 cum
756 3086 884 3156 quadarn
902 3110 926 3176 C
942 3095 1060 3136 necesse
1073 3083 1127 3145 est,
1144 3079 1168 3133 si
1184 3078 1317 3150 singulas
1332 3081 1395 3148 eius
1408 3080 1532 3137 virtutes
1543 3082 1687 3154 explicare
1698 3090 1762 3143 ten·

61 3172 109 3228 die
136 3177 359 3244 pretereuntem
386 3176 469 3244 juxta
484 3191 515 3230 se
531 3174 715 3246 posticariam
733 3176 886 3234 nominare
941 3176 1047 3228 tavero.
1064 3168 1188 3225 Recluso
1202 3173 1247 3224 ost
1262 3168 1323 3225 haec
1337 3170 1367 3224 in
1384 3169 1499 3240 cellule,
1516 3171 1608 3228 donec
1621 3178 1680 3229 Deo
1696 3175 1761 3247 spi·

60 3261 160 3333 vellet,
176 3268 205 3319 et
216 3263 241 3318 ei
258 3263 369 3335 aliquid
385 3265 534 3337 imponere
550 3265 669 3336 negotii,
687 3281 739 3336 pro
754 3266 819 3337 ejus
835 3283 886 3322 no·
940 3262 1028 3318 ritum
1058 3257 1202 3314 redderet.
1218 3256 1355 3330 Corporis
1384 3259 1430 3314 sui
1461 3259 1509 3332 pia
1523 3261 1655 3317 carnifex
1668 3266 1698 3319 et
1713 3279 1763 3321 aa·

64 3353 145 3409 mine
160 3353 282 3425 protulit
302 3352 432 3409 Alleluia.
450 3354 529 3409 ldem
546 3354 653 3425 sapius
670 3355 828 3413 felixerror
844 3356 888 3412 in·
940 3351 1027 3408 crilsx
1043 3347 1096 3404 fuit
1112 3362 1119 3415 ;
1134 3346 1176 3402 ibi
1206 3363 1299 3418 usque
1314 3347 1347 3402 ad
1364 3347 1503 3419 injuriam
1527 3353 1648 3422 nature,
1664 3350 1761 3425 longis

62 3442 165 3500 currit.
196 3442 248 3499 Ubi
273 3450 333 3499 erat
357 3443 512 3500 thesaurus
538 3461 621 3511 suus,
642 3444 683 3500 ibi
711 3449 773 3501 erat
797 3451 890 3503 eteor
939 3433 1304 3508 instensjejuuiis,cilicio
1333 3434 1494 3505 vulnerata,
1512 3436 1632 3494 secretis
1650 3438 1759 3496 afflicta

65 3550 167 3590 nuum.
942 3526 1131 3592 cruciatibus,
1148 3524 1183 3580 ad
1200 3523 1292 3580 Deum
1308 3540 1360 3597 pro
1375 3524 1520 3583 universis
1541 3525 1676 3584 Ecclesiae
1696 3543 1763 3602 gra-

101 3625 146 3680 38,
164 3623 238 3689 Quid
254 3629 353 3681 autem
383 3624 487 3698 loquar
504 3624 540 3680 de
556 3625 671 3696 φθῇς
687 3625 891 3683 sanctimonia.
943 3613 1215 3674 dibusinterocssit.
1233 3613 1302 3685 lljus
1314 3614 1511 3672 sanctissimis
1525 3615 1662 3688 precibus
1676 3618 1766 3677 ertit

65 3715 157 3788 libus,
171 3716 277 3788 quibus
302 3717 382 3772 omni
399 3716 445 3771 die
460 3715 595 3784 visitatis,
612 3715 796 3772 delicatiores
812 3716 892 3774 cibos
944 3706 1027 3775 teris,
1038 3703 1115 3760 inter
1129 3701 1329 3758 discordantes
1356 3702 1514 3775 principes.
1543 3721 1595 3775 pro
1611 3705 1768 3766 ⁰⁰n00tditt

60 3806 166 3878 jejuna
193 3805 381 3878 Radegundis
407 3806 590 3877 preparabat
605 3805 618 3859 ‘t
633 3807 701 3878 lpsa
717 3804 833 3862 nullam
848 3805 893 3862 vel
945 3792 1110 3864 destinatis,
1127 3796 1209 3865 parta
1225 3795 1270 3848 est
1290 3790 1421 3849 ecclesiis
1442 3793 1569 3866 requies,
1596 3810 1652 3866 pax
1665 3794 1767 3869 petria

64 3893 893 3962 infirmitatis‚velserusabhorreusincommadum,lan·
946 3883 1092 3941 milium·

65 3989 191 4058 guentes
208 3985 322 4041 levabat
336 3991 365 4041 et
392 3982 517 4052 lavabat,
542 3984 681 4040 efferabat
696 3987 724 4041 et
739 3984 894 4042 referebat.
1272 3989 1387 4047 CAPUT
1406 3989 1441 4049 V.

66 4079 137 4147 Ipsa
152 4074 194 4129 eis
210 4073 454 4143 sorbiciunculas,
472 4073 536 4145 ipsa
556 4073 741 4130 decoctiones
756 4090 895 4145 procura·
948 4083 1060 4139 Diversa
1074 4080 1211 4136 miracala
1224 4096 1285 4152 que
1300 4079 1369 4136 fleas
1382 4096 1433 4152 per
1451 4079 1674 4139 intercessionem
1686 4084 1771 4157 lajas

66 4161 130 4226 bat,
142 4159 215 4216 nihil
226 4177 327 4215 eorum
341 4164 568 4231 pretermittens
579 4176 643 4231 quas
654 4159 895 4217 decumbentium
1231 4161 1332 4208 retectae
1351 4151 1484 4222 patrarit.

66 4249 204 4308 valetudo
220 4249 409 4324 postulasset.
427 4250 457 4305 ln
475 4248 650 4322 colligendis
667 4266 784 4322 quoque
799 4249 898 4322 hospi·
985 4244 1029 4303 tt.
1045 4245 1168 4300 Tantam
1195 4247 1332 4316 praterea
1347 4259 1363 4298 a
1378 4242 1436 4298 Deo
1463 4248 1619 4299 consecuta
1646 4249 1691 4301 est
1704 4261 1769 4314 gra·

66 4340 149 4396 tibus
165 4357 222 4395 non
248 4339 346 4395 minor
370 4339 524 4406 sedulitas,
547 4356 603 4395 non
630 4338 726 4394 minor
740 4344 769 4395 et
785 4338 897 4395 devotio
950 4334 1032 4400 tiam,
1047 4338 1079 4389 ut
1092 4333 1127 4389 ad
1143 4333 1207 4404 ejus
1222 4348 1328 4389 nomen
1345 4335 1520 4387 sanarentur
1548 4330 1668 4399 infirmi,
1684 4332 1770 4405 quie·

68 4427 136 4484 fnit.
168 4426 205 4482 lis
219 4425 249 4482 in
266 4427 380 4483 Christo
396 4428 542 4497 susceptis
557 4427 622 4499 ipsa
638 4427 725 4499 pedes
740 4425 820 4497 lavit,
834 4425 898 4498 ipsa
951 4427 1064 4479 sacrent
1094 4422 1197 4488 maria,
1225 4421 1284 4476 vita
1312 4420 1458 4476 defunctis
1497 4420 1678 4478 redderetur.
1707 4420 1770 4479 Pis·

69 4516 225 4589 pransuris
240 4533 346 4589 aquum
365 4514 898 4589 porrexitbsniqueipsaministravit
951 4527 1076 4583 rumque
1090 4509 1235 4582 siquidem
1262 4509 1385 4581 contigit
1411 4507 1541 4581 longave
1562 4510 1771 4570 decumbentes

70 4605 173 4664 omnia
196 4606 303 4677 quibus
333 4605 483 4679 hospitum
514 4605 682 4662 necessitati
710 4604 893 4662 subvenitur.
954 4599 1151 4668 incommodo,
1167 4598 1312 4670 susceptis
1326 4600 1391 4669 ejus
1406 4597 1538 4673 eulogiis,
1567 4598 1596 4655 in
1617 4599 1772 4672 pristinam
1864 4646 1868 4657 .

70 4697 192 4764 Quodsi
210 4695 381 4767 contigisset
409 4694 579 4768 religiosam
600 4695 709 4766 suscipi
726 4710 896 4768 personam,
954 4688 1153 4749 convalescere
1167 4689 1333 4745 sanitatem.
1349 4687 1489 4745 Nonnulli
1504 4706 1631 4763 quoque,
1647 4692 1774 4765 gustatis

70 4787 108 4843 de
125 4785 258 4841 moribus
273 4783 412 4852 hominis,
430 4783 465 4840 de
494 4784 654 4854 studio,de
682 4783 896 4842 vitasecretius
951 4781 1090 4837 arborum
1106 4776 1194 4847 foliis,
1223 4777 1381 4849 quibusca
1407 4795 1506 4835 sacres
1536 4795 1642 4837 manus
1672 4782 1772 4839 admo·

70 4874 651 4948 inquirebat;sieumsubarctioribus
680 4874 897 4948 disciplinievi·
952 4871 1229 4939 verat‚quartanes,
1260 4873 1347 4940 atque
1375 4867 1449 4924 aliea
1473 4868 1773 4928 infirmitatesevees-

70 4982 139 5022 vere
163 4964 328 5033 didicisset,
357 4965 489 5034 ejusdem
521 4981 551 5020 se
582 4963 728 5020 subdebat
740 4964 897 5035 institutis,
953 4965 1064 5017 serunt.

71 5055 139 5127 ejus
154 5053 299 5125 exemplis
315 5052 350 5108 ad
367 5054 507 5109 virtutum
520 5053 656 5109 utebatur
672 5054 898 5111 incrementum.
989 5051 1034 5108 42.
1051 5053 1119 5106 Erat
1139 5066 1172 5106 eo
1187 5053 1318 5123 tempore
1334 5057 1467 5107 matrona
1481 5051 1616 5122 quedam
1638 5053 1668 5110 in
1683 5053 1774 5112 Fran·

70 5144 154 5202 infre
168 5144 516 5218 perfectumsecredebat
533 5142 700 5215 profecisse,
717 5143 774 5199 niel
790 5141 818 5198 in
831 5142 900 5199 acti·
955 5141 1011 5210 cia,
1031 5141 1116 5212 cujus
1144 5138 1220 5197 oculi
1243 5138 1382 5196 diuturna
1410 5139 1539 5197 cecitate
1567 5142 1773 5215 caligaverant.

70 5236 130 5293 bus
146 5234 209 5289 suis
224 5239 306 5288 actua
329 5232 458 5288 omnium
488 5233 664 5305 refulgerent
692 5233 898 5305 perfectorum.

70 5329 133 5382 flos
149 5325 214 5395 ejus
230 5338 318 5393 opera
343 5322 548 5392 loquebantur,
565 5323 618 5379 hos
641 5322 706 5396 ipsa
721 5321 828 5378 Christi
842 5321 900 5377 vir·

69 5414 194 5489 ginibus
208 5412 444 5479 commendabat,
462 5413 514 5467 bos
534 5414 711 5484 predicabat
726 5411 897 5470 imitandos.

71 5502 152 5562 Nihil
167 5507 266 5559 umen
282 5500 620 5576 suggerebataliisquod
631 5519 688 5561 non
699 5503 791 5575 magis
801 5518 899 5561 exem-

71 5590 124 5670 plo
139 5592 256 5650 doceret
266 5605 355 5664 quem
370 5591 469 5649 verbo.

955 5231 1031 5298 liar,
1047 5228 1262 5286 auditaaancta
1272 5228 1404 5286 mulieris
1414 5229 1707 5301 opinionePiotavim
1718 5250 1779 5292 ma·

956 5319 1043 5376 nibus
1059 5335 1178 5375 suorum
1195 5318 1319 5374 deducta
1334 5323 1378 5374 est
1393 5317 1701 5393 servulorumliogata
1712 5338 1779 5378 san·

954 5408 1133 5467 etimonialis
1149 5412 1182 5464 ut
1196 5423 1315 5481 signum
1343 5406 1439 5464 crucis
1467 5406 1547 5465 illius
1561 5408 1655 5466 oculis
1670 5409 1775 5484 impri·
1860 5440 1864 5445 ·

955 5505 1057 5568 meret,
1074 5499 1225 5573 indignam
1242 5514 1273 5554 se
1282 5497 1480 5571 proclamavit,
1494 5500 1580 5570 eujus
1595 5503 1689 5556 tectus
1699 5514 1773 5556 mor·

956 5591 1060 5650 borum
1075 5588 1203 5648 remedia
1218 5592 1414 5664 sperarentur.
1431 5586 1561 5648 'faudem
1576 5586 1776 5648 exandiantur
1874 5635 1878 5643 .
