3802 6030
95 230 171 294 {tat

623 214 802 277 utstout
825 207 1072 272 ltDDONENSIS
1094 203 1269 267 EPlSCDPl

1747 192 1818 251 l'lii

91 366 228 434 Languor
243 355 391 422 amabilis,
408 350 638 410 immedicabilis
651 367 715 405 csse
733 349 856 404 videtur.
935 342 1028 421 Acci
1045 341 1150 397 mundi
1165 337 1259 394 mules
1274 333 1362 392 servit
1376 333 1472 391 Patris
1487 331 1580 388 unica
1596 328 1720 403 proles,

90 453 193 509 Dicere
208 447 324 521 planius
339 450 385 501 est
400 443 610 503 inhonestius:
632 439 708 495 ultro
727 437 845 510 patebit.

90 542 170 600 Ultro
187 539 254 611 quis
274 535 397 592 audiet?
414 533 491 590 ultro
516 529 683 598 subaudiet,
706 528 783 583 ultro
801 526 919 599 patebit.

89 635 187 693 Terra,
204 624 339 698 pecunia,
354 622 472 696 templu,
487 620 595 693 palatia
611 635 715 690 magna
732 621 884 688 parantur,

93 717 198 774 1030
213 714 295 771 Unde
310 713 450 783 superbia
465 711 526 767 sivo
539 711 669 783 patentia
681 705 920 777 magnificantur.

93 806 175 865 Vana
190 803 329 876 superbia
345 801 414 874 quid
432 817 484 872 per
498 799 599 855 inania
613 793 805 852 ludificatur?

93 894 209 951 Lucifer
224 892 338 961 extulit,
357 895 387 947 et
403 890 480 946 Deus
495 887 617 961 expulit,
634 894 658 940 et
674 883 832 941 cruciatur.

94 984 150 1041 Sed
166 982 305 1039 Dominus
316 997 409 1047 meus,
421 980 606 1051 omnipotens
621 978 705 1040 Deus,
717 970 920 1037 omnicreator,

95 1072 307 1145 iusipientibus
323 1074 351 1125 at
366 1067 548 1140 sapientibus
562 1064 726 1124 auxiliator.

97 1164 162 1219 ileo
177 1162 375 1234 piusauferat‚
386 1165 414 1215 et
429 1161 505 1213 bona
521 1156 659 1223 conferat,
672 1159 703 1209 ut
719 1155 887 1209 mereantur

96 1254 227 1318 Quaerere
244 1267 353 1323 pascua
368 1246 542 1320 spiritualia,
559 1262 595 1300 ue
611 1244 782 1299 moriantur.

228 1349 312 1406 XLII.
334 1344 563 1416 VeraarSibyllae
578 1343 610 1399 de
624 1342 667 1397 die
677 1340 791 1411 judieii.

184 1449 216 1519 (li
232 1464 288 1503 ms.
303 1451 332 1501 S.
347 1445 462 1500 Gatian.
479 1444 585 1498 Turon.
603 1441 665 1496 Non
682 1438 817 1508 editum.)

95 1536 205 1595 ludicii
225 1536 354 1609 signum,
372 1533 461 1590 tellus
477 1533 584 1589 sudore
600 1531 760 1594 madescet,

97 1629 119 1684 D
134 1625 205 1684 coelo
222 1642 271 1681 rex
286 1624 429 1689 adveniet,
446 1638 497 1693 per
512 1621 598 1676 secla
614 1619 748 1686 futurus;

96 1714 213 1772 Scilicet
226 1714 257 1768 in
273 1728 390 1768 caruem
408 1725 549 1782 praesens,
565 1712 597 1762 ut
615 1706 725 1776 judicet
739 1704 851 1760 orbam.

99 1804 183 1863 Unde
198 1803 290 1860 Deum
306 1809 423 1857 cernent
438 1796 608 1855 increduius
620 1800 707 1867 atquo
723 1793 817 1848 tldctis

99 1893 211 1950 Celsum
227 1908 294 1948 cum
310 1889 433 1954 sanctis,
450 1889 496 1943 rui
506 1888 570 1958 jam
586 1887 711 1942 termino
726 1882 847 1954 inipso,

100 1983 149 2038 Sic
164 1982 267 2038 aalma
294 1996 361 2035 eum
378 1992 465 2033 carue
481 1977 615 2044 oderunt,
633 1988 706 2045 quus
724 1969 840 2043 judicat
854 1966 926 2039 ipse,

98 2072 170 2128 Cum
181 2072 261 2143 jacet
276 2068 404 2124 incultus
419 2064 520 2122 densis
537 2064 567 2120 in
581 2064 720 2136 vepribus
734 2059 825 2123 orbis,

104 2161 244 2232 Rejieient
257 2159 417 2216 simulacra
440 2155 505 2224 viri,
522 2159 657 2210 cunctam
683 2165 800 2223 quoque
815 2162 925 2219 gazum.

53 2286 57 2293 =
104 2251 212 2308 Dxuret
226 2255 319 2307 terras
335 2248 423 2322 ignis,
439 2250 622 2319 pontumque
637 2243 807 2316 polumque,

106 2339 262 2411 Inquireus
278 2337 346 2394 tetri
363 2347 460 2409 portas
471 2335 624 2407 effringere
639 2331 748 2388 averni.

104 2429 275 2486 Sanctorum
293 2427 343 2484 sed
360 2427 439 2482 euim
455 2430 567 2482 cunctae
590 2422 641 2478 tux
655 2422 748 2477 libera
764 2417 843 2474 carni

104 2517 271 2587 Tradetur3
287 2521 388 2573 sontes
408 2521 572 2584 aeternaque
592 2513 712 2568 [lanima
727 2507 879 2574 cremabit,

103 2606 239 2663 Occultos
255 2612 339 2663 uetus
355 2611 499 2678 retegens.
516 2604 597 2659 'fano
617 2602 743 2672 quisque
759 2601 894 2668 loquetur

105 2697 232 2763 Secreta,
250 2700 339 2767 atque
355 2700 431 2750 Deus
444 2692 586 2748 reserabit
603 2695 719 2762 pectora
734 2688 803 2742 tuci.

104 2785 186 2841 'func
201 2785 256 2840 erit
275 2789 304 2839 et
318 2782 414 2848 lucus,
430 2781 599 2838 stridebunt
618 2779 756 2833 dentibus
776 2790 890 2841 curuos,

104 2872 234 2944 Eripitur
248 2871 319 2928 solis
334 2871 430 2942 jubar,
443 2874 472 2926 et
486 2869 595 2925 chorus
611 2867 710 2922 interit
724 2864 822 2920 astris.

102 2961 236 3017 solvetur
250 2961 367 3027 omium,
383 2959 497 3016 lunaris
513 2957 652 3030 splendor
666 2954 768 3011 obibit.

104 3051 228 3123 Dejiciel
243 3050 343 3119 colles,
359 3048 450 3106 velles
467 3046 586 3104 extollet
599 3047 633 3101 ab
647 3044 717 3100 imo.

101 3140 167 3198 Nou
181 3140 236 3197 erit
250 3139 280 3197 in
297 3139 384 3196 rebus
400 3138 550 3194 hominum
564 3134 693 3191 sublime
712 3131 753 3187 vet
770 3130 881 3198 altum,

102 3230 175 3287 Nam
192 3237 345 3302 aquantur
361 3233 476 3284 montes
494 3224 618 3296 campis,
634 3230 664 3280 st
680 3221 785 3279 cerula
801 3219 881 3293 ponti

102 3319 208 3376 Omnia
226 3318 394 3387 cessabunt,
415 3317 503 3372 tellus
525 3314 675 3370 confractu
692 3310 808 3384 peribit,

22 3418 25 3423 '
103 3408 151 3464 Sic
168 3407 278 3480 pariter
293 3408 399 3473 fontes,
415 3409 572 3471 torrentes,
590 3402 771 3473 fluminaque
793 3398 862 3468 igni.

102 3497 138 3554 Εἰ
151 3498 224 3553 tuba
240 3514 306 3554 cum
325 3497 456 3553 sonitum
474 3495 590 3550 tristem
607 3491 743 3548 demittet
759 3490 795 3545 ab
812 3488 871 3544 ulto

103 3585 189 3654 Orba,
201 3586 448 3657 gemeusfacinus
465 3583 618 3641 miserum,
635 3581 791 3650 variosque
806 3578 933 3644 labores,

102 3673 334 3744 Tartareumque
350 3673 437 3727 cbaos
456 3670 631 3725 monstrubit
648 3674 729 3722 terra
744 3666 898 3720 dehiscens

103 3763 138 3817 tft
151 3777 253 3819 corum
270 3763 324 3819 hoc
343 3762 467 3818 Domino
489 3776 572 3831 reges
588 3759 776 3814 sistenturad
794 3774 897 3812 uuum.

107 3850 226 3907 Decidat
242 3869 257 3908 e
273 3850 344 3906 coelo
359 3850 496 3921 ignisque
513 3853 541 3903 et
558 3845 737 3917 sulphureus
754 3847 861 3902 annuis.

203 3940 298 3998 xcttt.
317 3941 353 3995 De
370 3939 449 4011 lepra
463 3941 489 3993 et
504 3938 686 4008 reparatione
702 3936 833 3992 frorniur's.

302 4029 354 4102 (Ex
370 4029 435 4085 eod.
453 4044 509 4083 ms.
521 4026 584 4083 Nun
602 4027 736 4096 aditum.)

1 4191 2 4196 η
104 4123 244 4195 Serpens,
261 4136 346 4190 uxor,
361 4118 461 4184 homo,
475 4117 658 4188 promittens,
671 4114 789 4169 credula
805 4131 896 4184 pomo.

103 4212 232 4284 Decepit,
253 4210 332 4278 favit,
348 4212 493 4281 precepta
508 4207 556 4262 Dei
572 4205 699 4262 violavit.

105 4301 209 4369 Fraus,
226 4315 316 4367 mors,
333 4298 436 4365 elatus,
453 4312 531 4368 spes,
548 4295 629 4361 civis,
644 4301 768 4365 uterque
783 4297 879 4349 reatus

105 4394 171 4459 lus,
187 4389 289 4455 vitum,
307 4403 416 4459 regem,
433 4391 555 4452 stantes,
573 4383 711 4453 eoelostiu,
727 4385 829 4454 legem,

104 4480 221 4553 Sprevit
237 4483 267 4534 et
281 4476 413 4543 offendit,
431 4473 601 4547 prostravit,
623 4472 825 4543 precipitavit,

106 4568 222 4636 Amisit,
239 4567 345 4639 fregit,
362 4564 432 4620 hinc
448 4581 501 4619 nos
517 4562 573 4618 sibi
589 4561 676 4633 culpa
689 4561 816 4631 subegit.

106 4659 246 4724 Fraudcs,
263 4655 402 4722 invisum,
419 4654 519 4717 vitam,
537 4662 672 4720 mortem,
689 4648 868 4723 paradisum,

108 4746 231 4812 Pressit,
248 4745 365 4817 dejecit,
382 4744 474 4810 dedit,
495 4741 645 4806 exstinxit,
662 4739 809 4812 patefecit.

107 4835 192 4903 Jure,
209 4838 363 4907 potestate,
380 4832 522 4896 moriens,
537 4831 639 4892 victor,
657 4829 774 4900 pictate,

111 4924 184 4997 Lege
200 4924 401 4996 prophetatus,
418 4922 536 4979 tandem
554 4921 589 4976 de
604 4917 723 4990 Virgine
738 4923 836 4985 uatus,

111 5014 279 5079 Extremus,
291 5013 414 5084 primus,
426 5010 650 5076 Deusacbomo,
661 5007 934 5078 summusetimus,

113 5103 225 5172 Infans,
242 5103 287 5158 vir
301 5117 438 5174 magnus,
454 5116 571 5173 parvus,
587 5099 642 5162 leo,
660 5097 766 5153 vermis
782 5102 810 5152 at
830 5114 935 5168 agnus,

111 5197 183 5262 Rea,
199 5190 255 5262 sol,
271 5207 365 5260 mons,
382 5207 448 5263 pax,
462 5190 526 5260 flos,
537 5190 593 5262 lox,
605 5189 673 5258 dux,
690 5187 751 5256 lux,
764 5203 841 5259 spos,
856 5203 934 5255 cusa,

738 5276 825 5348 lions,
846 5276 900 5332 dos

111 5374 237 5442 Regum,
248 5370 383 5442 justitiae,
399 5369 549 5437 virtutem,
569 5384 636 5422 vera
651 5367 758 5435 Maria,

111 5459 230 5517 Ordinis
250 5456 564 5527 contestationibus,
580 5456 671 5525 gratia
690 5456 809 5524 sophiae,

113 5545 184 5602 Vita
199 5553 381 5618 nacturum,
398 5544 568 5618 patriaris,
584 5547 667 5614 porta
683 5544 827 5613 polorum.

977 432 1062 497 Laus,
1074 432 1134 501 jus,
1148 426 1217 493 met,
1232 427 1289 495 far,
1300 439 1477 494 sors,maus,
1492 421 1550 486 sal,
1564 437 1633 485 ros,
1645 435 1733 491 pars,
1746 433 1821 477 mun,

1514 511 1585 582 fuir,
1609 525 1680 573 ars,
1711 521 1792 562 murs

976 611 1094 675 Rerum,
1110 606 1268 673 victorum,
1286 602 1413 675 pietatis,
1429 600 1520 670 clara,
1534 599 1678 671 piorum,

975 701 1081 763 Patris,
1102 692 1239 759 doctoris,
1256 693 1411 758 Gedeonis,
1428 689 1654 760 angelicorum,

975 788 1232 860 belligeratorum,
1248 783 1352 844 vidua,
1369 779 1444 847 cmii,
1462 778 1682 852 reproborum.

978 878 1049 932 tluic
1065 875 1204 946 quoniam
1222 872 1300 928 Deus
1313 875 1368 940 est,
1386 886 1438 925 nos
1455 869 1611 940 plaudere,
1635 864 1767 937 psaltere
1782 861 1820 917 ris

1718 954 1785 1025 [eet.

1133 1053 1233 1108 1le
1252 1049 1347 1106 thV.
1366 1049 1459 1105 Versae
1477 1046 1660 1104 canonistas.

1173 1161 1223 1229 (lfa
1240 1159 1304 1215 eod.
1321 1174 1376 1212 ms.
1393 1156 1455 1212 Nou
1473 1154 1618 1226 editum.)

977 1274 1033 1326 Res
1048 1273 1145 1325 monet
1163 1273 1191 1323 et
1207 1277 1323 1338 tempus
1340 1265 1463 1320 fratrum
1481 1262 1659 1319 describere
1677 1264 1814 1332 questus.

978 1358 1112 1416 ccclesia
1129 1372 1275 1429 proceres,
1292 1353 1399 1427 praesul
1416 1353 1547 1424 clerique
1569 1351 1704 1424 priores,

978 1449 1032 1515 Qui
1049 1447 1151 1519 eapitis
1167 1450 1254 1512 recte,
1272 1443 1322 1516 qui
1337 1443 1430 1498 virere
1447 1441 1534 1496 vultis
1553 1442 1699 1505 honesto,

979 1538 1041 1594 Huc
1055 1536 1154 1593 oeulos
1171 1534 1279 1601 cordia,
1295 1532 1353 1588 huc
1367 1548 1452 1588 acres
1468 1530 1581 1586 flectite
1602 1528 1730 1584 mentis.

981 1626 1086 1681 Audiat
1101 1624 1197 1681 omnis
1214 1623 1312 1689 bomo,
1325 1620 1443 1693 juvenis
1455 1636 1538 1693 puer,
1554 1619 1677 1674 innuba
1692 1617 1781 1690 virgo,

941 1732 965 1797 B
979 1717 1072 1786 Atque
1088 1729 1173 1768 senes
1191 1710 1318 1777 tremuli,
1335 1727 1397 1781 qure
1413 1710 1449 1764 ait
1464 1707 1659 1781 querimonia
1675 1705 1756 1763 cleri.

981 1803 1127 1871 Quidquid
1142 1817 1239 1873 penna
1253 1803 1346 1868 uolut,
1364 1798 1422 1854 veri
1438 1800 1473 1854 de
1490 1797 1616 1853 flumine
1635 1800 1748 1854 rnanat.

981 1893 1033 1956 Qui
1051 1891 1167 1946 dubitat
1186 1906 1300 1955 verum,
1318 1888 1392 1943 sciat
1412 1895 1496 1942 actus
1513 1887 1756 1959 prepositorum.

980 1981 1021 2035 lla·
1038 1982 1131 2035 fructu
1150 1979 1256 2051 poterit
1271 1993 1444 2048 cognoscere
1464 1976 1567 2048 vipera
1583 1975 1659 2047 quid
1678 1976 1729 2030 sit.

981 2073 1060 2126 luter
1075 2069 1246 2141 praepositus
1262 2073 1291 2122 et
1307 2083 1359 2122 nos
1377 2066 1403 2120 lit
1422 2065 1522 2136 regula
1538 2064 1671 2120 discors.

982 2158 1038 2213 fies
1054 2156 1129 2210 mate
1146 2159 1297 2226 pensatur,
1323 2155 1394 2208 dum
1419 2152 1487 2207 lanx
1504 2169 1562 2207 uon
1580 2170 1667 2224 aequa
1689 2155 1807 2209 tenetur.

980 2248 1080 2305 Altera
1099 2245 1273 2319 praepositis,
1290 2249 1334 2300 est
1349 2244 1439 2299 altera
1455 2241 1558 2315 regula
1575 2243 1677 2313 nobis,

981 2339 1033 2395 His
1048 2338 1117 2393 licet
1130 2338 1249 2409 impune
1266 2336 1390 2390 facimus
1402 2334 1603 2407 quodcunque
1619 2339 1752 2406 patrare.

981 2427 1137 2484 Eacoriaut
1150 2440 1225 2494 aras,
1243 2427 1338 2499 placet
1357 2424 1534 2480 exsecranda
1551 2429 1708 2494 potestas;

983 2522 1017 2572 Et
1031 2516 1157 2588 spoliant
1173 2520 1303 2582 sauctus,
1321 2518 1421 2570 mattos
1436 2517 1512 2568 tacet
1527 2512 1632 2567 anania
1649 2517 1764 2567 custos.

983 2606 1012 2662 Si
1030 2604 1134 2660 calices
1151 2606 1295 2676 frangant,
1313 2604 1451 2671 cortinas,
1468 2601 1546 2673 palia
1563 2601 1711 2667 vendant,

983 2694 1046 2751 Non
1063 2695 1168 2750 inutire
1183 2693 1261 2750 licet.
1278 2695 1349 2761 Quis
1362 2694 1482 2749 demens
1498 2691 1571 2747 talia
1585 2690 1688 2764 culpet
1706 2691 1721 2744 f

983 2784 1054 2848 Quis
1070 2787 1190 2839 temeret
1206 2782 1278 2838 tales
1293 2798 1369 2838 nunc
1381 2783 1533 2837 diffamare
1549 2780 1715 2836 tatrones?

985 2875 1039 2939 Oui
1056 2891 1123 2930 reus
1138 2879 1183 2930 est
1199 2873 1281 2941 furti,
1298 2874 1423 2929 donetur
1438 2888 1560 2927 munere
1576 2869 1700 2943 grandi.

984 2964 1025 3019 Ne
1041 2965 1178 3035 reprobes
1196 2965 1317 3032 turtum,
1336 2963 1441 3018 metuis
1457 2962 1481 3016 si
1496 2961 1629 3016 verberis
1640 2961 1750 3016 irtum.

989 3052 1173 3124 Quieulpunt
1191 3054 1280 3121 fures,
1297 3053 1351 3108 bos
1364 3055 1484 3107 darnnat
1500 3050 1604 3122 regula
1619 3050 1743 3105 vindex.

988 3142 1051 3199 Non
1065 3143 1212 3199 modicum
1230 3147 1342 3214 peccat,
1368 3142 1417 3214 qui
1432 3141 1548 3211 publica
1564 3140 1699 3194 crimina
1715 3146 1816 3194 narrat.

988 3232 1081 3289 Omne
1095 3248 1188 3305 genus
1206 3233 1348 3288 scelerum
1365 3231 1532 3303 sinejudice
1548 3230 1627 3285 viret
1642 3229 1786 3284 inultum.

988 3323 1088 3379 Vicere
1108 3323 1152 3377 vis
1167 3323 1248 3376 dives
1260 3320 1274 3376 ‘l
1288 3321 1409 3377 laudare
1426 3323 1572 3375 memento
1590 3317 1740 3374 latrones.

987 3411 1038 3466 Est
1055 3410 1127 3465 mihi
1144 3411 1311 3482 pomerias,
1326 3410 1395 3481 quia
1410 3425 1485 3481 saepc
1502 3408 1651 3479 redarguo
1671 3409 1755 3462 fures

988 3500 1020 3553 lo
1033 3516 1073 3554 re.
1089 3499 1143 3554 Sed
1162 3499 1267 3554 rrrrtins
1284 3497 1348 3554 volo
1365 3499 1456 3553 rivere
1472 3511 1591 3567 serrrper
1606 3513 1737 3568 egenus,

988 3588 1080 3650 Quam
1098 3587 1196 3643 socius
1212 3587 1310 3641 furum
1328 3587 1395 3655 sim,
1413 3602 1513 3641 servus
1529 3584 1718 3640 divitiarum.

988 3676 1104 3746 Optima
1120 3682 1278 3748 pauperius
1292 3693 1379 3747 quum
1397 3675 1470 3731 ditat
1486 3674 1597 3730 mentis
1614 3674 1775 3731 honestas.

987 3764 1050 3821 Non
1065 3765 1135 3821 milri
1152 3770 1222 3820 suut
1238 3782 1326 3838 gaza,
1344 3781 1417 3838 quas
1434 3769 1539 3836 augent
1557 3765 1649 3831 furta,
1667 3764 1792 3835 rapina,

987 3855 1089 3922 Fraus,
1107 3855 1324 3926 praejudicium,
1337 3854 1475 3926 perJuria,
1490 3853 1586 3922 factio,
1606 3852 1741 3908 lucrum.

987 3942 1085 3998 altera
1100 3942 1277 4015 praepositis,
1293 3948 1338 3998 est
1352 3943 1443 3999 altera
1461 3941 1563 4015 regula
1579 3943 1680 3998 nobis.

986 4037 1044 4088 uos
1059 4032 1125 4088 vitis
1143 4034 1280 4104 populus,
1297 4037 1325 4087 et
1339 4051 1395 4088 non
1412 4030 1607 4088 memorabile
1625 4031 1750 4106 vulgus.

986 4121 1162 4176 blerecnaria
1179 4121 1271 4192 plebs,
1288 4122 1333 4176 cui
1349 4121 1444 4176 victus
1459 4127 1521 4176 tota
1536 4120 1686 4190 supellex,

985 4211 1013 4265 Si
1030 4211 1182 4281 querimur
1205 4210 1258 4265 rite
1274 4227 1326 4265 cur
1346 4211 1387 4266 sic
1404 4211 1534 4266 vivamus
1551 4209 1676 4283 inepte:

986 4300 1048 4364 Duo
1066 4301 1141 4355 bona
1159 4304 1257 4355 nostra
1275 4305 1374 4366 ruant,
1390 4316 1442 4354 cur
1457 4316 1512 4354 uon
1525 4301 1710 4357 communia
1728 4301 1827 4357 fiant?

990 4389 1107 4447 Prosilit
1126 4389 1155 4446 in
1174 4389 1269 4445 medio
1284 4389 1369 4446 larva
1387 4390 1528 4446 deformis
1544 4391 1662 4464 imago,

946 4468 970 4533 D
987 4479 1084 4535 Hostis
1100 4477 1274 4548 honestatis,
1287 4479 1439 4534 fraudator
1456 4478 1622 4551 religionis,

992 4571 1065 4624 Fons
1081 4573 1109 4624 et
1123 4569 1205 4640 urigo
1221 4567 1302 4636 mali,
1320 4569 1414 4625 sancti
1430 4569 1554 4624 violator
1569 4570 1665 4642 asyli,

990 4659 1100 4729 Legum
1117 4656 1294 4728 destruetor,
1314 4659 1425 4714 fraudis
1441 4675 1497 4714 nou
1518 4658 1608 4714 fictus
1625 4665 1761 4729 amator,

990 4746 1085 4802 Testis
1101 4745 1249 4816 nequitia,
1262 4745 1309 4802 cui
1321 4751 1390 4802 sunt
1405 4747 1534 4818 perjuria
1547 4763 1643 4815 curre,

990 4836 1044 4900 Qui
1059 4835 1156 4890 subito
1173 4836 1252 4890 mitio
1266 4835 1419 4891 mendacia
1435 4840 1530 4891 ructat
1541 4836 1577 4891 ab
1593 4853 1664 4905 ore,

990 4924 1053 4979 Dux
1069 4922 1293 4993 homicidarum,
1310 4941 1378 4997 spes
1397 4935 1424 4981 ct
1442 4925 1584 4997 protectio
1601 4929 1725 4983 turum.

989 5013 1051 5068 Vos
1066 5012 1141 5069 asini
1160 5012 1258 5070 dulcis
1274 5013 1332 5069 hac
1351 5015 1427 5069 rudit
1443 5013 1558 5070 cantica
1578 5017 1686 5075 nobis.

991 5102 1097 5170 Dicite,
1118 5107 1256 5170 rectores,
1277 5102 1345 5159 cleri
1363 5119 1481 5159 censere
1496 5102 1624 5175 priores.

992 5192 1062 5259 Quis
1073 5192 1152 5247 furor
1165 5190 1211 5246 hic
1226 5192 1343 5249 subitus
1353 5193 1368 5249 f
1379 5193 1448 5258 Quis
1461 5200 1518 5249 tam
1532 5197 1726 5254 temerarius
1740 5213 1828 5254 ausus

990 5287 1051 5338 Hac
1067 5282 1096 5336 in
1110 5281 1194 5353 plebe
1209 5282 1288 5338 venit
1300 5283 1314 5338 f
1326 5286 1462 5349 Quanam
1478 5283 1599 5341 vesania
1614 5289 1745 5360 surgit?

990 5373 1052 5435 Ouo
1068 5369 1192 5441 strepitu
1205 5371 1284 5427 eavit
1296 5373 1311 5428 ‘i
1324 5376 1381 5428 Cur
1395 5373 1438 5429 sio
1450 5373 1610 5429 furibunda
1628 5376 1800 5450 superbit?

990 5458 1053 5514 Non
1070 5457 1235 5529 impunitus
1252 5460 1308 5514 crit
1322 5465 1424 5516 auctor
1440 5462 1607 5519 murmuris
1622 5460 1734 5539 hujus.

991 5547 1074 5601 Vivet
1089 5547 1118 5600 iu
1134 5551 1267 5618 exempto
1285 5549 1386 5606 multis
1402 5566 1453 5622 pro
1470 5549 1597 5608 crimine
1611 5557 1715 5611 tantu.
