3802 6030
147 215 236 296 'troo
688 207 869 272 uaaaoor
893 208 1338 291 caucasustsavtsuoer
1458 219 1463 227 ·
1802 214 1872 278 tvos

156 348 278 406 Frustra
293 361 344 417 spe
360 345 436 417 longi
455 361 511 401 non
528 339 782 416 poucu'superllua
800 346 927 396 servant.
997 343 1020 409 Α
1043 340 1199 399 Vix-bodie
1214 343 1291 415 quod
1309 341 1369 399 beri
1380 349 1493 417 gestum
1510 344 1607 401 lueret
1616 342 1790 404 reminisci.

134 450 137 455 ·
157 440 210 494 Sed
226 437 293 509 quis
309 453 399 490 sunus
415 433 578 506 iterlongos
591 433 714 505 paratad
727 434 811 487 breve
825 426 982 500 sumptus?
1041 428 1126 487 Unde
1142 438 1221 503 patet
1234 447 1290 488 non
1307 433 1680 504 temporibuejuveuumve
1695 450 1845 494 senumve

155 531 199 581 An
218 543 275 581 non
291 525 399 596 desipit
415 526 439 580 is
454 525 505 596 qui
520 541 578 596 quo
596 524 709 578 brevior
724 520 769 576 via
786 525 885 591 restat,
1034 519 1172 576 Stultitie
1188 536 1319 590 causam,
1332 523 1381 578 sed
1398 523 1530 578 moribus
1549 523 1803 595 attribuendam

96 674 99 679 ,
156 603 222 671 Huc=
238 615 302 687 ptus
318 616 463 669 sollicitus
478 614 611 686 grauiora
630 614 735 667 viatica
757 610 856 666 tollit?
1033 608 1153 667 Scilicet
1170 612 1246 667 etati
1262 611 1349 668 luxus
1365 619 1448 668 nocet
1463 610 1618 685 improbus
1634 613 1735 683 omni,

156 703 280 760 Stul:ior
294 704 404 758 estiste
420 705 538 775 quiquo
556 720 613 758 non
630 704 723 757 utitur
743 704 840 772 auget.
1033 698 1064 753 lit
1082 700 1188 755 modus
1212 704 1328 756 aetatem
1356 707 1463 765 servat,
1483 704 1574 771 decet,
1596 701 1724 772 adjuvet
1744 719 1871 762 earnem.

157 792 238 849 Curi
252 794 321 864 quia
336 810 450 864 semper
461 800 534 861 eget.
551 791 668 860 Quare?
682 791 748 858 quio
759 789 851 862 parcit
865 804 979 845 acervo.
1033 785 1127 844 lllutte
1143 804 1231 845 senex
1245 790 1367 845 memini
1381 793 1520 860 juvenem
1537 807 1582 847 uia
1597 794 1709 864 probra
1725 793 1835 852 tulisse

157 886 216 939 Cur
232 881 346 954 porcitl
363 899 397 937 ne
413 883 552 937 deliniant
567 882 623 936 sibi
640 883 804 935 corrrmorto.
820 879 980 944 Qiraenaml
1032 876 1194 936 Verborum
1206 896 1259 937 cur
1274 897 1331 937 ooo
1343 897 1482 954 sequerer
1495 879 1615 939 levitate
1630 897 1751 942 coaevos

159 969 338 1042 Hospitium,
354 978 461 1040 vestes,
478 973 562 1027 cibos
577 978 605 1025 et
615 971 728 1024 diversa
740 971 881 1039 supellex.
1006 968 1010 974 ’
1025 970 1249 1043 'intempestivis
1264 969 1359 1042 epulis
1376 969 1514 1043 ludisque
1528 977 1680 1041 vacantes,

155 1066 209 1116 Ast
226 1062 285 1116 baee
301 1061 437 1117 delicient
452 1061 476 1117 si
492 1061 652 1131 sumpserit
669 1060 745 1115 uode
758 1064 908 1128 parentur,
1031 1059 1102 1113 Cum
1120 1074 1166 1114 me
1180 1057 1312 1114 discendi
1323 1059 1461 1116 retineret
1476 1060 1574 1117 sobrie
1589 1077 1662 1117 cura

157 1148 191 1203 itt
207 1149 405 1223 nedetloiant,
422 1151 476 1206 bac
493 1150 629 1205 dettcient
645 1148 766 1216 ratione,
1031 1144 1160 1210 Quorum
1178 1147 1334 1204 norrnullos
1351 1147 1487 1204 miseram
1514 1150 1601 1206 modo
1616 1150 1695 1207 terre
1703 1160 1867 1212 senectam.

156 1238 237 1316 Quod
256 1256 343 1311 quum
360 1240 398 1293 sit
413 1238 537 1295 stultum
554 1240 651 1293 stultis
665 1241 753 1292 etiam
772 1241 860 1307 patet,
874 1253 944 1309 ergo
1032 1234 1115 1292 Mens
1131 1236 1220 1292 bobes
1240 1244 1269 1293 ct
1283 1253 1392 1310 corpus
1408 1239 1553 1311 privatum
1570 1241 1713 1299 sensibus
1729 1241 1808 1317 ipsis

40 1328 43 1335 '
156 1329 260 1384 Suruat
274 1336 302 1382 ct
317 1329 472 1400 expendat,
492 1334 572 1399 paret
586 1334 615 1382 et
630 1327 737 1398 quibus
752 1327 868 1398 expedit
883 1327 937 1383 uti.
1032 1325 1144 1381 indicat
1158 1326 1276 1397 antiqui
1292 1327 1415 1400 vestigia
1430 1328 1547 1384 sordida
1562 1328 1663 1388 luxus.

154 1416 209 1471 Sed
226 1417 341 1488 gelidos
356 1417 478 1488 sanguis
495 1417 573 1471 serris
589 1416 735 1471 anteriora
750 1419 888 1481 coarctet,
1030 1416 1083 1470 Ast
1096 1431 1149 1487 ego
1161 1432 1240 1472 nuno
1255 1431 1360 1474 suaves
1378 1416 1544 1474 studiorum
1561 1418 1670 1492 colligo
1689 1421 1809 1482 tructus

155 1504 189 1560 Et
202 1505 285 1560 timot
300 1521 453 1577 expensas,
469 1513 498 1561 et
512 1509 586 1579 eget,
601 1522 636 1561 ne
652 1508 744 1578 possit
758 1521 854 1578 egere,
1031 1502 1102 1561 Cum
1119 1504 1194 1577 lego,
1210 1504 1254 1562 vel
1266 1505 1404 1572 meditor,
1415 1506 1459 1562 vel
1470 1506 1612 1578 quidlibet
1628 1510 1704 1568 utile
1719 1512 1831 1583 scribo,

155 1594 230 1665 Ergo
246 1596 411 1666 voluptates
426 1597 521 1652 aufert
534 1597 697 1668 provectior
711 1599 792 1652 retas.
1030 1592 1082 1649 Vel
1095 1594 1168 1650 mibi
1178 1595 1350 1652 commissos
1366 1596 1528 1654 moralibus
1542 1596 1661 1656 instruo
1677 1601 1793 1661 verbis.

155 1684 290 1757 Corporis
305 1691 479 1743 enumerant
494 1703 567 1759 quas
581 1687 656 1744 iuter
669 1688 824 1743 commode
839 1686 935 1754 multi,
1029 1686 1081 1743 llis
1095 1687 1239 1743 exercitiis
1258 1687 1331 1744 mibi
1348 1687 1382 1744 tlt
1393 1689 1527 1760 jucunde
1537 1695 1701 1761 senectus;

154 1773 232 1828 teter
247 1791 320 1846 quas
337 1775 428 1831 tertur
443 1776 537 1832 coitus
551 1775 596 1832 vel
613 1776 752 1842 maxima,
768 1778 852 1848 cujus
1030 1774 1067 1830 llr
1081 1775 1106 1830 si
1121 1777 1269 1850 corporeis
1286 1793 1331 1834 me
1342 1777 1461 1835 fraudat
1475 1779 1586 1837 viribus
1605 1786 1691 1854 otas,

152 1861 223 1919 Sora
233 1863 338 1920 caloris
353 1881 443 1937 egens
458 1870 529 1922 otas
546 1865 693 1938 intercipit
707 1883 806 1934 usum,
1029 1863 1182 1937 Ingenium
1200 1865 1863 1947 mihimensquevigentettomporecresouut,

153 1951 310 2022 Propterea
325 1955 413 2027 vulgo
429 1955 549 2011 senibus
564 1955 702 2027 culpatur
718 1958 753 2012 ab
769 1955 853 2027 ipsis,
1029 1958 1086 2011 Nec
1103 1955 1175 2011 mibi
1189 1963 1390 2030 contemptum
1405 1959 1515 2029 peperit
1530 1960 1678 2018 maturior
1692 1968 1781 2032 etas,

153 2040 287 2115 Cumque
302 2050 483 2101 senectutem
501 2049 622 2116 cupiant
637 2062 739 2101 omues
754 2045 889 2116 adipisci,
1029 2044 1084 2100 Sed
1101 2046 1164 2100 cani
1179 2044 1284 2116 capitis
1297 2048 1386 2103 crevit
1401 2049 1563 2105 reverentia
1575 2052 1685 2121 major.

153 2133 305 2190 Accusaut
320 2152 421 2192 omnen
437 2142 465 2191 et
481 2135 665 2192 detestantur
680 2135 814 2207 adeptam
1029 2133 1102 2206 ltrgo
1116 2136 1243 2191 Creatori
1260 2151 1317 2191 uon
1334 2151 1448 2193 cessem
1465 2135 1584 2194 rediere
1597 2147 1710 2212 grates,

153 2226 279 2288 Quando
295 2224 476 2296 voluptatum
493 2224 642 2281 nunidem
664 2240 770 2281 sensus
787 2225 924 2281 habetur.
1027 2222 1149 2280 AEtatem
1165 2224 1213 2296 qui
1232 2241 1278 2281 me
1293 2227 1437 2283 miserans
1452 2229 1587 2298 perduxit
1603 2230 1640 2286 ad
1660 2230 1768 2303 istem,

155 2308 212 2367 Sed
229 2313 302 2368 milii
319 2314 409 2369 multa
425 2313 539 2386 placent
554 2331 616 2384 qum
638 2317 750 2370 conteri
768 2314 883 2386 longior
895 2319 976 2384 utos,
1029 2313 1091 2379 Oua
1103 2316 1166 2386 jam
1182 2320 1293 2370 nature
1310 2314 1445 2388 petulans
1459 2316 1606 2375 det'erbuit
1623 2321 1729 2390 ardor,

155 2400 213 2460 Nec
232 2404 377 2473 culpanda
395 2420 467 2476 uego
484 2405 618 2475 quodam
635 2402 942 2475 quitrusinsimulatur
1029 2402 1859 2481 Pacatosqucsuntffsioit]tendamrequiescemssusus.

154 2491 202 2546 Sic
217 2492 304 2548 etiam
320 2510 376 2548 nou
392 2492 486 2548 multa
500 2495 576 2565 gerit
591 2493 739 2549 laudanda
749 2493 900 2564 juventus,
1028 2492 1157 2549 Delectat
1171 2494 1290 2565 juvenes
1306 2494 1373 2551 latis
1389 2494 1552 2552 discurrere
1566 2499 1699 2571 eampis,

154 2579 212 2636 Neo
228 2583 326 2638 minus
341 2588 386 2639 est
406 2583 484 2640 vitiis
509 2583 611 2641 eadem
627 2584 759 2654 subiecto
785 2582 974 2655 quibusdam.
1027 2582 1137 2639 Secteri
1152 2582 1418 2656 lepores,capreas,
1435 2584 1592 2658 aviumque
1614 2587 1743 2660 volatus,

150 2669 251 2725 Laudo
267 2677 462 2735 senectutem,
478 2672 549 2743 quia
565 2679 665 2744 turpes
683 2670 789 2743 pellere
805 2676 901 2728 motus
1028 2671 1177 2728 Delecteut
1189 2671 1292 2744 epulo,
1304 2672 1378 2738 ludi,
1394 2673 1571 2745 spectaculo,
1587 2681 1710 2745 centus,

157 2761 302 2828 Noscitur,
317 2766 346 2816 et
361 2760 504 2815 mundum
521 2776 635 2815 servare
651 2759 772 2841 libidine
786 2777 904 2832 corpus,
1028 2759 1073 2816 Me
1088 2776 1172 2818 mens
1187 2760 1312 2819 oblectat
1327 2762 1515 2819 meditantem
1532 2763 1615 2831 talia,
1631 2765 1743 2824 lectus.

157 2851 233 2907 'l'um
250 2850 329 2923 quod
353 2850 429 2906 inest
444 2851 566 2907 senibus
582 2868 676 2907 rerum
703 2852 858 2923 prudentia
871 2852 975 2924 muJor,
1307 2851 1513 2910 cartvttttiu
1528 2851 1575 2909 vt.

155 2941 190 2996 lit
205 2940 282 3010 quod
299 2940 491 3011 tranquillam
506 2945 823 3014 sectenturamantque
834 2941 974 3015 quietem.
1259 2956 1296 2998 oa
1309 2958 1377 2997 raro
1391 2959 1425 2998 ar
1439 2956 1533 2999 orassr
1549 2942 1618 3016 (26).

153 3030 276 3087 Pellitur
290 3035 318 3085 et
333 3029 467 3102 petulans
481 3030 583 3087 levitas
599 3032 740 3104 gravitate
755 3031 851 3101 senili,
1030 3030 1098 3086 Fato
1113 3032 1219 3087 cuncta
1238 3031 1297 3103 regi
1313 3037 1438 3088 testetur
1453 3032 1553 3104 opinio
1566 3031 1662 3105 vulgi,

150 3120 224 3177 'lum
242 3121 318 3193 quod
336 3137 410 3189 sepe
427 3120 522 3177 solent
534 3128 663 3177 avertere
679 3121 796 3194 publica
807 3123 915 3180 damna
989 3089 1010 3157 c
1028 3123 1149 3176 ttinere
1164 3120 1284 3176 lortunae
1300 3118 1350 3193 qui
1367 3119 1433 3193 plus
1449 3121 1596 3178 nascentis
1618 3122 1646 3179 in
1664 3121 1742 3182 hors

151 3211 312 3268 Consilium
330 3213 428 3268 dubiis
444 3213 471 3267 in
489 3213 577 3270 rebus
590 3215 686 3269 dando
698 3212 825 3284 salubre,
1029 3209 1174 3266 Constitui
1192 3210 1358 3283 perhibent,
1374 3227 1462 3282 quam
1479 3212 1633 3270 nobilitate
1648 3218 1820 3286 parentum,

151 3303 184 3355 ur
199 3301 399 3357 discordantes
414 3308 549 3359 revocant
565 3304 599 3357 ad
619 3303 724 3359 loedera
742 3304 832 3374 pacis,
1028 3297 1086 3353 Nec
1099 3299 1207 3354 desunt
1218 3299 1310 3371 aliqui
1326 3301 1479 3357 doctorum
1495 3316 1603 3358 nomen
1620 3301 1780 3373 babentes,

152 3390 189 3446 Et
204 3392 279 3465 quod
297 3390 329 3463 [f.
345 3390 408 3448 Nou
424 3394 514 3464 quod]
529 3391 656 3448 avaritiae
673 3393 774 3448 morbo
786 3393 916 3466 plerique
932 3392 973 3450 la·
1027 3387 1080 3454 Qui
1098 3387 1154 3443 sibi
1171 3387 1729 3461 nonnullaratioueprobarevidentur
1758 3429 1769 3443 .

810 3481 935 3554 [hornut
1027 3477 1107 3545 Quod
1128 3484 1244 3534 nostros
1259 3483 1343 3534 actus
1358 3478 1474 3550 genesis
1488 3480 1628 3536 violentia
1642 3481 1749 3552 ducat,

151 3569 286 3642 Improbe
304 3571 813 3643 precipuequtasumptusequoqns
826 3573 971 3643 fraudant,
1026 3564 1063 3622 Ut
1075 3565 1217 3639 quidquid
1233 3567 1365 3638 gerimus
1378 3567 1553 3625 confirment
1567 3585 1632 3626 esse
1647 3586 1782 3629 neeesse.

152 3659 188 3714 Et
205 3661 289 3714 morti
302 3667 419 3715 servant
434 3677 497 3731 quar
513 3659 576 3716 vito
593 3658 720 3732 postulat
736 3677 817 3725 usus,
1024 3655 1075 3712 ttst
1090 3662 1187 3711 autem
1204 3656 1320 3727 genesis
1336 3656 1445 3714 natalis
1460 3658 1605 3714 terminus
1622 3658 1715 3728 bore,

151 3748 222 3803 Nam
241 3749 317 3819 quod
335 3748 361 3802 in
380 3765 490 3804 annoso
505 3753 665 3804 tenuantur
681 3765 800 3822 corpora
813 3749 899 3823 vires,
1025 3747 1117 3810 Quam
1129 3746 1185 3801 sub
1200 3743 1354 3802 stellarum
1369 3750 1516 3803 testentur
1528 3747 1590 3820 lege
1603 3749 1712 3817 teneri,

149 3836 200 3891 Vel
216 3839 293 3908 quod
311 3838 478 3893 morborum
496 3839 617 3894 miseros
634 3840 761 3897 incursio
774 3845 859 3897 vexat
1026 3835 1153 3902 Quartttn
1169 3841 1275 3891 cuncta
1303 3835 1379 3892 situs
1396 3837 1585 3895 nascentibus
1605 3838 1708 3894 omnia
1725 3840 1851 3911 prasidi,

149 3925 413 4001 Nonmagisarguo
424 3945 513 4001 quam
524 3931 602 4001 quod
617 3937 735 3987 nunaut
748 3932 858 3988 viribus
874 3931 971 3991 iulans
1024 3926 1124 3981 Sldffl
1139 3941 1206 3980 nam
1223 3930 1335 3997 septem
1352 3926 1497 3999 pertigit&
1511 3926 1609 3982 serunt
1620 3927 1766 3987 urridens

148 4021 230 4077 Stare
244 4023 341 4092 potest
357 4018 437 4092 pueri
460 4019 495 4092 [s.
507 4020 655 4093 propriis],
681 4037 754 4094 puer
768 4026 820 4078 eut
832 4021 970 4093 J'uveniti·
1024 4017 1116 4071 Cursu
1134 4015 1309 4086 retrogad03
1326 4021 1422 4070 tamen
1436 4015 1495 4072 brec
1508 4015 1703 4084 cito,tardius
1719 4017 1774 4075 illa

775 4112 843 4184 [bug
858 4113 911 4184 uit,
1023 4101 1217 4173 'temporibus
1232 4101 1320 4157 certis
1335 4100 1557 4175 intervallisque
1573 4103 1700 4160 moveri.

148 4202 265 4270 Quodve
280 4199 325 4256 sui
337 4199 430 4255 morbi
444 4201 567 4269 juvenes
584 4216 748 4273 puerosque
760 4200 892 4272 letigoot,
1023 4189 1099 4262 Er8⁰
1114 4189 1316 4247 m⁸¹h⁰m⁸¹i⁰¹
1329 4189 1481 4248 “linaium
1499 4190 1622 4249 numm
1636 4188 1670 4264 [J-
1688 4190 1822 4268 118ῑῦῙῦοῙ

146 4291 263 4349 Scilicet
278 4294 397 4344 rotatum
415 4289 571 4346 distinctas
587 4291 790 4361 proprietates.
1662 4280 1794 4355 [septem

148 4382 202 4448 Qui
218 4380 306 4436 trabit
319 4380 347 4435 in
364 4377 480 4452 culpam
494 4385 603 4436 naturae
616 4383 666 4450 jus
679 4381 875 4453 reprehendit,
1021 4370 1164 4442 Prospera
1178 4373 1286 4425 cuncta
1297 4369 1360 4425 dari
1377 4368 1693 4444 perbibent,csausqua
1703 4371 1850 4443 sinistram

149 4470 228 4537 Quod
246 4469 326 4526 senis
341 4471 480 4525 obscurat
495 4469 580 4525 lallax
595 4470 701 4526 oblivio
717 4478 858 4541 montem,
983 4458 1007 4524 D
1022 4458 1108 4516 Juxta
1123 4458 1200 4532 quod
1215 4457 1404 4515 tesesocieot
1419 4475 1471 4532 per
1483 4457 1601 4532 singula
1617 4458 1722 4532 signa,

32 4580 37 4585 ·
149 4562 307 4618 lmmemor
321 4564 350 4615 et
365 4560 465 4616 subito
481 4559 545 4616 lacti
560 4559 634 4617 solet
649 4577 714 4616 esse
730 4560 870 4618 recentis:
1021 4556 1081 4604 Aut
1095 4565 1112 4604 θ
1127 4564 1158 4605 ⁸0
1175 4548 1310 4604 bsilihlffi
1326 4547 1431 4621 ⁸Pl²ffi³
1445 4547 1601 4620 ¹0⁰t⁵⁸t¹¹⁰
1616 4551 1777 4618 recedunt·

147 4649 207 4707 Hoc
221 4666 285 4707 reor
299 4649 405 4713 rotatis,
422 4666 476 4704 non
494 4646 579 4720 culpa
595 4648 769 4716 deliciantis,
1020 4641 1067 4696 Sic
1083 4646 1180 4696 tumen
1197 4644 1229 4695 ut
1244 4637 1340 4694 radios
1356 4654 1539 4712 quascunque
1562 4639 1718 4711 proportio
1736 4641 1851 4714 iungat.

146 4742 201 4796 Sed
219 4743 311 4813 magis
325 4740 444 4795 incultae
460 4739 528 4794 vitio
544 4739 713 4812 contingere
730 4739 853 4806 ineolis;
1021 4734 1078 4786 Nec
1092 4728 1186 4785 solum
1202 4744 1307 4785 causas
1321 4728 1454 4784 tribuunt
1468 4727 1516 4784 bis
1530 4730 1705 4795 exteriores,

146 4828 218 4886 Nam
235 4846 307 4900 quos
323 4830 440 4885 desidite
457 4829 507 4883 dat
518 4827 665 4884 luxuriosa
673 4830 824 4899 juventus,
1020 4823 1074 4875 sod
1090 4819 1476 4876 moresettamnasceotibus
1491 4819 1720 4877 rideraoredunt
1732 4824 1851 4894 (tedere

145 4918 259 4989 Excipit
276 4919 328 4973 bos
343 4918 432 4974 hebes
448 4918 592 4990 insipiens
608 4921 709 4976 odiosa
723 4925 875 4990 senectus;
1627 4909 1799 4982 {creditum

145 5010 223 5074 Quos
240 5008 318 5078 prior
332 5007 361 5061 in
377 5008 484 5064 siuittts
499 5016 570 5064 cras
585 5016 697 5064 excreat
712 5008 842 5063 nonestis
1020 5005 1154 5072 samque
1169 5001 1269 5055 venus
1284 5014 1353 5055 cum
1370 4997 1461 5055 Marte
1477 5012 1601 5056 manens
1617 4997 1649 5053 in
1662 5000 1821 5060 schemate

144 5097 297 5154 iucundos
313 5095 464 5168 clarosque
479 5113 565 5153 senes
580 5096 682 5152 llorere
699 5098 841 5165 videmus,
1626 5088 1789 5168 [quodam

147 5188 264 5244 Pectore
277 5187 326 5257 qui
344 5187 461 5243 ureruori
478 5188 600 5244 recitant
617 5188 773 5260 linguaque
787 5188 896 5244 diserta
1020 5185 1180 5253 'tetragono
1195 5178 1265 5236 solis
1279 5177 1360 5235 radio
1375 5194 1408 5235 se
1422 5179 1609 5252 respiciente,

146 5277 203 5333 lies
220 5276 331 5333 noviter
340 5287 450 5349 gestas,
468 5277 665 5350 imitandaque
682 5278 756 5334 lacte
771 5279 920 5347 priorum3
1021 5272 1104 5343 Cogit
1115 5269 1247 5325 utlvltbtil
1265 5268 1378 5325 facinus
1390 5270 1574 5325 committere
1587 5272 1690 5343 ustos,

146 5366 248 5425 1005
259 5367 966 5442 licentraquosdcrnJuvenespuerosquevidemus
1021 5360 1145 5435 Cogitet
1160 5357 1290 5416 incestus
1305 5358 1414 5431 patrari
1428 5356 1611 5432 llagitiosos;

141 5520 239 5666 111(ἐῢ)
254 5525 309 5580 Per
323 5521 455 5596 genesim
477 5520 602 5594 intelligi
628 5520 722 5579 voluit
741 5527 843 5582 auctor
857 5520 1051 5591 nouvitstam,
1066 5531 1117 5574 seu
1143 5516 1261 5586 tempus
1276 5513 1306 5571 st
1319 5514 1504 5571 momentum
1527 5508 1695 5574 nativitatis
1711 5513 1856 5577 uniusos·

181 5609 195 5648 s
220 5609 265 5652 ue.
