3802 6030
93 189 188 252 list
635 185 786 252 VERSUS
808 186 861 246 ull
881 184 1084 250 Musultulo
1107 187 1248 251 MISSAE.
1721 198 1799 263 ileu

90 328 125 382 ln
141 323 300 450 exemplari
314 324 354 396 (l)
368 326 555 397 manuscripto
562 330 644 381 erant
660 323 824 383 uicissem
837 327 918 383 uerte
932 322 956 389 Α
975 319 1005 376 Si
1021 322 1116 379 verbis
1131 322 1364 397 bominis,quem
1380 328 1481 383 nectar
1495 326 1604 400 ubique
1620 344 1797 403 supernum.

131 396 213 468 lraec(
236 397 348 469 lmtnio
362 397 500 480 descripto
509 413 520 459 ,·
535 397 577 468 (8)
595 395 686 480 Peter,
696 395 720 450 si
737 397 798 453 fieri
811 405 920 484 potest,
1011 410 1166 469 Eruclusse
1181 411 1285 487 liquet,
1300 415 1344 472 vis
1360 414 1502 472 sdbibere
1517 416 1616 475 tidem.

129 474 294 631 1:0³2ng
310 483 356 525 ¹⁰⁰
370 467 446 525 (θυι
461 472 526 525 ¹⁸²⁰·
542 468 591 539 (³⁶¹
615 484 675 540 Ῥω
690 476 761 524 Μ(
761 485 776 526 ⁰
791 488 831 527 ⁸²⁶
842 473 923 535 '‘M‘'
975 500 1112 574 Tempore
1126 519 1184 575 quo
1200 502 1324 578 supplex
1338 504 1451 562 cessitit
1466 507 1617 580 presbyter
1634 510 1705 580 eris,

96 649 175 708 Velle
189 653 240 704 tuo
256 646 335 704 selvo
352 648 459 719 poterit
474 647 516 703 sir
533 647 587 703 rite
602 647 732 722 preceri:

130 737 214 794 Alme
228 737 349 802 Purens,
365 753 382 791 e
398 752 445 792 mo
460 741 592 793 transeut
607 739 662 794 iste
675 738 751 794 culix
767 738 813 812 ¹¹).
904 784 908 795 .

93 828 146 884 llis
162 827 297 900 precibus
313 826 402 881 veluti
419 824 564 883 lubiorum
581 826 699 883 victime
714 830 846 900 quedam

128 916 302 986 uetustate,
319 920 422 989 typum
439 914 513 989 legis
527 919 556 973 et
571 916 637 989 ipse
652 933 768 990 gerens.

91 1011 147 1064 Pro
163 1022 206 1073 se,
223 1021 274 1077 pro
290 1003 412 1078 populo,
428 1022 480 1077 pro
509 1004 752 1079 principibusque
781 1008 920 1066 secerdos

126 1099 287 1168 Supremos
303 1093 424 1151 Domino
440 1092 564 1166 mystice
577 1093 656 1150 done
669 1095 759 1152 dedit.
1174 1062 1309 1133 sams
1324 1065 1450 1139 ΜΝ»
1464 1069 1594 1128 30th-

1013 588 1213 666 Mucteturque
1225 591 1302 648 Petri
1320 592 1407 650 l'iliue
1422 594 1486 667 ipse
1501 611 1644 653 menena:

976 679 1079 737 AEtbra
1093 686 1202 752 petent,
1213 681 1341 740 coelestis
1356 684 1439 741 edent
1454 683 1571 756 chorus,
1587 685 1648 742 ime
1658 688 1798 759 supernis

1010 769 1182 842 iunguntur
1195 790 1202 840 ;
1229 773 1305 828 liunt
1321 779 1399 830 sotor
1415 775 1445 847 [f.
1463 776 1553 847 eotor]
1567 780 1595 832 et
1610 780 1694 834 aolus
1706 777 1798 835 idem.

974 857 1104 915 Coelibus
1116 858 1162 915 bis
1175 858 1243 915 dum
1256 862 1422 930 meus,duru
1439 864 1644 931 vox,dumvite
1655 866 1796 937 ministri,

1009 948 1201 1020 concordent,
1217 952 1316 1022 gretes
1329 950 1530 1010 indubitanter
1545 955 1614 1026 egit.

92 1182 457 1256 Nemaue,nernpopuli,
477 1199 543 1239 nem
567 1183 736 1254 pontilicum
767 1184 919 1244 muleieota
974 1178 1131 1237 fliuubeue
1147 1178 1187 1252 (6)
1199 1197 1266 1238 uum
1283 1184 1399 1256 populu,
1415 1189 1459 1241 ter
1473 1186 1796 1260 Sanctus.quoequese·
1891 1202 1900 1235 '-

130 1273 288 1330 Porterunt
303 1272 389 1337 eries,
407 1275 435 1327 et
450 1288 548 1343 cuper,
564 1271 723 1341 etvilulne,
1637 1277 1796 1349 [quuntur.

96 1363 271 1421 Pontilicnm
289 1362 409 1427 vitulus,
427 1361 525 1434 populi
542 1361 619 1418 mele
635 1362 756 1435 pertulit
770 1364 882 1437 hircus,
1010 1361 1101 1416 buten
1115 1375 1202 1431 quum
1218 1369 1312 1420 suntet
1328 1363 1451 1436 mystice
1466 1365 1552 1434 dona,
1573 1364 1663 1424 cunit.

133 1452 229 1525 ipsius
243 1469 395 1509 excessum
411 1451 470 1508 dux
484 1452 581 1526 gregis
597 1453 658 1525 ipse
674 1452 729 1511 luit
744 1454 775 1509 ¹¹.
974 1448 1127 1506 Credimus
1143 1449 1196 1507 bes
1211 1450 1313 1509 leudes
1328 1462 1497 1527 assumptas
1510 1472 1545 1512 er
1565 1455 1641 1512 leuis
1656 1454 1689 1527 ¹⁸,

94 1542 160 1599 Hoc
174 1543 228 1598 trie
244 1541 374 1599 Salvator
389 1542 496 1615 triplici
512 1559 597 1614 prece
612 1544 862 1613 commemoravit,
1011 1539 1042 1594 lu
1059 1539 1169 1610 quibus
1184 1540 1319 1598 innuitur
1332 1542 1429 1600 trinus
1444 1548 1472 1601 et
1488 1560 1565 1601 unus
1577 1561 1660 1617 epex.

129 1634 194 1688 lam
210 1636 280 1689 tuus
296 1648 347 1704 pro
363 1631 448 1688 nobis
464 1632 601 1688 omnihus
618 1650 695 1690 unus
710 1634 748 1706 (l)
764 1651 865 1707 egens,
975 1628 1031 1684 Tor
1047 1628 1173 1700 positum
1184 1630 1434 1697 Sanctue,trinum
1451 1639 1623 1704 notetesse3
1637 1634 1794 1693 sedunum

92 1722 167 1779 Nem
182 1727 227 1778 ter
240 1721 323 1778 bumi
339 1726 431 1778 strato
447 1723 581 1779 contritio
596 1724 704 1793 cordis,
720 1728 749 1780 et
763 1723 813 1782 ille
1008 1719 1154 1779 Deciemel
1169 1723 1313 1782 Dominus
1328 1730 1415 1798 etque
1430 1725 1508 1783 Deus
1525 1725 1650 1783 Sebeotb

128 1814 314 1886 Sanguineue
329 1814 420 1869 sudor
435 1812 469 1883 ¹³,
485 1829 555 1870 crux
571 1814 626 1870 luit
641 1819 708 1873 ente
724 1832 853 1873 ornnem.
969 1808 1022 1866 His
1037 1810 1144 1882 tribus,
1160 1811 1228 1868 huic
1243 1813 1294 1871 uni
1308 1816 1432 1873 aaeriiex
1460 1814 1535 1883 litat,
1552 1815 1673 1888 angelus
1699 1814 1794 1874 offert.

92 1904 109 1961 J
114 1921 161 1961 em
177 1910 247 1961 tuno
261 1905 404 1972 anxietas,
421 1903 509 1960 finem
525 1905 741 1975 spondentibus
757 1906 881 1976 umbris,
1005 1901 1131 1957 Asuribit
1145 1901 1251 1971 clerus.
1267 1902 1350 1976 plebe
1364 1906 1623 1965 veneraturidem.

131 1994 166 2050 ut
180 1992 268 2050 veteri
284 1994 342 2049 ritu
357 1993 467 2067 gratior
483 1996 561 2049 uude
576 1993 658 2066 [une]
676 1994 741 2050 luit.
971 1987 1005 2044 iit
1016 1989 1083 2061 quie
1100 1991 1265 2064 percipiunt
1278 1992 1308 2048 in
1324 2009 1407 2050 sucro
1424 2010 1546 2053 munero
1557 1997 1692 2069 qnidam,

387 2084 423 2139 lta
439 2084 619 2153 prefatione.
1008 2077 1061 2134 Pro
1076 2094 1159 2135 sucro
1176 2080 1336 2139 Dominum
1352 2099 1475 2142 munere
1491 2085 1669 2158 glorificent.

94 2172 147 2230 His
162 2171 246 2240 estis,
263 2169 404 2245 populum
418 2170 538 2227 sublimi
553 2188 623 2230 vocs
638 2171 748 2230 salutat
972 2166 1122 2224 Laudibus
1137 2167 1184 2226 his
1198 2176 1464 2242 venerentnreum,
1475 2174 1583 2248 quibus
1598 2175 1690 2231 ethra
1701 2175 1795 2233 resul-

133 2260 299 2334 Presbyter,
316 2265 344 2316 et
359 2277 478 2318 sursum
494 2260 582 2318 corde
597 2261 692 2319 lovere
706 2267 816 2321 monet.
1671 2263 1757 2336 [tent

94 2351 169 2409 Inde
184 2349 262 2406 Patri
277 2355 375 2423 gretes
404 2367 456 2424 per
484 2349 635 2408 Christum
664 2367 777 2424 semper
791 2354 921 2427 agendae
1007 2349 1085 2414 0⁰⁸⁸
1099 2348 1157 2405 (11¹⁰
1173 2348 1209 2406 du
1223 2349 1370 2424 multtum
1387 2356 1470 2410 nocte
1485 2353 1590 2427 diuque
1605 2357 1725 2411 cuuuut·

132 2440 254 2506 Asseris,
270 2446 298 2496 et
312 2443 379 2513 post
394 2440 454 2497 bec
469 2443 545 2497 dona
561 2441 705 2499 sacranda
719 2447 825 2501 sacrat,
972 2434 1030 2493 Has
1046 2454 1097 2500 uro
1107 2439 1253 2511 perceptis
1268 2441 1353 2513 quusi
1368 2447 1464 2513 prutes
1476 2444 1532 2500 rite
1546 2444 1721 2517 rependunt.

95 2530 127 2588 Si
142 2532 216 2587 bene
230 2536 336 2587 cuncte
351 2533 445 2601 notes,
461 2529 516 2586 hnc
532 2534 624 2587 totum
641 2530 731 2589 Filius
745 2532 813 2605 egit,
1007 2526 1170 2602 Nequuudu
1186 2527 1296 2586 frustra
1310 2530 1498 2605 percipienda
1512 2538 1624 2607 petent.

127 2628 148 2677 Δ
165 2638 249 2694 prece
264 2622 435 2694 discipulos,
451 2621 519 2678 indo
535 2623 660 2695 petendo
676 2640 804 2684 crucem.
972 2617 1010 2690 (7)
1023 2618 1148 2687 Qualiter
1160 2629 1238 2676 verus
1254 2620 1423 2694 merifioium
1446 2638 1509 2679 cem
1522 2638 1590 2680 noos
1604 2621 1712 2681 condito
1725 2636 1793 2680 coe·
1887 2646 1891 2653 ·

95 2714 201 2770 lut)
214 2712 347 2770 Primum
358 2713 450 2785 jussit
464 2729 514 2769 eos
529 2713 663 2786 vigilare,
679 2716 838 2791 stetimqne
853 2735 920 2794 pre·
1328 2711 1435 2768 cordat·

800 2806 884 2880 [ceri
972 2799 1031 2856 Heu
1046 2817 1118 2857 enus
1133 2800 1257 2875 explicui
1272 2801 1343 2875 quid
1359 2807 1546 2876 representet
1563 2805 1592 2859 in
1608 2802 1674 2876 ipso

131 2895 200 2948 Post
214 2892 352 2958 dormire,
368 2891 474 2948 dehinc
489 2892 529 2965 (5)
545 2895 641 2965 dgnus
657 2899 686 2952 et
701 2912 752 2952 ere
766 2895 846 2953 tulit.
1007 2889 1109 2946 Officio
1124 2891 1232 2962 miuus,
1248 2892 1353 2964 quidve
1369 2892 1504 2951 minister
1518 2899 1603 2966 ugut:

92 2978 237 3037 Nimirum
253 2981 324 3036 dum
340 2981 410 3036 dicit
424 2981 485 3038 eie:
502 2981 629 3055 Vigilate
644 2981 681 3052 ¹⁴,
698 2983 826 3055 salutat,
935 2978 1012 3098 GEe
1027 2978 1134 3050 quibus
1149 2979 1202 3036 boc
1217 2984 1319 3050 totum,
1335 2982 1413 3052 qnod
1426 2982 1456 3037 in
1472 2982 1532 3039 nde
1551 2982 1648 3056 priore
1672 2982 1795 3055 jubetur

129 3069 241 3143 Quippe
256 3069 336 3126 selus
351 3070 465 3136 anime,
482 3071 505 3125 si
522 3071 690 3143 vigitemus,
706 3074 798 3131 ndest.
1010 3066 1124 3136 Otterri,
1139 3084 1237 3125 corum
1253 3085 1482 3127 commemorare
1497 3068 1574 3128 licet.

92 3164 170 3217 Dum
181 3159 268 3230 jubet
282 3159 369 3229 oreri,
386 3176 506 3216 sursum
523 3174 573 3216 eor
588 3161 693 3218 suadet
707 3161 825 3234 bebere,
975 3159 1076 3213 ml
1094 3156 1240 3229 Quidquid
1251 3159 1329 3213 enim
1345 3158 1379 3214 iit
1394 3158 1424 3215 in
1440 3159 1579 3226 Ecclesia,
1589 3160 1795 3218 tentnmmodo

130 3247 213 3305 Ormi
228 3247 376 3320 siquidem
392 3249 455 3304 sole
470 3263 599 3320 superna
611 3250 708 3321 jubet.
1651 3248 1760 3323 [prosit

94 3338 172 3397 Dum
189 3337 305 3394 taudem
319 3347 401 3394 vocet
412 3339 446 3393 ed
460 3337 800 3410 requiem‚mouetedere
810 3345 918 3415 metes.
1011 3334 1143 3392 Murlbu³
1156 3338 1206 3392 tut
1217 3333 1294 3405 fidoi,
1309 3335 1427 3394 victims
1441 3340 1525 3410 gratu
1539 3342 1596 3394 Deo
1611 3340 1666 3395 uui.

129 3427 236 3485 Mentis
250 3428 328 3484 enirn
345 3428 446 3499 requie
461 3427 664 3501 gratificamur
680 3430 717 3487 ei.
975 3423 1131 3481 Olierimus
1146 3422 1252 3484 vitulos
1263 3424 1383 3500 linguas,
1399 3431 1565 3485 mactemus
1579 3435 1606 3483 et
1620 3426 1718 3484 biroos
1883 3498 1886 3505 Ι

89 3517 163 3576 Nem
179 3520 276 3590 gretes
291 3532 388 3589 agere,
404 3520 448 3573 est
464 3517 588 3574 Domino
605 3535 658 3575 nos
673 3519 795 3577 reddere
809 3523 919 3594 gratos,
1011 3511 1154 3571 S⁰ltiffl1¹⁸
1169 3513 1200 3570 (ὓ
1216 3514 1329 3572 ciuem
1345 3515 1427 3587 thus,
1438 3515 1594 3588 ⁰Vi⁰mti¹¹⁶
1606 3515 1700 3574 Virum
1712 3515 1752 3589 (7)
1762 3512 1796 3573 ¹⁸·

123 3608 205 3674 Quod
221 3606 290 3663 iecit
305 3624 322 3661 n
337 3605 426 3673 vitiis,
444 3623 540 3678 mens,
559 3624 678 3677 munus,
694 3625 786 3683 osque
801 3626 919 3667 venena.
975 3603 1050 3659 Dum
1077 3604 1216 3675 cauimus,
1233 3603 1275 3662 vel
1292 3605 1362 3662 dum
1387 3605 1524 3680 tegimus,
1547 3607 1624 3679 quod
1640 3623 1730 3681 prava
1750 3621 1798 3663 re·

89 3698 127 3755 Ut
146 3697 213 3755 telis
227 3697 277 3753 liet
292 3696 430 3770 quisquis
446 3697 501 3754 sub
515 3697 617 3769 judice
632 3697 751 3755 cbristo
1643 3695 1760 3769 [must.

131 3786 289 3849 sacrificet.
305 3786 360 3842 sub
378 3803 437 3859 quo
449 3787 550 3858 justus
565 3793 594 3844 st
609 3787 673 3860 ipse
689 3787 800 3846 tramit.
1012 3783 1093 3851 Quod
1109 3782 1262 3856 populum,
1274 3784 1352 3857 qnod
1369 3801 1422 3842 nos
1437 3785 1474 3841 ad
1485 3784 1607 3844 meliore
1621 3790 1719 3844 voret:

94 3880 167 3933 curn
184 3892 324 3946 superum
340 3878 439 3940 centu,
455 3891 529 3947 quoe
544 3892 600 3932 nro
623 3881 739 3933 constet
753 3877 865 3946 edesse,
975 3871 1058 3929 'iuno
1072 3872 1160 3929 etiem
1173 3871 1293 3942 vitulus,
1309 3878 1380 3933 tono
1395 3875 1575 3932 sacrificatur
1588 3883 1616 3932 et
1630 3875 1742 3947 hircus,

131 3964 253 4021 Admitti
271 3964 404 4035 proprius
420 3963 550 4036 postulet
565 3964 614 4020 ille
630 3981 740 4038 preces.
1011 3965 1082 4018 Cum
1099 3962 1206 4019 lustum
1222 3962 1329 4033 enices,
1340 3964 1545 4039 luxuriemque
1560 3965 1681 4039 pramis.

157 4056 225 4111 Cum
238 4052 336 4126 quibes
350 4060 375 4109 et
389 4062 496 4110 nostros
513 4069 589 4110 uoces
605 4059 635 4110 ut
649 4055 775 4124 admitti,
791 4059 846 4112 eto.
976 4058 1077 4124 Agnus
1088 4052 1124 4108 eb
1135 4051 1283 4123 innocuis,
1299 4054 1572 4129 esimplieibusque
1587 4054 1735 4121 colomba,

93 4143 225 4201 Postulet
240 4148 272 4198 ut
286 4159 341 4200 sue
355 4160 410 4199 vox
424 4142 503 4200 lnudi
518 4144 677 4201 concordet
692 4159 806 4211 eorum,
1011 4141 1121 4199 Turtur
1134 4143 1171 4200 eb
1187 4143 1233 4200 bia
1250 4144 1300 4216 qui
1317 4143 1507 4217 denegandis
1518 4160 1636 4202 summa
1650 4142 1762 4217 procui.
1772 4141 1797 4180 ¹⁷

131 4235 209 4300 Quos
224 4241 318 4289 estere
334 4233 427 4288 saeris
444 4232 551 4305 pagine
566 4231 659 4288 multe
674 4232 768 4293 docet.
976 4231 1009 4286 ln
1024 4230 1140 4288 olibano
1154 4236 1253 4289 coctos
1268 4247 1358 4303 penes
1371 4232 1512 4290 alteribus
1527 4232 1625 4303 oilers,

133 4368 174 4442 (¹)
187 4367 250 4451 Nun
266 4368 402 4438 dfflilissfli
415 4366 584 4450 (1⁰5⁸,f112fst
598 4366 648 4424 5¹1⁰
676 4384 731 4425 Μ·
749 4369 914 4454 mussent
933 4386 956 4452 [l
977 4383 1122 4455 lloelibus,
1139 4388 1168 4441 et
1182 4384 1294 4441 venium
1310 4400 1452 4457 querens,
1470 4399 1523 4458 pro
1539 4384 1670 4457 principe
1686 4384 1794 4458 poscit;

97 4441 172 4497 lorte
187 4440 240 4495 luit
254 4438 334 4523 Colb.
350 4439 431 4508 6327,
448 4439 497 4494 ubi
514 4455 613 4496 revere
632 4439 692 4496 bec
707 4442 797 4499 verba
825 4459 916 4500 mimo
1011 4454 1108 4513 Plebis
1119 4454 1199 4512 enlm
1219 4456 1355 4529 princeps
1365 4456 1457 4538 iussit
1470 4471 1539 4513 eum
1551 4456 1670 4539 perimi.

100 4513 342 4583 suntdescnprn.
787 4584 793 4598 ,
851 4587 857 4600 ,
980 4526 1190 4585 Stratuehnmi
1205 4527 1312 4596 trinus,
1329 4527 1464 4585 contritio
1479 4528 1587 4597 cordis,
1602 4533 1631 4585 et
1646 4528 1695 4586 ille

134 4584 220 4666 (tilii
237 4582 376 4667 ,tus-‚fibt-
389 4580 449 4637 hae⁰
463 4583 551 4638 verba
567 4582 706 4656 ¹08¹¹¹¹i¹¹t
721 4584 813 4643 (ΝΜΟ
829 4589 922 4659 illem
1013 4599 1201 4673 Sanguineue
1216 4601 1317 4672 sudor,
1332 4616 1404 4656 orux
1418 4599 1474 4656 luit
1488 4606 1554 4657 ente
1568 4616 1697 4673 erucem,

97 4654 220 4737 [Dehinc
237 4653 358 4738 inclinet
374 4656 556 4738 seusecerdus
572 4664 637 4711 solo
653 4655 754 4724 nitere,
771 4662 803 4714 ut
817 4674 922 4717 erens:
977 4671 1115 4728 Anglares
1129 4671 1240 4737 habito,
1259 4671 1346 4728 linem
1362 4671 1576 4742 spondentibus
1591 4672 1716 4743 umbris,

94 4729 128 4785 ln
142 4732 243 4799 spuslu
257 4727 433 4781 hamelricus.
452 4727 560 4809 listune
586 4734 686 4784 monet
709 4729 849 4801 populum
874 4746 924 4787 se·
1013 4743 1154 4814 Supremo
1167 4744 1245 4799 Patri
1260 4743 1378 4800 sissima
1390 4747 1474 4816 grate
1488 4743 1566 4816 lulll,

101 4804 181 4856 creto
195 4804 226 4854 ut
239 4803 303 4854 oret
330 4813 381 4869 pro
397 4813 441 4867 eo,
471 4799 591 4854 disens:
609 4798 689 4855 Orate
715 4815 767 4872 pro
793 4817 847 4869 ms,
861 4804 924 4874 fre·
1014 4814 1050 4881 (5)
1067 4813 1108 4870 lla
1131 4814 1213 4870 editi.
1230 4813 1295 4871 llhr.
1324 4824 1351 4873 es
1373 4831 1424 4872 ero
1451 4816 1508 4872 Dei.
1525 4819 1594 4888 fleg.
1610 4817 1700 4887 ⁴1033
1715 4813 1797 4874 uolt.

105 4870 185 4944 tres]
508 4941 513 4954 .
976 4885 1048 4941 6327
1071 4889 1100 4942 et
1121 4886 1204 4957 6101,
1231 4891 1260 4943 et
1286 4860 1438 4956 lictorin3
1457 4904 1509 4945 orn
1532 4890 1608 4959 leit:
1633 4890 1713 4961 Ebu,
1742 4903 1799 4947 nro

140 4943 183 5014 (3)
196 4942 261 4998 ileo
275 4942 364 4998 verba
379 4942 487 4999 desunt
506 4958 535 4997 1n
551 4942 620 5014 liep.
637 4943 726 5012 1103;
742 4947 812 5001 snut
826 4947 924 5001 entem
977 4956 1035 5014 Det,

104 5013 136 5071 in
151 5013 309 5070 Victorino.
774 5085 780 5098 ,
1014 5028 1051 5101 (dl
1067 5027 1220 5097 victorin„
1232 5046 1283 5103 pro
1299 5030 1419 5104 populo.

136 5086 175 5157 (t)
194 5085 264 5141 Post
278 5085 357 5140 bunc
369 5100 481 5141 versum
494 5084 646 5143 Celusius
663 5085 743 5142 solus
755 5103 799 5142 sic
813 5086 902 5144 hebet
915 5105 923 5147 t
1012 5102 1053 5178 (7)
1065 5101 1112 5159 sic
1126 5101 1251 5160 habetur
1264 5103 1295 5160 in
1312 5104 1423 5161 librom.
1435 5120 1487 5178 pro
1503 5106 1673 5164 summario.

100 5157 224 5229 [oravit
242 5173 293 5229 pro
304 5172 336 5241 ‚³⁰
352 5157 445 5239 petiit,
461 5156 530 5240 quie
545 5156 728 5225 clarificavit,
1013 5173 1052 5244 (7)
1066 5173 1158 5246 mm,
1172 5175 1338 5234 musonium
1354 5192 1405 5233 „u
1421 5177 1553 5236 arietem·

135 5233 251 5303 Proque
266 5244 328 5285 suis
339 5228 395 5284 sibl
412 5244 485 5302 quos
502 5245 563 5302 ipse
580 5230 664 5288 Pater
678 5230 807 5288 dederat.

132 5430 154 5467 ¹¹
170 5428 274 5487 unuh·
289 5441 373 5534 nvn,-
390 5428 475 5511 nare.
492 5446 558 5499 nur
574 5429 719 5516 tue-‚un
743 5427 865 5492 “tede
890 5448 951 5510 xu,
990 5436 1013 5477 ¹⁸
1040 5441 1106 5500 uuo.
1132 5459 1204 5501 uu.
1231 5443 1256 5482 ¹⁸
1275 5444 1376 5507 amre.
1404 5463 1487 5520 um
1512 5448 1595 5508 aare.
1624 5463 1690 5522 ms
1730 5449 1797 5512 teo.

96 5517 170 5563 xxu.
187 5500 210 5539 ¹⁸
222 5502 277 5562 lae.
290 5517 332 5564 rr.
348 5498 357 5537 ¹
386 5501 473 5563 urst.
489 5519 529 5562 rx.
545 5502 567 5545 ¹¹
580 5505 667 5564 tenet
681 5518 710 5560 x.
