3802 6030
168 244 246 313 teet

169 381 311 441 Dulcibus
326 377 472 434 illecebris
483 373 608 443 seduxit,
625 378 656 429 ut
670 372 742 429 alter
761 368 887 440 adulter,

166 474 247 529 Alter
263 468 424 538 sacrilegus
437 466 529 531 iteret,
542 465 598 519 nisi
616 462 724 519 lemine
739 460 872 518 blandai

167 562 309 618 Pretereo
325 558 445 621 multus,
459 572 532 627 ques
549 554 655 627 pagins
670 570 752 609 secra
769 555 912 616 recenset,

169 651 323 706 lnt'andam
339 644 466 712 lezabel,
477 659 640 715 ausamque
651 646 731 698 netes
747 641 902 708 Athnlietu,

169 738 203 794 iit
216 738 314 810 piures
329 754 404 809 ques
421 752 478 791 non
491 739 535 790 est
553 749 726 789 enumerare
738 747 866 787 necesse.

127 848 131 854 ·
171 825 284 883 blnttns
297 837 446 897 pretereo,
462 841 537 896 quas
552 837 765 879 connumerare
782 824 884 892 poete,

169 915 361 988 Historiarque
376 915 481 983 solent,
499 914 658 985 Exiphilem
675 918 704 966 rt
717 909 958 982 clytemnestram

168 1004 288 1062 Betidcn
303 1013 332 1059 et
345 1003 489 1076 Prognen,
505 1009 760 1073 concertatamque
780 996 901 1054 decenni

166 1094 322 1152 'serrarum
337 1095 413 1151 bello
429 1095 513 1151 Leda
528 1094 657 1165 genitum
676 1089 870 1156 meretricem,

165 1185 300 1256 Quaeque
315 1183 409 1239 solent
423 1183 496 1238 altas
513 1182 620 1254 populo
636 1182 757 1235 recitare
773 1175 904 1248 trugoedi.

166 1273 259 1341 Eurus
276 1274 305 1328 in
318 1273 484 1343 exemptum
503 1270 625 1326 monstri
640 1268 735 1340 gravis
751 1277 839 1340 atque
858 1262 989 1330 cavendi,

165 1361 261 1418 Finxit
276 1361 436 1417 terribilem
452 1361 597 1432 sapientia
612 1360 705 1429 prisca
719 1357 888 1412 chimeram
901 1374 909 1423 ;

167 1450 268 1507 1th
277 1452 395 1508 coinon
403 1450 550 1506 immerito
560 1448 727 1506 terturdata
735 1442 989 1511 tormetritormis,

165 1539 238 1596 Num
255 1558 324 1613 pars
336 1540 432 1614 prima
442 1539 499 1608 tec,
512 1555 580 1612 pars
591 1538 695 1594 ultimo
710 1537 805 1592 cauda
816 1533 963 1599 draconis,

165 1629 199 1685 ttt
214 1631 317 1685 mediae
334 1635 430 1702 partes
443 1629 483 1684 nil
497 1634 568 1685 sunt
584 1628 639 1684 nisi
656 1624 783 1683 fervidus
802 1625 891 1699 ignis.

164 1719 228 1775 ileo
244 1718 277 1775 nd
295 1726 428 1774 naturum
440 1718 603 1774 meretricis
617 1716 693 1772 ludit
706 1718 814 1788 imago,

170 1808 203 1867 lit
218 1810 346 1881 praedam
362 1809 456 1880 rapiat
468 1826 531 1879 quae
548 1809 663 1880 prefert
676 1823 728 1862 ora
739 1805 844 1870 leonis,

164 1900 289 1971 Egregie
305 1897 451 1955 aimoinus
462 1898 579 1969 quidam
596 1896 680 1970 quusi
698 1894 797 1951 nubile
813 1892 913 1961 t·ultu;

163 1991 230 2044 Haec
241 1988 338 2060 specie
353 1996 454 2060 captos
471 1986 594 2043 flammis
610 1985 705 2042 exurit
723 1984 842 2049 amoris,

165 2080 197 2137 ln
216 2097 274 2154 quc
291 2079 332 2135 nil
347 2079 445 2148 solidi,
462 2080 501 2135 nil
520 2077 656 2151 ponderis
671 2093 736 2134 esse
750 2077 873 2140 videtur,

161 2172 216 2228 Sed
234 2173 315 2239 levis,
331 2176 360 2227 et
377 2173 487 2226 ratione
502 2187 615 2237 cerens,
632 2171 804 2240 l'ertensque
818 2166 919 2231 ubido,

167 2259 272 2317 llttima
293 2265 362 2317 sunt
377 2261 464 2330 eujus
479 2258 579 2315 lethali
596 2264 669 2315 terte
683 2274 806 2323 veneno,

162 2348 275 2422 Quippe
290 2348 452 2422 voluptates
467 2365 546 2405 mors
561 2353 590 2404 et
604 2349 755 2404 damnatio
771 2345 848 2402 linit.

161 2439 330 2494 Femineam
348 2440 472 2511 speciem
491 2438 566 2511 gerit
580 2437 738 2511 irrequieta
752 2435 922 2507 Charybdis,

162 2527 230 2593 One
247 2527 334 2582 trahit
349 2526 378 2582 io
397 2532 519 2583 mortem
532 2525 985 2596 scrbenssibiproximaquteque

165 2618 228 2671 um
243 2620 288 2670 est
303 2620 331 2670 et
347 2619 440 2679 Siren,
461 2633 525 2687 quas
540 2615 647 2670 stultos
661 2615 757 2671 dulcia
773 2620 896 2669 cantans

162 2701 272 2769 Allicit,
284 2702 403 2757 allectos
420 2704 519 2763 trabit,
538 2709 720 2771 attentosque.
737 2702 912 2770 protundum

161 2789 264 2858 lilergit
280 2792 309 2844 in
321 2790 484 2857 interitum,
501 2807 587 2861 quem
605 2790 760 2845 declinavit
776 2788 891 2861 Ulysses

163 2879 348 2935 Proecludens
363 2881 504 2936 comitum
522 2882 642 2936 tumosis
657 2881 793 2936 cautibus
808 2896 904 2945 aures,

161 2971 198 3024 Se
214 2986 330 3043 quoque
351 2986 376 3025 vt
392 2970 533 3026 cohibens
550 2988 585 3025 oe
600 2987 716 3025 cursum
743 2968 858 3025 flectere
886 2973 985 3041 posset

165 3057 294 3114 Netttbus
309 3064 441 3115 arctatus
454 3058 630 3130 t'ugienttsin
647 3059 750 3114 arbore
766 3057 858 3127 navis,

163 3149 220 3207 Nec
235 3150 335 3207 minus
349 3156 377 3206 et
393 3153 488 3207 Circes
502 3152 577 3206 mule
592 3150 688 3206 dulcia
704 3149 805 3222 pocula
819 3148 906 3217 catii,

160 3239 228 3302 Qum
244 3241 293 3311 qui
311 3247 462 3311 portarunt
479 3240 586 3295 termas
603 3247 714 3296 trusere
732 3239 848 3305 terinos,

159 3326 263 3384 Ellecti
278 3331 401 3384 canibus
417 3329 541 3388 similes.
557 3330 719 3400 suibusque
736 3327 851 3396 lutosis,

159 3420 214 3472 Per
226 3433 298 3487 quos
314 3420 471 3488 degeneres
486 3418 662 3487 emollitique
678 3425 827 3484 notentur,

158 3504 304 3562 Ducentos
321 3523 455 3576 pecorum
472 3507 644 3563 dominante
661 3506 781 3562 libidine
793 3509 893 3562 vitum.

156 3598 178 3649 0
194 3610 287 3666 genus
304 3596 455 3651 hominum
472 3596 602 3651 lmellitu
618 3613 730 3652 venena
746 3600 857 3661 caveto,

155 3683 189 3739 Et
205 3684 428 3742 dulcescentes
444 3692 627 3757 tractumque
643 3685 790 3756 voraginis
806 3702 890 3753 uerte,

153 3772 211 3830 Nec
228 3780 255 3828 tc
271 3776 421 3845 compositi
438 3777 559 3830 seducat
575 3776 667 3847 gratia
684 3776 793 3840 vultus,

150 3863 300 3918 Flammea
316 3872 442 3930 urentes,
459 3880 625 3936 serumque
641 3865 742 3921 timeto
758 3864 925 3923 draconem.

153 3951 184 4008 Sl
201 3954 329 4007 t'ormosa
347 3957 430 4008 vocet
441 3951 548 4010 mulier
564 3962 591 4009 te
607 3953 706 4010 tuliore
721 3971 864 4026 quaerens,

153 4041 257 4114 Tuque
272 4043 325 4098 tibi
340 4043 436 4100 tideus
452 4061 590 4117 properas
606 4051 752 4100 certamen
767 4046 841 4103 inire

153 4133 269 4189 Pectore
286 4134 406 4191 robusto
422 4151 565 4206 spernens
580 4133 698 4190 hostilis
713 4134 771 4190 tels

154 4221 276 4280 Falleris
294 4224 434 4297 ignarus:
453 4243 509 4281 nco
523 4226 584 4282 hec
596 4224 766 4282 certaminis
781 4225 872 4297 hujus

152 4317 208 4368 Lex
224 4316 280 4379 est,
298 4321 327 4367 ut
344 4315 437 4385 prussis
453 4323 587 4370 conserta
602 4318 716 4370 vincere
732 4331 839 4387 pugna.

151 4401 272 4458 Praestat
288 4401 362 4457 inire.
378 4402 489 4476 lugam,
515 4404 698 4476 pedibusque
717 4419 819 4476 putare
836 4401 973 4465 salutem.

151 4490 181 4547 Si
199 4492 285 4563 tugis,
300 4491 424 4548 evades·
443 4493 467 4547 si
483 4492 681 4565 congrederis,
696 4493 831 4559 cupieris.

154 4581 209 4637 Sed
227 4597 321 4652 neque
337 4583 481 4652 despicias
497 4598 611 4644 moneo,
627 4581 697 4654 quia
712 4581 845 4655 Gorgone
861 4583 922 4640 viss

156 4668 284 4726 Vertitur
297 4671 325 4726 in
342 4670 467 4744 lapidem
482 4672 650 4744 quicunque
663 4670 784 4726 libidine
800 4677 903 4744 torpet.

156 4757 296 4832 Quisquis
311 4759 339 4814 in
357 4761 501 4822 sceleste.
517 4762 618 4815 mnndi
635 4768 713 4816 serat
728 4777 854 4832 equora,
875 4762 940 4819 navi

154 4844 191 4902 Ut
206 4855 294 4918 queat
306 4855 437 4919 optatum
456 4850 552 4921 patrita
569 4849 735 4920 contingere
752 4857 879 4920 portum,

154 4936 326 4991 Dutciecnos
341 4944 489 4994 cantuset
505 4940 611 4994 blande
625 4939 873 5010 permutavimus,

152 5023 292 5089 Dcemute
308 5025 438 5096 legitimo
453 5029 604 5084 conclusas
619 5028 730 5082 muniat
746 5045 831 5085 aures

153 5115 301 5170 Astrictus
316 5115 393 5186 tigno
408 5117 499 5173 divini
517 5122 584 5175 tune
599 5117 713 5174 timoris
727 5134 734 5184 ;

159 5202 282 5275 Lignum
300 5214 399 5261 nostre
410 5206 490 5263 sulus
501 5216 636 5276 orasset,
653 5209 730 5263 vetut
745 5209 773 5263 in
791 5212 851 5264 rate
867 5207 975 5277 malus,

157 5292 215 5350 Nee
227 5299 305 5352 carel
319 5300 464 5357 antennis.
481 5315 544 5368 quas
560 5303 628 5351 sunt
642 5299 699 5351 duo
716 5299 834 5354 brachie
848 5298 932 5371 ligni.

423 5384 633 5442 CAPtTULUhi
650 5386 699 5441 tv.

466 5490 503 5532 us
516 5488 659 5532 ultanus.

154 5559 186 5617 lu
200 5561 314 5622 cunetis
328 5577 403 5637 que,
419 5562 508 5623 dante
521 5563 743 5632 Demonassae
756 5564 891 5625 videntur

693 236 873 302 mussent
896 234 1144 300 REDONENSIS
1166 235 1346 301 uetsuoet

1010 372 1036 439 Α
1052 367 1160 427 Usibus
1175 369 1325 434 humanis,
1341 369 1383 426 nil
1397 368 1549 444 pulchrius
1559 385 1626 428 esse
1643 374 1795 443 putamus

1808 237 1874 301 ttttt

1047 458 1093 515 Ne
1111 460 1217 516 metius
1229 458 1351 516 muliere
1365 462 1449 530 bens,
1467 477 1532 534 que
1548 461 1644 533 portio
1662 461 1765 518 nostri

1047 551 1184 622 Corporis
1199 557 1254 617 eet,
1269 568 1374 608 sumus
1386 561 1475 624 atque
1490 569 1549 608 sue
1563 569 1614 609 nos
1631 553 1735 626 portio
1751 553 1858 623 carnis,

1047 643 1138 705 Quam
1155 657 1212 696 uon
1225 639 1371 697 immerito
1383 649 1492 697 naturae
1508 640 1569 712 lege
1586 641 1681 698 coacti

1047 731 1084 783 Ut
1100 729 1207 785 sociate
1222 730 1344 799 hunum,
1360 729 1404 786 vel
1419 747 1485 787 cum
1502 747 1556 788 nos
1570 730 1662 798 teuit,
1674 748 1830 804 amamus,

1046 815 1117 872 liam
1133 833 1198 877 cum
1215 821 1310 876 simos
1326 821 1415 890 idem,
1426 820 1481 876 sub
1495 821 1596 878 eadem
1612 821 1793 878 conditione

1045 904 1190 978 Vivimus,
1207 915 1236 964 et
1247 909 1319 965 nihil
1335 911 1466 981 estquod
1479 927 1535 967 noo
1548 926 1711 968 commuue
1727 927 1870 984 geramus,

1045 997 1077 1052 ln
1094 998 1343 1070 sanctissimum,
1359 1000 1440 1056 salvo
1454 1000 1627 1058 discrimine
1643 1017 1761 1059 sexust

1047 1086 1110 1150 tex.
1127 1093 1210 1144 ortus
1229 1104 1282 1160 par
1295 1098 1348 1154 est,
1363 1088 1510 1146 alimentis
1526 1092 1641 1147 utimur
1656 1091 1783 1160 iisdem,

1046 1177 1137 1248 dique
1151 1178 1301 1245 vestimur,
1313 1177 1413 1235 [tetum
1430 1181 1584 1252 risumque
1596 1196 1760 1238 movemus

1045 1264 1157 1320 attactu
1175 1264 1275 1333 simili,
1291 1282 1381 1322 sensu
1397 1266 1578 1325 dicernimus
1593 1285 1680 1339 equo

1045 1352 1113 1419 Qun
1129 1357 1215 1423 hona,
1232 1371 1297 1427 qus
1312 1355 1391 1412 mala
1406 1355 1477 1426 sint,
1501 1358 1571 1429 quid
1593 1358 1727 1429 lustum,
1751 1358 1824 1432 qnid
1837 1360 1869 1417 sit

1677 1448 1838 1521 [iniquum.

1045 1536 1080 1589 Et
1094 1547 1230 1590 sermone
1245 1534 1307 1608 pari
1322 1535 1588 1593 sententia'mutoa
1598 1537 1703 1594 currit.

1044 1622 1123 1679 tuter
1136 1622 1306 1679 consimiles
1319 1633 1475 1697 grotesque
1489 1625 1597 1683 reterre
1610 1626 1749 1685 vicissim

1003 1727 1028 1795 Β
1045 1710 1197 1780 Novimus,
1214 1712 1317 1769 ciliciis
1332 1713 1501 1788 alternaque
1514 1713 1593 1772 dona
1607 1716 1729 1785 mereri,

1042 1801 1075 1860 m
1089 1802 1325 1860 daraconsilium
1341 1819 1400 1876 quc
1420 1805 1505 1861 noxia
1524 1807 1762 1864 submoveantur

1041 1891 1101 1948 lata
1114 1892 1157 1947 vir
1168 1898 1199 1949 et
1215 1892 1321 1949 mulier
1333 1894 1529 1951 cummuniter
1539 1896 1640 1952 omnia
1657 1903 1784 1967 possunt

1041 1981 1108 2046 One
1120 1986 1236 2039 erinstat
1251 1982 1346 2041 brutis
1361 1984 1561 2041 animantibus
1576 2000 1642 2043 esse
1656 1992 1776 2058 negate,

1041 2068 1099 2126 Nec
1116 2077 1210 2127 temen
1228 2071 1355 2129 etmulti
1369 2075 1505 2146 eupiunt,
1520 2079 1547 2130 et
1562 2076 1695 2131 amanda
1708 2077 1834 2133 latentur

1041 2162 1145 2220 10⁰2
1161 2166 1230 2230 Quas
1259 2164 1372 2222 ratione
1400 2171 1512 2234 carent,
1541 2166 1759 2224 sirunttamen
1785 2175 1864 2239 stqas

1657 2255 1835 2331 [moventur.

1040 2345 1164 2416 sterque
1179 2342 1271 2415 gradu
1287 2342 1320 2416 [s.
1349 2345 1491 2418 Stsntqua
1519 2345 1625 2419 gradu]
1651 2347 1741 2405 nobis
1765 2352 1862 2407 usmis

1557 2435 1674 2508 [junctu
1695 2436 1836 2499 secondo.

1041 2520 1152 2578 lierbas
1168 2527 1196 2578 et
1210 2521 1297 2580 liores
1312 2529 1341 2579 et
1355 2530 1461 2581 cuncta
1474 2525 1600 2582 virentia
1613 2531 1715 2595 terre,

1039 2610 1108 2676 Qus
1123 2611 1203 2667 eulttr
1216 2612 1329 2667 humori
1347 2614 1454 2669 mistus
1469 2614 1632 2686 nutritque,
1651 2616 1800 2689 fovetque,

1040 2700 1254 2756 incrementum
1272 2701 1358 2767 dans,
1374 2707 1403 2757 et
1416 2703 1492 2759 tices
1507 2703 1719 2762 lruetillcandi.

1040 2787 1165 2845 Putchrs
1175 2789 1431 2861 putantbomines,
1443 2791 1572 2847 animam
1586 2801 1688 2850 tamen
1705 2793 1764 2852 iata
1774 2809 1860 2852 carere

1038 2875 1099 2932 Non
1117 2878 1298 2950 ignorantes,
1314 2877 1453 2935 sedenim
1470 2881 1628 2937 crescendo
1645 2891 1816 2940 moventur.

1038 2966 1154 3023 Tertius
1170 2984 1239 3039 ergo
1253 2968 1452 3039 gradusdccet
1467 2968 1859 3045 baecminusesseprobundt

998 3102 1020 3169 c
1039 3058 1148 3125 Vestes,
1165 3063 1334 3130 argentum,
1349 3075 1482 3130 gemmas
1493 3077 1671 3135 aurumque.
1687 3064 1735 3120 vel
1751 3080 1833 3121 omns

1039 3148 1119 3213 Quod
1139 3154 1219 3203 motu
1237 3154 1326 3215 curet,
1342 3154 1483 3204 ettamen
1499 3156 1543 3205 est
1558 3151 1691 3219 optabile
1702 3152 1778 3222 visu,

1036 3236 1294 3302 Quamvisnncbis
1306 3235 1391 3308 longe
1403 3239 1546 3312 longeque
1555 3238 1590 3312 [s.
1604 3240 1739 3314 lateque]
1750 3246 1858 3311 mmclt,

1034 3323 1143 3389 Quarto
1159 3326 1269 3396 quippe
1285 3325 1347 3381 loco
1365 3331 1477 3382 nature
1492 3327 1555 3400 lege
1571 3335 1727 3386 tenenttr.

1033 3413 1217 3470 Admiranda
1231 3419 1327 3470 terunt
1340 3417 1428 3471 etiarn
1442 3417 1551 3489 quibus
1566 3418 1627 3474 ists
1639 3425 1799 3492 negantur.

1034 3501 1110 3574 Ergo
1126 3518 1192 3558 cum
1211 3504 1316 3559 mulier
1328 3505 1367 3559 sit
1383 3504 1499 3578 dignior
1513 3507 1657 3564 omnibus
1673 3509 1755 3579 istis,

1033 3590 1170 3647 Putchior
1185 3597 1317 3664 argento,
1337 3593 1414 3649 tutuo
1431 3594 1584 3666 pretiosior
1598 3613 1686 3666 suro,

1033 3677 1220 3750 splendidior
1234 3681 1373 3752 gemmis,
1389 3683 1459 3754 quis
1475 3680 1540 3740 luce
1555 3690 1658 3741 carent
1674 3687 1810 3756 rationis,

1033 3769 1115 3833 Ouod
1131 3769 1263 3824 mirande
1282 3771 1388 3843 magis,
1404 3770 1448 3827 vel
1464 3772 1541 3845 quod
1559 3774 1659 3846 potius
1674 3777 1718 3832 sit
1738 3774 1853 3834 amanda

1033 3859 1073 3915 Ex
1088 3857 1266 3931 supradictis
1282 3866 1395 3916 certum
1416 3867 1550 3918 constare
1566 3869 1725 3935 putamus.

1031 3945 1082 4004 His
1097 3948 1166 4004 iicet
1179 3963 1213 4003 ex
1228 3947 1290 4005 solo
1305 3950 1494 4006 venientibus
1510 3953 1612 4010 ordine
1627 3954 1730 4012 causis

1030 4035 1146 4093 Nature
1155 4039 1229 4110 jesti
1247 4053 1323 4094 nexu
1340 4039 1486 4097 sociamur
1499 4042 1620 4110 emeris,

1029 4124 1108 4191 Quas
1121 4131 1220 4182 tamen
1240 4141 1276 4182 ex
1292 4142 1375 4198 equo
1391 4143 1479 4184 sexus
1494 4130 1624 4201 partitur
1638 4135 1768 4206 uterque

1028 4218 1087 4270 Nec
1099 4215 1199 4270 minus
1213 4215 1272 4271 ists
1286 4217 1355 4272 viris
1371 4223 1442 4272 sunt
1456 4235 1544 4291 quem
1561 4220 1744 4279 mutieribus
1754 4226 1828 4295 spis.

1028 4305 1081 4359 Sed
1099 4311 1169 4360 sunt
1185 4307 1276 4361 muita
1290 4305 1400 4378 quihus
1412 4308 1565 4364 muliebris
1580 4308 1758 4368 sollicitudo

1029 4391 1191 4458 Preminet,
1207 4399 1235 4450 et
1251 4395 1398 4466 proprium
1415 4397 1465 4451 det
1476 4398 1585 4454 mondo
1603 4398 1715 4455 lemine
1728 4416 1849 4467 uuum,

989 4466 1013 4532 Il
1030 4486 1120 4549 Quem
1132 4482 1156 4539 sl
1167 4484 1353 4550 submoveas,
1364 4486 1514 4543 bominum
1526 4503 1621 4559 genus
1634 4506 1728 4547 omne
1744 4491 1849 4564 peribit,

1031 4579 1103 4632 Nam
1120 4575 1144 4631 si
1156 4575 1232 4631 desit
1242 4590 1311 4646 ager
1325 4594 1406 4651 rogo,
1422 4580 1491 4650 quid
1505 4586 1556 4636 tua
1570 4582 1690 4640 semine
1711 4579 1850 4657 presenti

1031 4665 1103 4728 Quis
1118 4671 1207 4735 queat
1220 4681 1285 4722 esse
1300 4680 1391 4737 pater,
1407 4668 1431 4723 si
1447 4669 1523 4726 desit
1536 4670 1648 4728 lemine
1660 4672 1784 4730 matert

1031 4750 1161 4807 Transeo
1177 4755 1353 4823 pressantis
1368 4756 1457 4811 duros
1473 4755 1636 4831 longosque
1651 4757 1784 4830 labores,

1030 4838 1120 4894 Anxia
1137 4846 1273 4911 proteres
1288 4843 1446 4900 cruciantis
1462 4850 1591 4918 tempora
1607 4854 1715 4919 partus

1022 4933 1093 4997 ‹Quo
1102 4947 1155 4986 nos
1164 4930 1193 4986 in
1204 4932 1298 4988 iucem
1312 4940 1405 4990 mater
1415 4935 1611 4992 christissima
1621 4936 1657 5010 [s.
1669 4932 1848 5010 tristissima]

1727 5029 1821 5085 tundit

1029 5107 1096 5163 Mox
1112 5107 1204 5179 pretio
1220 5109 1307 5180 protis
1321 5113 1418 5169 tantos
1433 5112 1523 5170 oblita
1535 5113 1665 5172 dotores.
1711 5026 1723 5102 [

1029 5198 1100 5263 Quis
1117 5214 1217 5268 precor
1232 5198 1286 5254 hoc
1297 5201 1435 5257 meritum
1446 5202 1534 5276 digno
1545 5200 1848 5276 compensstsmorsl

1029 5286 1131 5343 Dicere
1145 5288 1248 5358 quisve
1264 5294 1359 5360 potest
1372 5307 1404 5347 se
1420 5302 1541 5350 matrem
1558 5310 1617 5350 non
1634 5294 1806 5353 habuisset

1029 5376 1121 5433 Mutia
1137 5392 1249 5433 mtncrs
1264 5379 1394 5452 quidem,
1409 5381 1462 5439 sed
1476 5399 1541 5456 quas
1555 5389 1654 5441 tamen
1669 5386 1769 5461 exigit
1786 5396 1847 5443 ustt

1028 5464 1097 5523 viee
1111 5465 1409 5543 [s.rite]comrnunis,
1424 5472 1477 5530 tihi
1487 5471 1597 5531 leutius
1610 5472 1678 5532 scis
1693 5474 1848 5544 missust.

1027 5556 1099 5617 rtem
1114 5556 1181 5633 qais
1195 5558 1320 5620 ostrida
1334 5567 1433 5623 sumet
1446 5563 1504 5624 uisi
1518 5563 1628 5629 lectius
1639 5579 1763 5642 enm,
