3802 6030
153 253 232 317 1095
640 248 731 308 VEN.
755 246 994 308 sinuessam
1015 247 1208 309 cauouau.
1233 238 1342 310 uslso
1779 250 1860 313 1096

150 389 256 446 ludam
274 385 415 441 suscitare
430 385 459 439 in
477 386 573 438 mento
584 381 598 436 ‘l
610 381 707 437 Potuit
717 381 848 452 quidam,
859 380 910 436 sed
923 396 974 435 no·
990 383 1016 448 Α
1031 381 1180 451 possibilia
1194 382 1263 452 Deo,
1283 383 1330 438 sed
1352 381 1451 438 nullus
1466 381 1588 439 miseric
1600 385 1707 439 nostre.
1717 385 1858 441 sanondae

151 479 216 534 luit.
227 476 268 531 Ad
285 473 355 528 illud
368 472 444 543 quod
455 471 580 526 dicimus
591 469 683 526 Deum
695 486 781 541 possa
793 469 887 525 iacere
898 485 977 540 que·
1030 471 1257 543 convenientior,
1274 487 1326 527 nec
1351 478 1449 527 tamen
1474 472 1607 528 dicemus
1628 488 1634 527 :
1666 472 1773 528 Debuit
1801 474 1858 530 alio

152 567 219 622 dam
235 579 297 634 εεε)
312 578 368 616 non
384 559 445 614 vult
461 558 905 631 inaere‚opponituril1udquod
920 566 976 612 au·
1030 560 1118 615 modo
1134 560 1293 617 redemisse
1317 561 1472 627 mundum,
1499 563 1541 617 vel
1567 577 1624 616 non
1650 562 1765 625 debuit,
1790 562 1860 635 quia

151 652 289 726 guatinas
305 650 375 705 dicit
392 649 420 704 in
438 649 488 704 lin.
504 650 544 704 De
560 648 696 720 Symbola
711 652 791 703 :Hoc
807 646 901 704 solum
919 664 975 703 non
1030 648 1102 704 nihil
1119 664 1152 704 ex
1168 649 1275 719 debito,
1293 651 1342 706 sed
1356 651 1418 707 sola
1429 651 1560 707 bonitate
1573 651 1661 719 iacit;
1677 651 1858 708 bominesox

152 746 245 814 potest
259 742 350 794 tacere
363 742 437 793 Deus
448 739 525 810 quod
539 754 595 792 non
604 738 677 807 vult,
687 742 714 793 et
726 737 766 792 ita
776 736 888 792 videtur
898 737 975 809 quod
1029 738 1127 793 debito
1140 739 1258 805 iaciunt,
1270 739 1319 811 qui
1333 738 1467 794 meliores
1479 740 1546 795 inde
1558 741 1641 805 liunt,
1650 738 1859 797 veldetsriorea

151 848 209 888 εεε
224 828 315 901 possit
330 830 423 884 iacere
440 828 551 900 aliquid
568 827 715 899 quodnon
726 824 798 882 vult.
813 826 870 882 Sed
881 825 976 881 itaer·
1029 827 1053 883 si
1070 844 1126 883 non
1144 828 1270 884 iaciunt.

151 918 319 993 ponendum
336 926 377 972 est
396 917 466 972 illud
483 934 489 972 :
506 916 564 972 lioc
580 916 676 972 solum
692 933 751 972 εοε
768 919 863 988 potest
884 914 976 970 lacere
1064 915 1165 972 Solent
1179 919 1275 974 dicere
1291 919 1412 990 quidam
1424 918 1502 990 quod
1514 934 1547 974 ea
1558 934 1620 989 que
1631 919 1701 974 tacit
1712 919 1790 976 Deua
1801 935 1856 975 non

149 1009 228 1082 quod
245 1024 302 1062 non
319 1006 390 1073 vult,
413 1006 441 1061 id
462 1011 505 1062 est
523 1005 594 1060 nihil
621 1008 718 1077 potest
743 1004 836 1060 iacere
860 1002 974 1059 nolens.
1029 1012 1122 1078 potest
1138 1007 1258 1063 meliora
1275 1008 1378 1074 lacere,
1394 1009 1473 1080 quia,
1489 1009 1513 1063 si
1531 1013 1640 1079 posset,
1652 1008 1773 1075 iaceret,
1785 1012 1815 1065 et
1835 1012 1859 1066 si

148 1103 210 1154 Non
227 1098 304 1152 enim
322 1101 495 1165 potestesse
511 1100 543 1151 ut
559 1093 661 1150 nolens
677 1094 763 1150 iaciat
779 1092 900 1164 aliquid,
925 1091 974 1164 qui
1030 1112 1087 1151 non
1103 1101 1201 1167 posset
1217 1097 1334 1153 invidus
1350 1101 1438 1153 esset.
1455 1097 1638 1168 Augustinus
1654 1097 1683 1151 iu
1706 1098 1759 1153 lib.
1781 1098 1857 1162 Quaa-

148 1185 213 1259 cogi
230 1202 287 1241 non
301 1191 403 1257 potest.
1029 1185 1158 1242 alionum
1174 1186 1322 1259 octoginta
1337 1189 1424 1243 trium
1439 1203 1445 1241 :
1462 1192 1538 1242 Deus
1553 1202 1641 1259 quem
1657 1187 1774 1258 gannit,
1791 1204 1861 1256 uiuo·

187 1279 259 1331 ltcm
273 1275 445 1345 opponitur:
463 1273 607 1345 Quidquid
625 1278 720 1346 potest
730 1279 805 1329 Deus
816 1273 910 1328 iacere
924 1287 975 1343 po·
1029 1276 1108 1331 niam
1121 1276 1270 1333 meliorem
1282 1293 1313 1332 se
1327 1293 1466 1348 generare
1486 1293 1543 1332 non
1557 1276 1659 1346 potuit,
1672 1276 1758 1338 tnihu
1780 1278 1856 1333 enim

148 1371 207 1424 ιεει
218 1365 300 1421 valle.
312 1365 365 1420 Sel
379 1365 516 1436 quiddam
528 1365 726 1435 potestlucere
738 1363 815 1435 quod
830 1379 886 1418 non
897 1362 975 1416 vult:
1028 1369 1087 1420 Deo
1104 1365 1218 1433 melius)
1243 1367 1344 1435 genuit
1370 1364 1521 1436 aqualem.
1547 1365 1576 1420 si
1600 1363 1679 1419 enim
1705 1365 1813 1436 potuit,
1832 1370 1859 1420 et

147 1460 242 1529 potnst
259 1457 349 1528 igitur
364 1455 436 1512 velle
452 1455 529 1527 quod
546 1472 604 1510 ann
615 1454 675 1509 vult
689 1474 696 1522 ;
709 1459 747 1521 et,
762 1454 787 1509 si
799 1456 895 1525 potest
906 1452 978 1510 velle
1030 1454 1134 1521 noluit,
1150 1454 1267 1510 invidus
1282 1462 1334 1510 εει.
1352 1454 1385 1509 ut
1399 1470 1434 1509 ex
1451 1455 1504 1509 hoc
1519 1453 1621 1508 volunt
1632 1453 1730 1509 dicere
1743 1455 1822 1526 qnod
1835 1455 1858 1509 si

146 1545 226 1618 quod
242 1562 299 1601 nun
315 1544 384 1610 uult,
403 1545 554 1601 mutabilis
568 1548 614 1599 est
628 1543 765 1600 voluntas
786 1559 850 1612 sua,
866 1558 919 1599 nec
933 1546 979 1598 eat
1032 1551 1130 1615 posset
1145 1543 1222 1600 Deus
1239 1560 1299 1599 rem
1316 1543 1465 1599 meliorem
1481 1544 1586 1609 iacere,
1604 1546 1633 1597 ει
1656 1559 1716 1598 εεε
1742 1544 1859 1609 iaceret,

147 1637 266 1701 eterna,
277 1635 327 1690 sed
338 1633 442 1706 incipit
453 1632 532 1689 aliud
543 1632 615 1688 vello
627 1632 703 1703 quod
717 1632 796 1702 prius
821 1647 879 1687 non
901 1629 978 1686 vole·
1030 1633 1147 1690 invidus
1162 1638 1250 1701 esset,
1267 1634 1315 1688 sed
1333 1633 1389 1703 [25]
1406 1649 1463 1688 aon
1488 1630 1562 1687 valet
1588 1631 1697 1699 simile,
1720 1632 1789 1704 quia
1814 1632 1859 1687 Fi·

150 1724 212 1779 bat.
231 1723 411 1795 Augustinus
424 1724 452 1778 in
469 1722 521 1778 lib.
538 1722 742 1792 Corssessionum
759 1721 810 1793 (lib
822 1737 938 1793 vu,cap.
954 1712 980 1782 ll
995 1766 1018 1831 B
1033 1722 1105 1778 lium
1117 1724 1218 1795 genuit
1228 1739 1262 1778 ex
1274 1722 1441 1778 substantia
1451 1738 1505 1777 sua
1517 1720 1620 1775 Filium
1633 1720 1744 1793 gannit,
1755 1721 1782 1777 ai
1793 1739 1861 1794 pos-

149 1813 313 1883 loquensad
321 1811 559 1878 Deum,ait:Neo
568 1811 684 1883 cogeris
698 1810 849 1867 invitusad
857 1809 978 1881 aliquid,
1033 1817 1078 1869 eet
1092 1814 1170 1869 idem
1185 1811 1326 1884 aqualem
1342 1813 1446 1880 lacere,
1462 1815 1491 1865 et
1515 1827 1571 1865 non
1596 1811 1717 1879 laceret,
1741 1809 1861 1865 invidus

150 1900 219 1974 quia
233 1901 370 1958 voluntas
385 1906 437 1958 tua
452 1918 509 1956 non
528 1901 621 1971 major
637 1917 725 1972 quam
742 1901 881 1973 potentia.
899 1900 982 1957 llsset
1031 1909 1119 1961 asset.
1131 1903 1193 1959 Alia
1203 1904 1333 1975 quidem,
1346 1919 1409 1974 quse
1421 1917 1478 1957 uon
1490 1902 1525 1956 de
1536 1902 1702 1957 substantia
1712 1917 1770 1957 sua
1782 1901 1858 1967 lecit,

150 1998 246 2049 autom
263 1992 367 2063 major,
383 1993 408 2049 si
424 1997 452 2048 te
467 1992 531 2064 ipso
548 1996 577 2047 tu
599 2008 679 2048 esses
694 1993 796 2062 major.
811 1991 895 2048 Unde
906 1991 984 2046 vids·
1031 1993 1126 2067 potuit
1141 1992 1263 2049 meliora
1274 1993 1391 2063 iacere]
1403 1992 1587 2063 Augustinus
1599 2007 1689 2062 super
1699 1990 1857 2047 Genesim:

147 2084 197 2137 tur
209 2084 289 2154 quod
307 2098 365 2137 non
383 2081 474 2149 possit
490 2082 567 2137 Deus
584 2082 677 2137 iacere
691 2079 801 2152 aliquid
818 2081 895 2152 quod
919 2079 981 2136 vult
1029 2083 1128 2139 Talem
1141 2083 1236 2154 potuit
1246 2081 1323 2137 Deus
1336 2081 1484 2136 hominem
1498 2080 1599 2135 senisse
1610 2079 1658 2152 qui
1672 2096 1726 2135 nec
1738 2096 1861 2151 peccare

147 2172 251 2228 laccrc.
270 2173 310 2227 ud
327 2172 406 2244 quod
423 2177 517 2244 potest
532 2170 588 2227 dici
601 2187 607 2225 :
624 2171 705 2236 Quod
722 2170 858 2226 uoluntas
871 2168 920 2225 Dei
933 2184 980 2225 aa·
1030 2176 1138 2246 posset,
1155 2189 1207 2229 uec
1221 2171 1308 2227 vellet
1319 2191 1326 2240 ;
1339 2175 1376 2237 et,
1389 2171 1411 2226 si
1424 2170 1512 2226 talem
1524 2171 1650 2230 fecisset.
1663 2171 1730 2240 quis
1741 2169 1862 2225 dubitat

146 2260 254 2333 cipitur
271 2260 373 2317 multis
389 2261 494 2328 modis,
512 2266 544 2316 ut
555 2259 841 2331 supraassignutum
853 2263 899 2315 εει
911 2276 917 2315 :
930 2259 980 2315 all.
1028 2278 1096 2318 eum
1111 2261 1259 2317 meliorem
1276 2260 1390 2316 luisse?
1405 2260 1600 2325 Quaerendum
1616 2263 1661 2314 est
1675 2258 1805 2329 qualiter
1818 2257 1862 2313 in·

37 2334 40 2341 ¹
60 2364 63 2373 ·
151 2351 269 2422 quondo
281 2368 332 2423 pro
343 2352 446 2406 ellectu
460 2350 563 2405 divine
575 2348 744 2416 voluntatis,
758 2349 915 2421 aliquando
927 2365 978 2420 pro
1030 2351 1161 2424 telligant
1176 2367 1235 2408 rem
1253 2368 1309 2407 non
1326 2367 1412 2422 possa
1427 2366 1491 2405 essa
1507 2348 1670 2415 meliorem,
1682 2348 1707 2404 si
1720 2349 1788 2404 ideo
1800 2365 1859 2404 εεε

148 2455 257 2510 eaque
270 2440 298 2493 in
311 2440 435 2508 licceat,
448 2437 740 2511 quaeestipseDeus.
755 2440 825 2494 Cum
838 2454 906 2510 ergo
919 2450 978 2494 Ao·
1028 2445 1198 2514 potestesse
1210 2439 1323 2508 melior,
1336 2441 1403 2510 riuis
1416 2440 1513 2510 majus
1524 2438 1633 2494 honum
1647 2438 1758 2509 quodsi
1766 2437 1861 2505 deest,

146 2529 285 2600 guatinas
304 2529 392 2584 dicit:
410 2528 500 2584 Multa
516 2535 611 2600 potest
627 2531 720 2584 iacere
736 2528 813 2584 Deua
828 2544 892 2600 que
916 2544 975 2584 non
1027 2527 1092 2603 ipsa
1107 2544 1209 2601 capere
1225 2544 1283 2584 nou
1300 2533 1403 2599 potest.
1420 2528 1500 2593 Quod
1517 2528 1542 2582 si
1558 2527 1661 2583 1042
1675 2526 1716 2582 ita
1735 2532 1792 2593 est,
1808 2544 1862 2599 po·

29 2628 32 2635 ·
146 2616 220 2686 vult,
235 2617 269 2671 nd
287 2618 421 2674 allectum
439 2619 574 2689 respexit,
586 2618 614 2672 id
627 2624 671 2673 est
682 2635 746 2689 que
758 2634 815 2673 non
827 2621 974 2687 operatur,
1028 2623 1163 2676 tentasse
1178 2618 1284 2674 melior
1299 2618 1326 2674 si
1341 2618 1392 2673 fiet
1406 2633 1497 2689 capax
1514 2616 1635 2687 majoris
1652 2617 1731 2684 boni,
1743 2617 1821 2686 quod
1832 2622 1863 2673 et

149 2711 244 2779 potest
256 2706 380 2776 operari.
398 2711 460 2763 tion
476 2708 554 2762 enim
571 2724 606 2762 ex
621 2706 793 2777 impotentia
804 2705 934 2776 dimittit,
946 2711 976 2762 at
1027 2712 1090 2784 ipse
1101 2712 1151 2783 qui
1161 2711 1230 2767 lecit
1240 2713 1346 2782 potest.
1358 2709 1409 2764 llln
1420 2713 1518 2765 tamen
1530 2707 1637 2765 locutio
1647 2715 1691 2763 est
1702 2708 1860 2781 ambigua:

145 2795 305 2853 secundum
323 2796 376 2852 hoe
393 2800 497 2866 potest.
514 2796 590 2852 diei:
609 2802 704 2852 Ρειεει
719 2796 794 2852 Deus
808 2795 880 2851 velle
896 2795 975 2868 quod
1027 2800 1105 2857 Deus
1120 2804 1215 2873 potest
1229 2799 1345 2865 melius,
1363 2799 1469 2855 melius
1485 2800 1587 2855 iacere.
1601 2797 1630 2852 si
1647 2796 1725 2852 enlm
1742 2796 1784 2853 ita
1807 2813 1861 2853 ex-

145 2901 202 2941 non
214 2886 286 2941 vult.
298 2884 399 2953 Sed,si
412 2886 448 2941 de
459 2885 525 2957 ipsa
536 2885 584 2940 Dei
596 2884 972 2957 voluntateloquimurquc
1028 2894 1175 2963 ponatur:
1192 2893 1286 2946 Potest
1303 2889 1419 2954 melius,
1447 2888 1474 2942 id
1503 2893 1548 2943 εει
1572 2887 1687 2943 meliori
1712 2885 1863 2958 sapientia

145 2984 191 3032 est
204 2975 260 3032 hcc
273 2975 347 3047 quod
364 2976 436 3047 ipse,
453 2976 526 3031 nihil
542 2982 638 3048 potest
654 2978 747 3032 iacere
759 2976 815 3031 nisi
828 2976 883 3032 hoc
894 2979 971 3050 quod
1027 2978 1139 3050 aliquid
1156 2978 1262 3044 lacero,
1278 2978 1351 3034 lalsn
1366 2983 1422 3043 εει,
1434 2978 1572 3048 quianon
1585 2975 1793 3048 potestsugeri
1806 2992 1864 3032 sua

146 3064 218 3135 suit,
231 3065 304 3121 ninii
316 3070 411 3137 potest
421 3066 494 3122 velle
507 3065 562 3121 nisi
573 3067 650 3136 qirod
665 3065 734 3121 solt.
750 3067 825 3121 ldem
838 3065 915 3121 anim
926 3071 972 3122 est
1029 3068 1189 3140 sapientia:
1206 3069 1256 3124 aed
1274 3066 1329 3123 hoc
1345 3068 1431 3122 modo
1446 3083 1512 3122 vcra
1525 3071 1588 3122 est:
1615 3069 1712 3122 Potest
1736 3064 1856 3134 melius,

143 3156 225 3222 vella,
242 3157 341 3213 1041
367 3158 443 3228 quod
468 3173 551 3225 esae;
569 3156 645 3213 idem
670 3157 758 3213 etism
781 3157 866 3225 velle,
892 3159 969 3230 quod
987 3125 1008 3192 G
1030 3160 1058 3215 id
1074 3164 1119 3216 est
1134 3158 1282 3215 meliorem
1298 3173 1359 3214 rem
1375 3158 1478 3213 iacere.

143 3265 248 3321 posse:
265 3255 294 3305 et
309 3249 374 3305 ideo
390 3250 575 3322 Augustinus
588 3250 658 3305 dicit
671 3266 678 3302 :
692 3248 753 3306 Non
764 3256 807 3304 est
819 3249 912 3318 major
923 3265 971 3304 vo·
1146 3257 1150 3264 ·
1343 3247 1459 3302 CAPUT
1477 3246 1535 3302 llll.

143 3336 243 3395 luntas
254 3355 340 3410 quom
355 3339 493 3411 potentis.
507 3338 556 3395 Vel
571 3339 623 3394 linc
635 3338 677 3393 vel
689 3338 745 3394 alio
758 3339 843 3394 modo
854 3353 971 3410 compe·
1271 3337 1310 3391 De
1323 3334 1377 3407 fide
1394 3335 1609 3391 iucarnationis.

140 3426 214 3483 tenti
234 3430 329 3497 potest
344 3426 480 3498 predicta
494 3426 684 3482 contrarietas
700 3425 783 3481 solvi.
1065 3428 1148 3483 Nunc
1164 3426 1199 3481 de
1216 3423 1267 3480 illa
1286 3429 1367 3496 parta
1384 3422 1449 3478 [idei
1465 3427 1511 3478 est
1527 3425 1685 3493 agendum,
1698 3438 1758 3492 quc
1771 3423 1865 3477 adse.

178 3516 240 3570 Non
256 3519 301 3570 est
315 3515 362 3570 hic
379 3515 661 3585 pretermittendum
682 3515 826 3586 quosdam
851 3514 972 3571 seientia
1027 3520 1210 3575 crumentum
1222 3511 1620 3584 iucarnationispertinet.Ut
1632 3512 1673 3567 ait
1684 3508 1857 3582 Apostolus:

145 3603 263 3660 inflatos
279 3603 373 3658 dicere
389 3603 480 3659 Deum
498 3620 554 3658 non
572 3620 657 3674 posse
674 3604 767 3659 lucere
782 3603 861 3660 aliud
881 3621 969 3676 quam
1026 3631 1040 3658 n
1056 3606 1136 3663 Misit
1150 3605 1227 3660 Deus
1243 3601 1351 3659 Filium
1367 3617 1455 3657 suum
1471 3603 1499 3657 in
1516 3601 1742 3658 similitudinem
1754 3598 1857 3655 carnis

141 3692 221 3759 tacit,
240 3691 283 3746 vel
299 3692 443 3748 dimittere
457 3691 565 3762 aliquid
586 3693 621 3748 do
642 3692 688 3748 his
703 3709 767 3763 qun
787 3693 865 3765 lacit,
892 3696 969 3766 quod
1025 3696 1147 3770 peccati,
1163 3702 1195 3750 ut
1210 3694 1246 3750 de
1270 3694 1387 3763 peccato
1412 3692 1566 3747 damnaret
1590 3700 1741 3764 peccatum
1766 3690 1856 3761 (Rom.

141 3781 184 3837 ito
198 3779 301 3835 volunt
320 3784 470 3836 astruere:
493 3781 638 3850 Quidquid
656 3786 732 3838 Deus
757 3783 836 3851 lucit,
862 3788 968 3840 tionum
1024 3803 1074 3854 vu,
1090 3786 1129 3858 3).
1149 3808 1159 3834 ι
1176 3783 1286 3850 Quibus
1302 3780 1396 3836 verbis
1411 3797 1445 3836 ax
1467 3785 1545 3851 parte
1561 3781 1655 3852 aperit
1681 3777 1856 3848 mysterium

141 3875 186 3926 est
200 3868 263 3924 lieri
278 3874 306 3924 et
318 3869 444 3938 justum,
457 3886 512 3926 non
525 3872 603 3926 enim
617 3878 709 3942 potest
720 3872 813 3929 iacere
824 3873 880 3929 nial
891 3875 967 3945 quod
1024 3876 1248 3934 incarnationis.
1265 3873 1307 3928 Ad
1325 3871 1379 3926 hoc
1394 3874 1472 3928 enim
1488 3873 1567 3928 venit
1586 3873 1614 3927 in
1640 3871 1799 3939 mundum,
1824 3872 1859 3925 ut

139 3957 253 4028 justum
270 3963 325 4024 ost,
344 3960 463 4029 siquod
486 3961 596 4015 bonum
621 3965 666 4016 est
689 3961 762 4030 iteri,
787 3978 839 4016 nco
864 3963 969 4019 debere
1024 3960 1852 4033 damnaratdialaolumethominemliberaret.Sed‚cum

140 4061 199 4101 non
216 4045 287 4101 lieri.
305 4047 400 4118 igitur
417 4047 489 4103 [teus
505 4064 562 4103 non
579 4047 664 4103 dehet
680 4064 735 4104 non
753 4050 845 4105 iacere
860 4065 893 4105 ea
904 4066 968 4122 que
1023 4057 1053 4112 in
1066 4055 1176 4111 mundo
1186 4057 1264 4109 εεεει
1277 4053 1367 4110 Filius
1380 4051 1440 4118 Qui,
1453 4051 1503 4123 qui
1516 4050 1626 4122 ubique
1636 4057 1689 4115 est,
1701 4049 1854 4119 quomodo

140 4136 226 4205 f⁰⁰llt
244 4136 368 4207 at‘1¹¹⁰‘l
384 4152 441 4192 ¹¹⁰³
466 4137 551 4193 d⁰bel
576 4154 631 4193 ¹¹⁰⁰
658 4142 772 4209 l³⁰l0⁵l3
790 4154 847 4194 ¹¹⁰⁰
873 4146 969 4212 P⁰l⁰⁵t
1023 4146 1145 4202 venitin
1166 4143 1336 4199 mundum?
1360 4142 1458 4208 Venit,
1484 4139 1554 4212 quia
1579 4134 1736 4195 invisibilis
1761 4152 1853 4209 appa·

141 4240 210 4297 ergo
226 4224 397 4299 laceroque
413 4226 492 4283 lacit.
510 4226 653 4284 Similiter
670 4228 793 4298 probant
806 4230 882 4299 quod
910 4246 967 4285 non
1023 4235 1083 4290 ruit
1097 4235 1162 4305 (26).

140 4315 227 4371 debet
243 4316 336 4372 iacere
351 4314 429 4372 aliud
441 4333 531 4388 quam
544 4317 620 4384 iacit,
633 4317 687 4372 hoc
699 4319 784 4373 modo
796 4336 803 4374 :
816 4318 894 4382 Quod
910 4335 966 4375 non
1058 4324 1138 4380 Sciet
1153 4321 1242 4394 queri
1260 4338 1349 4392 quare
1364 4336 1421 4376 non
1439 4321 1533 4383 Pater,
1550 4334 1603 4373 neo
1628 4315 1757 4388 Spiritus
1783 4332 1852 4370 san·

140 4404 211 4460 iaoit
226 4422 282 4462 non
299 4406 385 4462 debet
398 4406 471 4477 ilari,
487 4407 567 4479 qnia,
584 4407 609 4462 ei
624 4407 743 4464 deberet
758 4409 831 4474 lieri,
843 4408 915 4464 illul
928 4410 965 4465 t'a·
1021 4416 1087 4469 ctus
1098 4426 1215 4466 carnem
1230 4410 1403 4480 assumpsit,
1420 4409 1471 4465 sed
1488 4408 1569 4464 solus
1585 4405 1685 4461 Filius.
1701 4405 1743 4459 Ad
1769 4403 1851 4475 quod

138 4497 234 4560 ceret;
250 4499 281 4549 at
295 4496 373 4567 quod
390 4511 448 4552 non
465 4496 551 4552 dabat
563 4496 625 4552 ileri
641 4513 658 4551 a
675 4501 730 4553 Dec
746 4512 803 4552 non
819 4503 914 4568 potest
928 4500 964 4554 ab
979 4489 1004 4556 ll
1020 4505 1115 4574 potest
1129 4499 1184 4555 dici
1199 4515 1205 4553 :
1222 4499 1300 4563 Quod
1319 4498 1432 4553 Patrem
1450 4514 1507 4553 non
1528 4495 1636 4560 decuit,
1652 4493 1723 4566 quia
1746 4492 1774 4547 ei
1790 4509 1850 4548 nnn

139 4597 174 4637 ao
190 4582 271 4639 lieri:
290 4600 359 4657 ergo
385 4602 441 4643 non
468 4591 563 4658 potest
586 4586 682 4642 facere
705 4602 738 4642 ea
763 4602 826 4658 quse
847 4587 966 4642 dimittit
1020 4588 1155 4646 convenit
1166 4587 1251 4653 mitti,
1267 4603 1335 4643 cum
1352 4604 1407 4642 non
1423 4587 1461 4643 sit
1476 4586 1512 4642 ab
1529 4584 1604 4652 alio;
1623 4599 1676 4639 neo
1703 4580 1849 4654 Spiritum

138 4673 244 4730 lacere.
261 4675 329 4740 Sed,
345 4678 377 4731 ut
398 4676 469 4731 mihi
485 4676 606 4744 videtur,
624 4677 680 4733 sub
702 4677 754 4732 hoc
779 4677 866 4732 verbo
889 4677 966 4733 delict
1020 4675 1296 4737 senatumnealius
1316 4681 1393 4732 esset
1422 4675 1512 4731 Filius
1539 4676 1567 4728 in
1598 4673 1798 4735 humanitate,
1822 4672 1851 4725 et

21 4788 31 4795 ·
138 4761 212 4820 latet
224 4780 311 4820 omne
327 4781 480 4821 venenum.
493 4765 523 4821 Si
538 4766 617 4821 anim
633 4765 777 4822 dicimus:
793 4765 856 4822 Nou
880 4767 966 4824 debat
1019 4770 1094 4827 alius
1108 4765 1311 4833 indivinitate,
1327 4770 1357 4821 ει
1373 4765 1412 4820 ito
1427 4767 1527 4820 essent
1541 4762 1598 4817 duo
1615 4760 1681 4817 Filii
1706 4759 1735 4814 in
1751 4756 1852 4815 Trini-

140 4850 193 4908 illa
207 4852 301 4910 lacere
316 4854 402 4923 Deus,
419 4855 561 4910 intertur:
577 4855 652 4927 Ergo
669 4872 725 4911 non
742 4860 837 4927 potest
852 4858 964 4927 lanera:
1020 4864 1088 4915 tate.
1106 4856 1157 4912 Est
1171 4855 1261 4927 igitur
1271 4870 1394 4926 persona
1405 4853 1469 4906 uitii
1480 4853 1642 4917 incarnata,
1654 4854 1688 4905 ει
1700 4847 1780 4903 idem
1792 4846 1844 4922 qui

140 4941 164 4998 si
181 4940 328 4997 dicimus:
344 4943 433 4998 Debet
444 4960 479 4997 ea
494 4944 597 5013 lacere,
610 4959 677 5015 argo
692 4961 749 5001 aon
761 4950 856 5015 potest
866 4947 963 5002 dimit·
1019 4951 1081 5004 erat
1095 4944 1187 5002 Filius
1203 4943 1233 4998 in
1250 4942 1401 4999 divinitate
1417 4947 1494 4998 esset
1508 4939 1598 4995 Filius
1608 4940 1636 4995 in
1649 4936 1846 4993 humanitate.

140 5034 202 5085 tere
217 5030 288 5100 quin
306 5030 392 5087 faciat
403 5052 410 5101 ;
423 5032 474 5088 sed
487 5036 621 5088 neutrum
633 5032 669 5087 da
680 5033 737 5088 Deo
748 5038 792 5089 εει
802 5035 967 5092 conceden—
1021 5040 1087 5094 Erat
1100 5035 1189 5091 etiam
1205 5033 1311 5089 decens
1327 5038 1370 5100 ut,
1386 5031 1464 5087 sicut
1483 5047 1535 5103 per
1558 5028 1734 5101 sapientiam
1759 5041 1847 5082 suam

141 5119 223 5175 dum.
241 5118 278 5175 Ut
293 5119 371 5174 enim
388 5121 459 5179 dicit
475 5121 679 5194 Augustinus:
693 5122 759 5179 suit
773 5123 848 5182 alius
860 5127 966 5183 modus
1019 5131 1104 5184 Pater
1118 5124 1260 5180 mundum
1277 5122 1356 5190 lecit,
1372 5122 1411 5177 ita
1427 5138 1478 5193 per
1487 5121 1619 5177 eamdem
1632 5116 1791 5175 redimeret
1803 5133 1811 5185 ;
1822 5119 1851 5171 at

178 5282 233 5354 (25)
249 5283 474 5340 intricatissimi:
489 5286 561 5351 hec,
575 5301 608 5341 es
625 5287 815 5343 amanuensis
837 5287 964 5345 osciton·
1019 5286 1131 5346 incidas
1146 5286 1251 5356 inisset,
1266 5285 1405 5355 precipue
1418 5299 1481 5339 cum
1497 5283 1529 5339 de
1542 5279 1701 5338 substantio
1717 5294 1770 5333 sua
1792 5293 1852 5333 me·

141 5355 192 5413 tia.
211 5353 348 5425 periodus
363 5357 405 5411 sic
417 5358 488 5413 torta
504 5357 617 5415 felicius
628 5358 723 5430 redigi
736 5375 819 5430 posse
830 5360 963 5419 videtur:
1020 5363 1117 5417 liorem
1131 5373 1185 5412 non
1200 5357 1342 5427 potuisset.

141 5428 200 5485 ll'nn
217 5427 287 5482 ualet
301 5429 402 5496 simite,
418 5430 486 5501 quta
501 5429 606 5486 Filium
629 5429 727 5500 conicit
751 5446 788 5485 ex
810 5432 966 5488 eistetentis
1055 5429 1111 5502 (26)
1129 5428 1157 5484 ld
1174 5431 1230 5494 est,
1246 5425 1296 5498 qui
1312 5427 1394 5500 prius
1406 5423 1649 5491 cratinvisibilia,
1662 5420 1789 5480 risibilis
1801 5438 1852 5495 ap·

141 5516 202 5567 soa,
219 5516 299 5572 qoem
314 5503 339 5555 si
351 5501 483 5572 equalem
498 5501 553 5557 sibi
565 5505 657 5574 fucere
671 5501 813 5574 potuisset,
828 5511 911 5572 prout
920 5518 966 5574 po·
1020 5500 1126 5575 paruit.

142 5576 225 5644 terat,
240 5580 266 5629 et
279 5574 308 5629 ei
319 5572 508 5631 essentialiter
520 5576 704 5632 caesarium
717 5581 791 5638 erat,
800 5588 850 5629 nec
859 5575 967 5642 recinet
