3802 6030
154 181 233 246 {18³
642 181 733 245 tuh.
756 171 1000 242 llILDEBliii'l'I
1019 163 1223 237 cunculis.
1245 173 1371 237 uulso.
1784 166 1860 233 ilbi

189 316 221 375 Si
235 317 323 376 robur
333 315 440 374 mentis
455 313 537 371 nulla
551 312 666 388 flagella
685 318 817 372 movent:
989 305 1269 377 Adummatabella
1283 308 1413 374 Patrem,
1427 302 1559 362 caelestes
1574 320 1625 361 ara
1639 301 1787 374 cohortes,

157 410 336 480 Conspersos
351 405 424 474 oleo,
440 403 465 460 ei
476 405 527 476 jus
541 403 634 476 piatas
649 403 828 472 moderetur,
1060 396 1146 455 Veste
1162 401 1281 455 notatur
1294 396 1393 461 homo,
1408 411 1529 469 vespera
1546 409 1625 452 mors
1641 391 1788 450 bominis.

193 497 283 569 loque
299 510 363 550 reos
379 495 464 554 inira,
480 508 566 566 quam
578 493 616 565 (8)
630 491 726 564 liceat,
741 492 841 548 libeat.
1026 486 1092 543 Hac
1107 485 1261 560 perstricta
1275 484 1328 542 tibi
1345 500 1443 543 rerum
1458 483 1603 542 velamina
1616 481 1764 555 pandunt,

156 583 219 640 Non
230 585 430 652 lcrmentatce,
445 582 469 639 si
481 598 564 639 meus
579 581 630 639 tibi
643 582 745 656 purior
759 581 832 649 adii,
1063 575 1114 633 His
1126 592 1170 642 ea,
1187 577 1237 633 sed
1253 576 1341 633 veluti
1357 575 1553 642 semiretecta,
1571 573 1666 631 vides.

189 676 339 744 llxcoquat
354 676 382 729 ct
396 672 494 730 earnis
510 673 587 729 fluxa
601 686 849 746 superducamcr.
1027 667 1131 724 Im
1146 670 1185 723 llx
1201 667 1246 724 bis
1256 683 1313 723 non
1328 665 1455 724 aliterdt
1471 681 1516 721 res
1529 663 1583 721 tibi
1600 662 1709 737 pervia,
1724 661 1850 735 quamsi

152 760 244 818 Oliers
259 765 288 818 et
305 761 445 828 similam,
462 762 571 834 siquos
587 761 727 819 dIviserat
741 777 833 828 error,
1063 760 1084 812 Ε
1099 755 1213 814 loribus
1228 760 1343 830 spectes
1359 754 1500 812 interiora
1515 754 1633 811 domus.

187 848 317 922 Colligis,
332 849 423 923 inque
436 851 525 909 fldem
536 851 647 925 jungis,
663 851 799 923 idemque
819 847 903 906 leole.
1028 846 1169 905 Interiora
1183 847 1269 916 sacri,
1286 851 1323 916 te,
1339 844 1462 913 Christe,
1478 844 1611 912 docente,
1628 842 1785 916 patebunt,

154 945 214 998 IIoc
228 941 424 1016 catechizans,
436 941 554 1014 moilla,
568 943 598 1000 in
609 943 786 1017 baptismale
794 955 938 1014 mergens,
1063 939 1155 1012 cuius
1170 940 1264 994 morte
1278 939 1381 1011 patent
1391 933 1530 993 interiora
1545 932 1616 1007 poli,

189 1029 263 1089 Uuis
279 1030 443 1090 informans
453 1048 559 1106 aspera
572 1032 658 1106 terre,
671 1031 785 1106 coquis.
1027 1029 1104 1095 Quas
1119 1027 1210 1102 igilur
1223 1033 1320 1102 partes
1333 1027 1529 1101 perstringere
1544 1024 1632 1095 nitor,
1647 1021 1779 1092 easdem,

153 1120 199 1177 Sic
230 1121 333 1178 eadem
352 1137 506 1195 moresque
534 1122 650 1195 docent,
674 1121 882 1194 chrIstumque
901 1120 975 1193 ligu-
1062 1119 1144 1175 Sicut
1157 1117 1249 1176 habct
1263 1116 1355 1176 series
1369 1115 1504 1188 canonis,
1518 1113 1650 1189 exposui.

850 1204 940 1277 [rant,
1027 1209 1074 1266 sic
1088 1207 1181 1266 larius
1195 1208 1291 1265 disces
1311 1208 1387 1281 quod
1416 1223 1500 1281 opus,
1516 1224 1579 1282 quc
1593 1208 1683 1266 verba
1709 1208 1850 1268 mlulstrl.

187 1294 236 1351 Sin
250 1295 384 1369 geminos
400 1311 472 1353 usus
483 1299 586 1354 caetera
602 1296 676 1371 legis
690 1295 810 1353 habeut.
1064 1299 1139 1367 Ouid
1156 1297 1393 1367 reminiscantur,
1413 1297 1487 1372 legis
1502 1301 1626 1372 agantve
1640 1299 1750 1358 crucis.

152 1384 235 1451 Quod
256 1400 323 1441 vero
339 1385 437 1442 misse
453 1389 598 1458 superest,
612 1385 653 1442 ita
673 1401 757 1443 sacra
775 1390 905 1442 recenset
1063 1389 1096 1446 Ie
1111 1389 1210 1458 igitur,
1221 1388 1431 1445 clementissime
1445 1393 1537 1457 Peter,
1555 1404 1649 1460 usquc
1663 1388 1783 1446 illibate.

187 1472 284 1548 Legis,
301 1477 334 1531 ut
351 1475 486 1532 exhibent
497 1476 553 1532 sub
568 1491 653 1534 cruce
665 1491 748 1532 sacra
761 1475 869 1532 crucis.
1029 1477 1160 1536 intrabat
1175 1477 1280 1551 presul
1295 1476 1455 1535 vitulorum
1467 1478 1609 1552 sanguine
1623 1493 1756 1547 sacrum,

153 1565 265 1637 Quippe
280 1569 468 1621 recensentur
482 1565 629 1639 quidquid
643 1564 688 1623 lex
703 1582 797 1640 preco
816 1563 923 1632 futuri,
1065 1568 1184 1625 Intravit
1198 1565 1316 1641 proprio
1330 1566 1466 1624 Christus
1482 1571 1511 1624 et
1524 1567 1587 1640 ipss
1601 1565 1712 1640 polum.

188 1656 267 1710 lutra
283 1658 452 1711 sanctorum
468 1656 576 1713 Sancta
585 1656 711 1728 jubebat
726 1656 783 1731 agl.
985 1656 1010 1724 B
1026 1660 1219 1730 lutralageus
1234 1656 1359 1714 sacrifex
1373 1657 1403 1712 in
1419 1656 1563 1729 sanguiue
1576 1673 1691 1730 semper
1706 1657 1744 1713 ad
1759 1672 1848 1723 uam,

36 1752 41 1765 ¹
152 1741 220 1800 nse
234 1743 348 1816 aperire
360 1741 454 1812 labor,
470 1746 540 1818 quia
555 1749 658 1815 mairo,
672 1744 901 1816 nominibusque
1041 1787 1049 1804 .
1065 1745 1156 1803 Effusi
1171 1762 1288 1820 semper
1302 1745 1457 1819 sauguInis
1472 1745 1535 1819 ipse
1551 1762 1674 1803 memor.

187 1833 302 1906 Ignaris
318 1834 415 1903 metri,
431 1835 610 1908 meteriaquc
625 1851 751 1909 premor.
1028 1841 1103 1894 Nam
1119 1836 1232 1911 quoties
1248 1836 1358 1903 lusum,
1373 1834 1472 1906 verbo,
1483 1851 1580 1908 cruce,
1593 1839 1690 1892 mente
1706 1837 1851 1904 retractat,

56 1912 59 1919 ’
151 1920 194 1979 Du
210 1922 249 1996 (9)
277 1923 404 1995 veniam,
420 1923 532 1990 lector:
562 1940 624 1982 rem
652 1928 768 1982 tantum
797 1923 924 1998 pandere
947 1925 976 1982 et
1064 1931 1148 1983 Hunc
1158 1925 1256 1999 specie
1275 1925 1361 1982 toties
1377 1925 1407 1982 in
1423 1928 1610 1983 sacrosancta
1623 1925 1709 2000 gerit.

828 2013 939 2087 iusum,
1030 2017 1144 2090 Quippe
1157 2015 1238 2073 velut
1253 2015 1375 2088 quidam
1390 2031 1478 2073 cruor
1487 2020 1531 2073 est
1540 2015 1715 2074 meminisse
1729 2014 1853 2083 crucris,

186 2101 250 2160 Non
265 2102 402 2175 speciem,
424 2104 532 2162 uostris
547 2104 681 2163 versibus
697 2121 759 2163 esse
773 2107 818 2162 sat
832 2111 886 2162 eal.
1066 2106 1159 2180 Hujus
1174 2122 1229 2163 nos
1245 2121 1389 2162 memores
1405 2121 1476 2162 crux
1490 2105 1595 2163 iterata
1609 2105 1690 2163 lacit.

155 2189 219 2248 Non
234 2194 331 2250 minen
353 2198 503 2267 exspectes
515 2201 547 2252 ut
561 2194 679 2269 singula
691 2194 781 2252 verba
794 2192 839 2252 vel
856 2196 940 2251 actus
1031 2196 1138 2253 blentio
1154 2194 1258 2253 mortis
1273 2194 1367 2265 adest,
1384 2194 1552 2269 ubicunqne
1569 2195 1751 2270 perennibus
1779 2193 1854 2253 escle

192 2281 344 2348 Quoslibet
358 2283 511 2357 aggrediar
524 2283 684 2342 clarificare
697 2284 761 2343 tibi.
1066 2285 1212 2358 Imprimit
1227 2289 1315 2342 uncta
1330 2301 1436 2342 manus
1452 2285 1574 2359 mystica
1584 2285 1670 2358 algua
1683 2283 1801 2342 crocis:

155 2369 198 2426 lld
214 2386 355 2429 summam
369 2388 466 2430 rerum
494 2377 591 2431 curret
610 2373 717 2448 stylus,
731 2377 761 2431 ct
779 2373 888 2445 quibos
912 2387 976 2430 um·
1029 2376 1195 2447 hiebarun,
1211 2374 1418 2448 Christumque
1434 2391 1572 2448 sequens,
1584 2373 1676 2431 altare
1686 2374 1857 2446 frequentat

845 2460 940 2535 [brem
1066 2464 1238 2539 Presbyter3
1254 2463 1333 2521 huno
1348 2462 1485 2520 haustum
1511 2460 1666 2536 sanguinis
1679 2462 1744 2533 ipse
1769 2461 1858 2535 gerit.

190 2550 283 2621 Legis,
295 2568 428 2624 opusque
443 2553 539 2610 crucis
550 2552 695 2625 exprimat
709 2568 771 2624 ara,
786 2567 901 2609 canam.
1030 2557 1063 2613 In
1078 2553 1174 2627 primo
1189 2552 1336 2628 alquidem
1351 2569 1437 2610 versu
1453 2550 1556 2609 vexilla
1570 2551 1675 2610 salutis

153 2638 189 2695 ut
199 2638 300 2711 semel,
315 2645 345 2698 et
358 2641 413 2698 soli
428 2646 596 2699 sanctorum
611 2641 718 2698 Sancta
732 2640 870 2714 patebant
1065 2643 1122 2699 'l'er
1135 2657 1225 2715 super
1238 2642 1389 2716 appositas
1405 2644 1548 2714 praerogat
1561 2640 1611 2698 ille
1626 2640 1729 2714 dapes.

188 2730 321 2788 Pontiboi
334 2732 365 2798 ¹⁸,
383 2732 515 2804 precibus
531 2731 615 2805 plebe
630 2735 752 2789 vacante
767 2730 848 2789 loris.
1031 2737 1063 2794 ln
1080 2752 1138 2811 quc
1149 2736 1213 2808 lam
1229 2736 1346 2805 mortis,
1362 2734 1500 2807 mitIsque
1528 2733 1667 2806 priusque
1687 2733 1858 2803 recordans,

152 2819 281 2891 Iugulus
296 2821 323 2877 ls
338 2819 401 2878 velo
416 2821 589 2880 distabatab
603 2822 663 2879 ude
678 2822 778 2896 priori,
1065 2824 1202 2900 Appellat
1212 2824 1321 2899 triplici
1336 2823 1455 2882 nomine
1470 2840 1579 2881 munus
1591 2823 1681 2881 idem.

187 2912 320 2968 Adventu
337 2929 489 2986 superum,
509 2912 713 2988 colloquioque
729 2929 821 2972 aecer.
1031 2918 1106 2973 Dona
1119 2920 1204 2974 vocat
1218 2917 1359 2990 primum,
1376 2932 1442 2973 mox
1456 2931 1575 2972 munero
1590 2919 1743 2988 nuncupat
1757 2928 1856 2982 escas,

151 3002 231 3059 lderu
243 3002 404 3074 thuribulo,
421 3004 510 3063 simul
525 3008 555 3063 cl
568 3005 770 3079 thymiamatis
786 3022 846 3072 ara,
987 3014 1013 3082 ο
1065 3007 1134 3063 Post
1147 3005 1284 3076 sacrificii
1297 3005 1413 3063 uomica
1429 3010 1529 3063 censet
1542 3021 1604 3062 cas.

185 3091 221 3148 ltt
235 3093 404 3152 testamenti
419 3094 527 3152 loedcrc
547 3093 645 3152 clarus
664 3098 737 3153 erat.
1028 3098 1102 3154 llcac
1116 3101 1210 3165 uocat,
1225 3096 1366 3170 quonism
1381 3102 1459 3154 Dans
1479 3097 1534 3153 has
1548 3095 1677 3166 donavit,
1693 3098 1727 3152 ut
1749 3094 1819 3152 inde

148 3178 252 3240 Clarus
267 3187 296 3240 et
304 3183 417 3259 Insigni
427 3184 539 3254 tabula,
555 3201 620 3259 quae
636 3185 790 3259 praeminet
805 3200 890 3252 arcas,
1061 3186 1282 3246 Sustentaretur
1296 3186 1361 3261 lage
1376 3187 1522 3261 modoque
1537 3202 1616 3253 caru,

185 3272 278 3337 Quam
293 3289 382 3347 super
397 3274 550 3333 obnubilat
575 3292 684 3348 pronus
713 3279 835 3346 uterque
848 3272 969 3332 cherub.
1024 3278 1137 3335 lluusrc
1152 3280 1233 3348 sunt,
1249 3275 1389 3350 qnoniam
1404 3276 1482 3333 Deus
1498 3274 1543 3332 bis
1572 3276 1708 3342 donatur,
1725 3276 1756 3331 et
1780 3274 1850 3330 inde

149 3358 292 3418 Summus
310 3377 344 3420 eo
360 3364 467 3436 presul
483 3363 574 3422 semel
589 3364 746 3422 accedebat
756 3364 787 3420 iu
804 3380 891 3435 auno,
1061 3364 1196 3422 Munerat
1209 3368 1368 3431 auctorem,
1383 3363 1430 3420 cui
1446 3363 1525 3419 dedit
1541 3366 1641 3419 auctor
1655 3377 1718 3419 aas.

133 3526 137 3531 .
187 3448 240 3506 Pro
255 3466 297 3520 ss,
312 3468 364 3525 pro
375 3454 482 3526 populo
499 3453 622 3528 mystica
633 3455 710 3511 dona
721 3453 827 3509 larena.
1024 3455 1080 3528 (10)
1095 3453 1254 3526 Namquod
1268 3452 1390 3524 sacrifici
1399 3451 1853 3518 censenturncminc,mcnstrat

148 3536 355 3598 Sollicetillius
369 3541 445 3598 bIrci
455 3541 598 3615 vitulique
613 3558 753 3610 cruorem,
1061 3543 1124 3608 Oua
1139 3541 1249 3599 ratIoue
1264 3543 1346 3615 prius
1360 3558 1477 3599 munero
1492 3541 1570 3598 dIcut
1582 3557 1641 3598 aas.

185 3628 264 3693 Quos
279 3627 376 3701 prclea
390 3631 486 3687 Aaron
501 3629 630 3687 immolat
644 3639 710 3689 aule
726 3631 814 3698 iores,
1025 3632 1142 3690 Scilicet
1156 3629 1275 3700 idcirco,
1292 3632 1363 3704 quia
1378 3631 1591 3699 sacrificantur,
1604 3636 1634 3688 et
1648 3633 1727 3705 apte.

149 3714 355 3789 Carbonesquc
369 3718 471 3788 simul,
487 3735 561 3791 quos
577 3719 702 3793 desuper
714 3719 887 3778 exteriorem
1061 3722 1195 3779 Munerat
1213 3726 1376 3793 auctorem,
1393 3721 1442 3794 qui
1458 3720 1527 3777 dats
1546 3720 1643 3776 reddit
1658 3718 1695 3775 ei.

186 3805 352 3863 Sumendos
367 3823 448 3864 aram
463 3809 572 3883 paglna
582 3825 666 3866 sacra
679 3810 773 3879 dccet,
1024 3811 1072 3868 Sic
1087 3813 1191 3868 endem
1207 3828 1273 3885 quas
1287 3812 1361 3869 donc
1374 3815 1469 3881 vocat,
1483 3826 1549 3867 cum
1566 3808 1775 3866 sacrificantur

150 3893 208 3950 llos
224 3895 255 3950 in
271 3894 422 3954 thuribulo
446 3897 538 3972 ponit,
552 3901 726 3972 tantumque
745 3901 881 3958 sacerdos
1060 3904 1177 3959 licum
1191 3907 1274 3970 aunt,
1290 3900 1430 3975 qnoniam
1447 3904 1583 3957 munerat
1597 3899 1665 3954 Inde
1680 3899 1786 3954 licum.

185 3982 268 4041 'l'hos
284 3990 403 4053 cremat,
420 3991 453 4044 ut
466 3988 566 4045 tumus
586 3988 659 4045 uber
673 3989 827 4047 obumbret
841 4006 919 4048 eum.
1026 3990 1075 4047 llis
1091 4007 1210 4066 quoque
1222 3991 1391 4049 ncmlulbus
1406 3989 1530 4065 pulchre
1544 3986 1726 4047 satishcstia
1740 3982 1855 4058 triplex

149 4074 285 4149 Aspergit
297 4075 439 4148 tabulam,
454 4085 518 4150 post
532 4076 594 4135 banc
609 4078 739 4153 aspergit
752 4083 781 4137 et
794 4096 875 4137 aram
1061 4081 1207 4155 innuitur,
1221 4081 1405 4155 scriptulum
1421 4081 1542 4138 recitata
1557 4095 1631 4136 meo.

185 4166 320 4223 thcrius
333 4183 447 4225 sacram
463 4169 607 4242 sanguiue
624 4169 752 4239 pacilicc.
1026 4170 1083 4226 ilco
1098 4171 1207 4228 etenim
1223 4175 1317 4227 totum
1328 4170 1409 4243 quod
1427 4169 1627 4244 spondebatur
1640 4166 1671 4223 In
1686 4163 1761 4236 illis,

148 4255 222 4314 Ilius
244 4256 320 4314 redit
342 4258 378 4316 ad
408 4258 561 4332 populum,
602 4264 711 4318 vestem
727 4264 803 4333 avat,
840 4264 968 4319 attamen
1060 4259 1242 4331 Complatum
1257 4264 1433 4326 memorant,
1450 4259 1504 4317 suh
1515 4258 1669 4331 specieque
1683 4260 1804 4330 garant.

831 4350 931 4424 [idem,
984 4394 1008 4459 D
1024 4355 1096 4407 ham
1111 4349 1189 4423 quud
1206 4349 1334 4423 sperarit
1353 4349 1436 4423 prius
1450 4349 1480 4406 in
1491 4365 1608 4408 vervece
1622 4350 1774 4423 sacerdos,

184 4436 308 4496 Nonnisi
320 4438 376 4496 sub
390 4454 456 4496 sero
471 4454 601 4514 vespere,
618 4440 748 4497 mundus
763 4443 835 4496 erat,
1060 4438 1090 4494 ln
1106 4454 1193 4511 capro
1209 4438 1346 4511 populus,
1362 4438 1392 4496 ln
1408 4438 1559 4510 vltuloque
1574 4441 1663 4497 duces
1679 4440 1718 4509 1’ς

147 4525 200 4582 llic
214 4527 307 4597 locus,
323 4526 371 4585 bic
385 4528 520 4603 sacrifex,
535 4544 570 4587 ca
583 4546 707 4588 munera
721 4530 804 4601 sigua
818 4530 914 4599 iuere;
1023 4532 1099 4585 crux
1113 4528 1205 4598 dedii,
1220 4544 1289 4586 esca
1302 4528 1494 4602 sapit,tctum
1509 4530 1588 4586 canii
1602 4545 1667 4587 esse
1682 4528 1851 4603 tributum,

183 4614 274 4688 Signa
287 4626 481 4687 recesserunt,
498 4619 662 4694 significata
677 4623 809 4678 manent.
1057 4616 1232 4677 Nomioibus
1245 4618 1331 4676 trinis
1344 4618 1405 4676 buc
1420 4619 1476 4676 tria
1490 4635 1574 4677 sacra
1586 4623 1703 4677 nciam.

146 4703 291 4776 Exprimit
305 4705 464 4765 licclesiam
480 4709 560 4780 prior
571 4710 659 4781 ades,
672 4711 765 4768 altera
779 4708 896 4779 coelum,
1023 4731 1057 4785 ιη
1069 4727 1170 4801 primis
1184 4742 1247 4800 qoae
1260 4727 1312 4784 liba
1327 4728 1480 4802 offerimus,
1497 4744 1592 4802 usque
1604 4729 1731 4785 ratores
1743 4732 1851 4787 noctu.

182 4791 314 4850 Antiates
329 4794 489 4869 Christum,
505 4799 638 4873 sanguis,
654 4815 753 4858 amara
767 4800 873 4869 orucls,
1022 4822 1167 4887 ummo,
1182 4817 1308 4888 pomino,
1325 4819 1510 4891 famulorum,
1534 4834 1628 4891 usqne
1656 4817 1708 4876 Dec
1736 4821 1800 4877 cicc
1824 4822 1851 4877 et

146 4881 304 4950 carbones,
320 4900 466 4943 summam
480 4886 633 4954 virtutum,
650 4888 772 4958 ChrIste,
787 4893 918 4962 tuarum,
1394 4923 1469 4966 vero.
1590 4930 1597 4947 ·

186 4972 395 5047 thuribulum,
411 4992 541 5045 earnem,
556 4977 645 5035 thura
659 4982 797 5050 cremata,
813 4994 922 5052 preces.

147 5079 324 5223 ,elfillffig
338 5082 463 5213 mia
491 5084 645 5154 V¹⁰l⁰⁶¹¹u
660 5084 755 5156 ”mi
778 5088 884 5159 'm'l‘i
913 5105 967 5147 ⁰⁰·
1056 5132 1113 5205 (rc)
1128 5133 1172 5189 na
1189 5132 1259 5191 eoin
1273 5136 1302 5189 er
1317 5133 1511 5205 manuscripti
1527 5134 1654 5192 colbert.
1674 5132 1760 5193 erce.
1775 5133 1847 5192 cerr

182 5225 219 5296 (c)
234 5223 302 5281 Post
315 5226 377 5284 hec
392 5228 489 5298 verba,
503 5227 561 5286 ista
576 5227 720 5287 habentur
741 5231 771 5287 in
800 5230 965 5292 Victorino:
1021 5226 1050 5279 θῑ
1078 5221 1240 5294 νῑθῑῦῐῑῦ·;
1268 5223 1334 5280 Ebl·
1351 5239 1436 5281 V0I⁰²
1465 5225 1525 5281 lam
1553 5225 1638 5296 duod·
1655 5223 1727 5297 1³08·
1755 5224 1844 5282 “⁰3²

150 5296 262 5353 Veniam
275 5300 341 5381 petit
355 5301 504 5372 expositor,
518 5300 545 5356 si
558 5301 731 5372 quidmiraris
745 5302 858 5360 dixerit.
1022 5313 1153 5384 Namque.

180 5364 205 5403 ¹⁸
217 5369 303 5441 tecet.
318 5387 378 5443 xvr,
393 5372 473 5428 Hetr.
489 5390 528 5429 rx.
546 5374 568 5410 ¹⁸
583 5374 668 5431 lectt.
684 5390 723 5445 ιν,

1023 5013 1194 5088 lngredieus
1205 5031 1289 5072 sacra
1304 5020 1475 5072 sauctorum
1491 5015 1636 5086 leviticus,
1652 5023 1715 5073 crat

215 5541 299 5600 Iseo.
321 5559 377 5601 xrr.
404 5542 427 5580 ¹²
441 5543 507 5607 Luc.
532 5562 580 5603 xv.
597 5542 622 5581 ⁸³
636 5543 724 5604 deod.
744 5561 841 5603 xxxix.
856 5545 969 5607 “lucra
985 5563 1006 5605 r.
1030 5543 1151 5607 “lectt
1172 5565 1231 5610 xus.
1242 5547 1265 5583 ⁸⁸
1280 5548 1382 5607 Muttb.
1397 5565 1437 5609 rr.
1449 5546 1473 5586 ⁸⁷
1487 5549 1557 5611 beo.
1571 5547 1645 5609 ιμ’*
1667 5549 1755 5608 carc.
1784 5565 1847 5609 xva.
