3802 6030
162 278 242 340 ists
706 268 883 332 nitebunt
908 264 1149 329 unuodnttsts
1172 264 1347 331 episcopt
1803 262 1875 330 {stt

161 411 287 481 aticum
298 406 504 465 vilibusetiam
514 407 635 462 econtra
644 401 987 477 parumqucmancipiis,
1003 404 1028 471 Α
1043 399 1128 457 Nune
1143 416 1209 457 uero
1225 399 1407 472 quoniamst
1425 399 1484 473 ipsi
1503 398 1656 473 religionis
1676 399 1815 473 albi,per
1830 401 1875 475 by·

161 502 347 558 dominorum
357 498 461 554 intuitu
474 495 699 552 det'eratur.Nec
710 497 844 566 qualiter,
858 496 907 550 sed
920 510 990 565 que.
1043 490 1192 563 poorisitn,
1210 490 1327 547 laudem
1343 491 1492 546 vindicare
1502 508 1560 547 non
1573 496 1726 560 metuunt,
1738 493 1872 549 damnum

160 590 200 647 lia
215 589 351 644 dicantur
366 585 461 643 tidelis
477 586 568 642 lector
583 587 726 650 attendat,
746 585 885 655 quoniam
913 596 990 654 sape
1043 583 1140 653 gloria
1155 600 1217 638 sue
1233 587 1337 655 putent
1351 584 1496 655 quidquid
1509 583 1644 640 laudibus
1660 583 1773 639 alienis
1785 601 1874 640 acces·

160 678 348 751 peroratoris
371 676 551 745 laenitatem,
564 682 592 731 et
603 691 673 732 uere
685 675 822 739 tenuiter,
836 673 991 744 etcopiose
1042 673 1131 729 serit:
1147 674 1215 728 inde
1230 673 1263 727 llt
1278 680 1308 728 ut
1323 675 1358 728 att
1372 671 1528 730 delendum
1541 672 1674 730 lietberti
1687 689 1798 729 nornen
1811 675 1872 730 totis

161 767 235 825 lelsa
251 766 523 824 disseruntur.Num
539 770 567 821 et
582 765 717 821 salubres
731 780 804 820 esca
820 762 989 818 ministran-
1042 763 1216 818 cruditionis
1232 779 1290 818 sum
1306 762 1417 818 viribus
1433 762 1700 819 enitantureontrs
1713 763 1872 835 spiritalem

161 861 210 912 tur
221 856 371 924 fictilibus,
382 861 411 912 et
420 855 515 911 aureis
526 853 637 927 poculis
649 852 755 909 lethale
766 851 922 924 aliquando
934 849 990 904 mi·
1043 852 1091 908 liei
1103 867 1231 919 servum,
1241 852 1333 907 armis
1344 850 1549 922 spiritualibus
1561 857 1590 907 et
1601 852 1713 908 divinis
1725 854 1876 909 auctorita·

161 951 260 1002 eostur
273 959 434 1002 venenum.
1042 940 1121 996 tibus
1136 941 1302 1008 abutentes,
1319 947 1418 1012 utpote
1430 958 1502 1014 quos
1514 942 1542 997 in
1555 943 1662 997 castris
1673 941 1740 998 suis
1749 943 1874 999 Christus

158 1036 168 1050 ‘
196 1034 224 1091 e.
242 1034 372 1091 Primum
389 1034 480 1106 igliur
495 1035 531 1089 de
546 1033 641 1089 senati
656 1031 814 1088 virtutibus
836 1033 990 1086 narraturo
1043 1029 1121 1085 velut
1136 1028 1235 1086 bustes
1251 1030 1374 1087 nutriuit
1389 1031 1546 1086 intestinos
1560 1048 1568 1099 3
1584 1031 1627 1086 sic
1644 1035 1675 1087 et
1690 1031 1801 1088 borum
1824 1049 1875 1088 ma·

162 1138 220 1180 uon
236 1122 365 1179 alienum
378 1121 449 1177 mibi
462 1119 578 1178 videtur
591 1122 789 1194 quorumdam
800 1117 991 1191 blasphemiis
1040 1116 1128 1187 jures,
1144 1132 1219 1188 quos
1233 1132 1268 1172 ex
1284 1121 1365 1190 patre
1379 1117 1496 1174 diabolo
1511 1117 1650 1189 superbia
1667 1124 1767 1174 mater
1782 1134 1873 1192 progc·

162 1212 291 1280 obviare,
308 1214 337 1268 in
353 1227 479 1284 quorum
495 1211 638 1267 frontibus
653 1215 683 1267 et
696 1227 745 1267 ore
765 1209 907 1282 sacrilego
922 1209 991 1264 dra·
1044 1206 1119 1274 uuit,
1128 1205 1192 1262 ausi
1204 1207 1431 1278 suntquondam
1444 1206 1642 1278 improperare
1652 1207 1873 1279 Martino,quod

160 1296 242 1360 conis
252 1303 389 1358 etbestia
400 1300 500 1374 procul
513 1301 602 1357 dubio
614 1305 745 1357 caracter
757 1299 937 1372 agnoscitur.
953 1304 992 1354 De
1043 1294 1229 1351 flammarum
1246 1297 1372 1352 adustus
1386 1296 1532 1361 incendio,
1549 1298 1605 1353 sub
1617 1298 1726 1353 mortis
1739 1298 1873 1354 instantia

162 1392 213 1449 illa
227 1392 304 1449 euim
320 1391 464 1464 scriptum
480 1395 525 1448 est
536 1407 543 1446 τ
554 1414 568 1443 α
584 1391 664 1456 Quod
680 1391 791 1464 aperiet
812 1407 845 1446 os
860 1388 990 1446 suumin
1044 1386 1119 1458 tuga
1131 1385 1300 1458 presidium
1314 1386 1445 1456 trepidus
1455 1385 1653 1456 implorasset.
1666 1387 1733 1460 Egit
1745 1394 1808 1444 tum
1819 1404 1875 1444 cau·

162 1481 404 1553 blasphemiusud
416 1486 517 1549 Deum,
530 1482 734 1553 blasphemare
745 1482 935 1551 nomeuejus,
948 1468 993 1535 est
1044 1500 1106 1540 sam
1124 1483 1254 1548 Martini,
1267 1484 1391 1555 jubente
1405 1484 1531 1552 christo,
1543 1485 1708 1555 Sulpicius,
1725 1493 1756 1542 et
1773 1486 1877 1543 lecturis

162 1572 386 1627 tabernaculum
398 1571 471 1642 ejus,
484 1570 627 1643 eteosqui
640 1570 990 1637 incoelobubitanttdrroc.
1040 1572 1165 1643 Jndicio,
1182 1571 1312 1628 confusis
1328 1573 1514 1642 adversariis,
1531 1573 1682 1630 silentium
1709 1575 1807 1631 uictor
1831 1577 1875 1630 iro·

161 1676 224 1727 xtrt,
240 1661 277 1732 c).
295 1680 310 1711 u
327 1662 367 1717 lta
381 1659 471 1729 igitur
487 1659 537 1731 qui
551 1665 651 1716 arneto
667 1659 736 1715 huic
748 1659 854 1714 irualre
866 1658 991 1713 moliun-
1045 1662 1152 1734 posuit.
1169 1661 1253 1717 Nunc
1269 1677 1383 1734 quoque
1402 1669 1567 1733 potensest
1582 1662 1873 1720 Christusindoctsn

164 1758 213 1808 tur
223 1750 411 1815 columniam,
420 1749 622 1806 indubitanter
632 1765 663 1804 ae
675 1750 799 1821 probent
810 1751 843 1803 ad
856 1747 934 1804 illius
945 1748 992 1803 be·
1008 1781 1031 1847 B
1046 1756 1074 1805 et
1089 1751 1196 1805 trustra
1208 1750 1262 1805 siut
1272 1751 1308 1805 dc
1320 1751 1442 1806 scientia
1452 1751 1681 1823 applaudentem
1699 1756 1871 1826 superbiam

164 1841 228 1898 etta
243 1857 397 1896 numerum
414 1839 570 1911 pertinere.
585 1839 674 1895 Aiunt
688 1855 766 1909 ergo,
780 1855 835 1894 noo
852 1837 928 1894 eninr
947 1853 993 1892 me
1050 1844 1155 1893 nostroe
1171 1838 1346 1894 humilitatis
1358 1839 1499 1911 obsequio
1515 1840 1555 1896 vel
1567 1842 1763 1911 contundere,
1778 1843 1821 1898 uel
1833 1843 1874 1897 de·

164 1931 243 2003 piget
257 1930 337 1985 vetut
350 1929 771 2000 antejudices‚depeltendam
785 1927 897 1983 callida
909 1926 993 1981 muli·
1047 1931 1291 2000 cerettgeenim
1315 1929 1448 2000 quisquis
1472 1929 1521 1984 ille
1547 1946 1578 1985 es
1608 1946 1689 1986 novae
1715 1931 1873 1987 sanctitatis

164 2019 286 2094 gnitatis
303 2021 493 2075 intentionem
509 2035 678 2092 proponere.
691 2019 788 2075 Novus
804 2019 859 2074 iate
873 2023 993 2074 sanctus
1047 2016 1236 2089 impugnator
1251 2019 1401 2084 acerrima,
1428 2020 1477 2091 qui
1504 2019 1644 2076 veraciter
1669 2037 1746 2077 noro
1772 2020 1872 2077 homiui

163 2110 319 2182 antiquum
333 2111 417 2165 nobis
433 2111 570 2181 pervertit
586 2108 907 2165 ordinemsunctitatis.
920 2107 992 2162 Nam
1047 2105 1185 2175 infestus,
1211 2106 1307 2162 adbuc
1331 2107 1433 2163 ueteris
1456 2108 1615 2177 imaginem
1644 2125 1697 2164 ore
1728 2126 1820 2167 sonas
1852 2115 1873 2165 et

162 2214 229 2255 eum
246 2199 339 2254 coeteri
354 2214 468 2266 omnes,
483 2198 534 2270 qui
550 2216 616 2255 cum
632 2199 786 2254 dilectione
801 2212 882 2269 apem
896 2194 993 2250 tideli-
1049 2200 1147 2250 mente
1161 2192 1249 2265 geris.
1266 2198 1334 2267 Age,
1353 2195 1486 2268 inquam,
1503 2198 1635 2252 obscura
1650 2198 1814 2270 diligentis
1834 2214 1871 2254 nu·

162 2295 208 2344 ter
222 2287 259 2345 etl
275 2289 332 2344 atta
347 2287 518 2356 sustollunt,
532 2288 718 2344 ascensiones
731 2288 758 2342 in
770 2288 857 2343 eorde
868 2300 920 2343 suo
931 2285 993 2341 dis·
1047 2283 1126 2353 bilis,
1142 2285 1200 2340 imo
1216 2287 1356 2342 notabilis
1367 2293 1535 2352 ostentator,
1548 2287 1597 2359 qui
1609 2287 1683 2343 dum
1698 2290 1752 2345 tibi
1766 2289 1873 2362 lynceos

165 2385 287 2450 ponunt,
303 2387 330 2433 et
346 2377 497 2451 superiora
513 2394 629 2449 semper
643 2383 677 2434 tta
691 2376 882 2433 interioribus
897 2374 995 2448 suspi-
1047 2372 1148 2428 oculos
1165 2390 1327 2445 arrogares,
1344 2376 1380 2430 ad
1403 2375 1531 2448 talpinos
1555 2377 1698 2447 recidisti,
1728 2395 1796 2450 qua
1820 2386 1872 2435 tau·

164 2467 368 2536 centumalus
381 2468 502 2523 biecum
516 2467 596 2539 prius
607 2468 707 2538 pedem
719 2467 862 2539 posuisset
874 2466 902 2520 in
913 2479 993 2520 sum·
1047 2463 1113 2518 dem
1130 2463 1182 2520 tibi
1201 2464 1318 2520 videtur
1337 2466 1461 2538 antiqua
1477 2465 1577 2537 regule
1592 2467 1774 2535 sanctitatis,
1788 2467 1874 2525 uisci·

165 2572 224 2624 mo,
241 2557 350 2612 sensim
368 2557 555 2628 postmodum
573 2556 609 2612 ed
631 2556 769 2611 interiora
784 2555 923 2625 delapsus
937 2557 992 2610 est.

161 2644 331 2701 instituerat
341 2645 424 2715 longe
436 2661 452 2699 e
466 2645 588 2700 terrenis
600 2652 630 2699 et
639 2642 793 2700 laboriosis
804 2643 981 2698 tumultibus

161 2733 219 2789 alto
235 2736 342 2789 vertice
357 2735 451 2789 nubes
467 2735 620 2799 excedens,
636 2733 736 2789 divine
751 2739 866 2789 tanturn
882 2737 912 2787 et
932 2747 992 2787 cce·

155 2821 248 2878 'lestis
265 2820 421 2893 tranquilla
437 2821 544 2878 mentis
560 2823 621 2879 acie
633 2824 790 2895 speculari,
804 2828 833 2878 et
843 2837 909 2878 ecce
921 2837 992 2892 pau·

157 2912 244 2969 latim
262 2912 299 2968 ad
314 2913 441 2970 activum
457 2913 587 2970 laborem
603 2919 632 2969 et
646 2914 777 2969 bumana
788 2911 914 2985 negotia,
927 2928 993 2975 pos.

160 3007 254 3059 tremo
270 3004 305 3059 ud
321 3019 422 3061 curem
438 3004 651 3059 cementariam
669 3002 836 3060 declinavit.
860 3002 993 3076 Ampho-

1049 2562 1115 2618 licet
1129 2562 1256 2618 activum
1270 2564 1397 2637 quisque
1413 2564 1541 2621 laborem
1560 2565 1642 2637 prius
1667 2573 1816 2633 exerceat,
1832 2580 1873 2639 pet

1047 2667 1134 2722 quem
1151 2650 1278 2708 ebaritas
1300 2652 1504 2723 compassione
1528 2653 1650 2709 sollicita
1680 2656 1871 2726 proximorum

1047 2742 1194 2795 succurrit
1210 2741 1446 2797 necessitatibus.
1463 2741 1572 2798 Deinde
1588 2742 1671 2799 novis
1690 2761 1810 2818 semper
1821 2744 1871 2800 rir-

1047 2830 1147 2885 tutum
1165 2828 1344 2901 profectibus
1359 2830 1397 2887 ud
1412 2830 1555 2888 altiorase
1567 2830 1684 2900 tollens,
1700 2832 1870 2905 contempla·

1047 2917 1113 2973 titre
1127 2933 1222 2974 urcem
1239 2919 1412 2984 dulcedinis,
1427 2920 1457 2975 in
1475 2938 1533 2994 qua
1549 2921 1642 2978 solius
1657 2924 1820 2980 divinitans
1833 2924 1871 2978 iu·

1046 3003 1174 3060 satiabiti
1183 3021 1283 3061 amore
1293 3007 1417 3071 iuuetur,
1429 3008 1547 3063 tandem
1561 3008 1655 3064 victor
1665 3011 1812 3066 obtineat:
1822 3022 1871 3081 quo

174 3097 363 3165 smcaeperat,
373 3108 493 3149 urceum
505 3092 978 3150 consummavit.Mutariteousue
1046 3108 1113 3147 cum
1130 3095 1305 3164 pervenerit,
1319 3098 1378 3163 jam
1395 3097 1475 3151 ocius
1489 3097 1556 3151 inde
1568 3097 1712 3153 interiora
1724 3100 1868 3171 respicere.

158 3183 289 3239 tudinem
306 3183 490 3254 nuptiarum,
507 3188 536 3238 et
551 3189 654 3239 contra
670 3198 781 3239 moram
803 3182 942 3255 patrium,
958 3186 986 3238 et
1045 3182 1095 3237 sed
1112 3181 1189 3239 sicut
1202 3182 1239 3238 de
1253 3186 1383 3255 quodem
1400 3184 1521 3241 ridicule
1537 3186 1648 3241 dictum
1663 3194 1711 3243 est
1723 3188 1810 3243 etbic
1821 3202 1867 3241 nou

156 3270 263 3329 veteris
276 3271 405 3328 historia
416 3272 513 3343 titium,
529 3278 596 3328 anta
619 3271 674 3328 Lia
700 3272 857 3341 thalamos,
883 3271 986 3328 liacbcl
1043 3270 1204 3344 incongrue
1217 3271 1272 3329 dici
1288 3276 1405 3345 potest:
1422 3273 1543 3330 lilrratur
1558 3274 1622 3330 coeli
1639 3277 1868 3346 curdinea,ultrt

157 3360 494 3435 amplexuspremeruit3
510 3366 646 3431 expertus
658 3367 820 3432 utramque,
833 3358 987 3431 pulchram
1044 3377 1101 3416 non
1118 3377 1226 3418 curans
1242 3362 1386 3418 homines.
1404 3365 1446 3419 lta
1461 3380 1531 3436 ergo
1545 3365 1620 3420 duas
1637 3365 1777 3422 Ecclesia
1795 3368 1867 3432 vitas,

157 3450 230 3507 lucie
245 3450 374 3522 pretulit
389 3450 535 3521 lippienti,
561 3451 631 3505 dum
656 3451 708 3506 illa
730 3450 894 3521 repudiata,
920 3448 988 3507 huic
1042 3452 1106 3506 suis
1117 3466 1264 3523 quartique
1275 3451 1385 3508 linibus
1396 3470 1488 3509 novus
1499 3459 1640 3510 auctorat
1651 3455 1867 3528 expersutrius·

156 3546 374 3610 perseveranter
389 3539 521 3594 adhesit.
538 3538 613 3602 Quin
631 3539 729 3610 potius
753 3545 891 3610 expertus
916 3554 988 3594 neu·
1042 3555 1098 3612 que
1111 3540 1347 3598 determinanset
1357 3543 1398 3598 sic
1412 3544 1533 3600 couiuso
1545 3546 1653 3601 mentis
1665 3562 1766 3602 errore
1777 3542 1866 3602 lm

157 3631 402 3698 tumultumque
419 3627 526 3682 trustra
549 3626 663 3696 indigni
689 3642 767 3683 more
791 3627 871 3698 proci
894 3625 990 3697 repel-
1042 3635 1072 3685 et
1086 3628 1288 3701 impermistas
1303 3645 1368 3687 esse
1382 3634 1546 3701 contendis,
1563 3639 1596 3689 ut
1615 3633 1668 3705 qui
1695 3638 1865 3706 superiorem

156 3710 409 3771 lendustcutauit.
425 3700 740 3786 Praeposuitltlartbam
753 3716 861 3784 bieria,
873 3716 989 3788 etjudi.
1043 3715 1133 3773 semsi
1149 3717 1289 3790 attigerit,
1304 3720 1330 3775 ei
1346 3721 1384 3775 sit
1399 3721 1434 3776 uti
1453 3721 1619 3777 inferiorem
1638 3723 1738 3779 redire
1759 3725 1867 3779 demus·

162 3801 239 3857 dicio
255 3803 362 3858 Christi
377 3804 550 3872 contrarius,
562 3803 660 3860 talaria
671 3808 811 3876 optimam
822 3811 932 3875 purtem
944 3822 989 3862 as·
1042 3806 1119 3863 bile:
1136 3806 1191 3863 boo
1206 3809 1315 3880 estqui
1332 3813 1420 3866 Deum
1436 3808 1519 3881 plane
1534 3810 1683 3879 dilexerit,
1701 3829 1762 3869 non
1787 3809 1866 3886 possit

163 3891 298 3964 serentis,
314 3896 344 3947 ct
359 3892 383 3947 si
400 3909 457 3951 oen
479 3909 556 3961 voce,
582 3893 658 3966 quod
686 3900 731 3951 est
752 3894 880 3965 gravius,
903 3911 989 3968 opere
1042 3908 1070 3955 et
1085 3897 1202 3953 tratrem
1218 3897 1348 3969 diligere.

161 3978 396 4052 blasphemavit3
412 3980 463 4038 sed
478 3993 504 4038 et
519 3983 643 4054 proprisi
660 3984 737 4039 vocis
748 3985 908 4041 assertione
919 4001 989 4040 con·
1077 3993 1104 4048 tl,
1121 3993 1230 4052 Nouam
1247 4013 1298 4066 pro
1315 3995 1452 4069 religione
1469 3998 1650 4056 crudelitatis
1674 4001 1807 4074 reguiam
1827 4000 1864 4053 in·

159 4068 297 4139 Vincitur,
313 4072 381 4127 dum
398 4072 474 4143 (llmd
495 4073 556 4143 ἰΙ)88
581 4079 647 4145 Ρθθῑ
670 4074 741 4145 egit,
769 4073 897 4130 affirmat
923 4089 988 4130 0⁵⁵0
1042 4085 1182 4154 traducis,
1199 4088 1231 4139 ut
1252 4087 1314 4155 jam
1340 4085 1449 4142 Grecis
1475 4088 1580 4157 loquax
1605 4089 1701 4146 multo
1727 4090 1864 4147 fabuletur

158 4159 335 4218 damnabile.
351 4161 397 4217 Sic
412 4160 489 4217 euim
507 4161 671 4234 discipulos
684 4178 816 4220 eremum
844 4160 989 4236 petitur'us
1042 4172 1213 4240 humanius,
1229 4175 1361 4231 Orestem
1377 4181 1406 4231 ct
1420 4177 1557 4249 Pyladem
1574 4178 1668 4250 patria
1685 4176 1865 4253 prorogasti

157 4248 334 4321 alloquitur:
352 4249 415 4308 Non
432 4267 602 4323 proponere,
620 4252 726 4324 inquit,
752 4269 870 4309 Summa
884 4254 987 4310 14⁴⁰
1042 4264 1226 4336 tempestatis
1240 4265 1269 4321 in
1285 4269 1415 4321 exterum
1433 4267 1517 4323 littus
1531 4267 1679 4339 expulsos,
1705 4286 1773 4327 cum
1795 4267 1864 4340 capti

155 4338 309 4424 tolerabile
324 4339 989 4413 propterbumanamfragilitatem,cadersau·'
1022 4345 1025 4351 ’
1043 4354 1078 4409 sd
1096 4353 1235 4426 scythicas
1251 4356 1349 4411 oianae
1363 4372 1444 4412 aram
1469 4357 1572 4414 statuti
1596 4368 1710 4425 essent,
1734 4364 1766 4416 ut
1792 4374 1865 4432 pere·

156 4444 214 4498 rem
225 4428 572 4500 apropositodemusbile
584 4436 700 4502 prepter
711 4430 988 4489 diabolictmlrsns·
1042 4442 1125 4515 grino
1140 4441 1283 4514 sanguine
1299 4444 1409 4500 erudcti
1425 4446 1498 4501 diva
1523 4446 1699 4504 solemniter
1727 4447 1863 4513 litaretur,

155 4517 351 4588 gressionem.
367 4521 424 4574 Aut
440 4519 529 4590 igitur
544 4520 616 4575 lldes
633 4536 688 4577 non
705 4526 751 4576 est
765 4520 898 4577 habenda
913 4522 984 4578 scri·
1001 4512 1023 4578 li
1040 4533 1108 4587 datu
1122 4530 1185 4603 lega
1197 4532 1272 4601 quod
1289 4536 1405 4589 tuntum
1423 4550 1500 4591 unus
1526 4540 1690 4607 oppeteret,
1716 4537 1766 4594 diu
1793 4536 1863 4594 mul·

157 4608 242 4677 pluri,
259 4614 309 4663 atrt
327 4624 393 4664 eum
411 4608 461 4680 qui
472 4625 540 4664 voce
552 4610 669 4681 propriu
679 4610 922 4682 transgressionis
933 4625 981 4667 ut·
1025 4626 1158 4691 tumque
1168 4620 1247 4691 pium
1257 4621 1387 4678 barbaris
1398 4622 1704 4682 umicscontentionis
1712 4628 1861 4701 prebuisse

152 4695 263 4765 guttur,
273 4713 330 4751 nou
340 4713 427 4753 suum
439 4699 645 4766 meritum,sed
659 4699 862 4756 alienuserrer
873 4701 981 4757 sancti·
1034 4708 1249 4780 spectaculum,
1267 4711 1336 4766 dum
1352 4713 1427 4768 ulter
1441 4712 1567 4770 alterum
1583 4714 1693 4771 vicarie
1712 4725 1809 4773 morte
1821 4731 1860 4772 co·

153 4783 231 4838 itcat.
249 4805 262 4835 u
279 4784 301 4840 0
318 4784 413 4841 lividis
430 4785 543 4857 plenem
561 4789 673 4844 salibus
688 4795 717 4847 et
730 4792 982 4862 superbaconteu·
1036 4810 1122 4854 natur
1136 4799 1289 4856 redimere.
1304 4798 1369 4856 Jatn
1387 4807 1416 4856 tu
1434 4802 1577 4873 religione
1600 4803 1775 4863 Christiana
1798 4806 1860 4879 ipsis

153 4872 233 4927 tione
248 4873 446 4931 calumniami
1034 4887 1196 4944 idololatris
1211 4888 1257 4958 agi
1274 4890 1382 4945 suades
1396 4889 1568 4948 immunius.
1585 4895 1698 4967 Siquis
1716 4904 1802 4968 pater
1815 4896 1859 4951 ml·

185 4961 212 5016 3.
228 4961 293 5017 iarn
310 4968 338 5019 ct
351 4965 379 5018 in
396 4964 449 5021 hoc
461 4982 478 5021 a
488 4968 640 5024 beatorum
653 4972 730 5023 sorte
741 4975 859 5025 senatus
872 4969 919 5027 hio
936 4970 980 5026 vir
1033 4977 1168 5033 tissimus
1183 4977 1299 5034 clausus
1316 4979 1364 5032 din
1384 4983 1528 5051 proluudu
1541 4988 1570 5038 et
1584 4985 1745 5041 tenebroso
1755 4998 1857 5043 carcere

148 5066 206 5106 non
224 5053 379 5126 discrepet.
397 5058 474 5126 quud
492 5058 661 5129 iniquorum
685 5058 848 5115 maledictis
860 5066 889 5115 et
903 5062 978 5116 odiis
1032 5067 1151 5129 liberes,
1167 5073 1249 5122 stans
1265 5069 1293 5122 iu
1311 5067 1364 5123 laci
1380 5071 1534 5142 supercilio
1549 5072 1637 5128 tlebili
1653 5090 1727 5130 voce
1739 5072 1856 5147 compel-

150 5147 267 5212 proptcr
280 5141 349 5198 Jesu
366 5144 472 5200 Cbristi
489 5163 595 5202 nomen
614 5152 776 5219 impetitur,
792 5150 894 5220 utique
910 5167 976 5222 pro·
1031 5156 1081 5223 let,
1097 5157 1285 5227 demissaque
1300 5158 1391 5221 scala,
1409 5160 1582 5229 peraridus
1601 5162 1686 5219 tritos
1697 5165 1857 5221 cohortetur

147 5237 213 5300 pter
228 5248 333 5288 nomen
349 5234 468 5302 coristi,
482 5235 551 5290 lieet
569 5237 672 5290 eodem
698 5238 832 5293 maledici
860 5242 977 5296 nomine
1031 5247 1200 5311 eniti3tum
1222 5248 1599 5309 esterisdittidentibusei
1626 5255 1753 5313 indocili
1775 5261 1858 5313 mente

150 5328 335 5376 censeantur.
354 5321 415 5378 Nisi
439 5323 517 5377 enim
542 5324 657 5396 egregie
681 5323 838 5382 lietbertus
861 5328 975 5385 Christe
1029 5337 1157 5392 turbatis
1173 5351 1257 5390 uuus
1272 5336 1398 5407 quilibet
1412 5337 1545 5396 slacriori
1556 5348 1666 5399 conatu
1683 5348 1713 5400 ut
1725 5346 1859 5419 experien-

144 5412 293 5479 servisset,
311 5429 362 5466 nec
376 5417 456 5466 tanta
473 5414 639 5468 sanctitatis
650 5418 713 5485 ejus
727 5416 918 5486 perdicersas
929 5436 975 5474 re·
1029 5425 1077 5479 tia
1093 5422 1229 5490 firmiori,
1244 5439 1365 5494 gressus
1380 5427 1489 5483 arduos
1512 5429 1665 5501 moliatur,
1693 5429 1782 5503 istius
1803 5446 1857 5489 cuttu

145 5497 248 5569 giones
263 5500 458 5558 increbuisset
471 5501 581 5574 opinio,
597 5502 647 5560 isti
675 5508 805 5577 prolecto
830 5510 974 5581 superbis
1029 5513 1066 5568 ad
1082 5509 1234 5584 superiora
1251 5511 1334 5570 tatus
1348 5518 1513 5587 emerserit,
1534 5516 1738 5592 implorantes
1762 5522 1859 5580 irastrt

142 5584 196 5642 lilii
212 5604 263 5646 uec
288 5606 342 5647 sua
368 5606 436 5647 cum
460 5590 584 5665 dignum
614 5594 754 5652 ducerent
781 5595 971 5659 detractione·
1029 5617 1113 5674 opera
1124 5616 1295 5674 germanum
1308 5604 1479 5665 fraterculos
1488 5602 1672 5684 adversetur,
1684 5615 1859 5673 nacciscuu.
