3802 6030
669 235 851 301 Mannum
874 231 1125 298 REDONENSIS
1147 232 1322 298 Episcopi

299 579 688 706 MARBODI
738 577 1271 705 REDONENSIS
1317 579 1730 708 Episcopi

898 800 1099 897 PROSA

220 1008 265 1071 ile
279 1007 446 1071 duodecim
464 1005 633 1089 Lapidibua
649 1004 792 1087 pretiosis
807 1004 839 1068 ln
862 1005 1215 1069 fundamentocoelestis
1229 1005 1364 1070 civitatis
1379 1008 1489 1088 positis
1507 1008 1633 1092 (Apoe.
1652 980 1716 1074 xm
1730 1012 1796 1092 19.)

687 1169 727 1239 (Ε
739 1181 792 1225 me.
804 1164 833 1224 S.
850 1166 917 1225 l'ioi.
930 1184 959 1224 a.
970 1167 1034 1225 905.
1046 1166 1184 1240 Nusquam
1200 1168 1296 1240 edita.)

979 1346 1017 1363 d

1314 1498 1469 1556 lacinthus
1484 1504 1534 1557 est
1550 1501 1710 1558 caeruleus

1316 1571 1414 1627 Nitore
1430 1572 1657 1639 medioximus,

1316 1644 1523 1714 cirinsdecora
1540 1646 1642 1701 iacies

1316 1719 1446 1772 Mutatur
1456 1720 1488 1770 ut
1503 1717 1697 1783 temperies:

1316 1786 1411 1842 Vitam
1425 1787 1526 1860 signat
1537 1790 1718 1856 angelicam

1319 1862 1494 1915 Discretrone
1506 1861 1689 1930 praditam.

1352 1931 1543 2001 amethystus
1561 1934 1743 2005 praecipuus

1316 2006 1423 2059 Decora
1438 2004 1594 2060 violaceus

1317 2072 1463 2130 Flammae
1474 2077 1588 2130 emittit
1604 2090 1720 2132 aureas

1316 2145 1498 2215 Notuluaque
1516 2163 1716 2218 purpureas:

1320 2215 1476 2272 Protendo
1491 2234 1543 2273 cor
1559 2219 1728 2275 humilium

179 1501 381 1563 imilliae
398 1498 526 1559 calestia
546 1499 657 1574 patriae,
730 1499 785 1556 Por
799 1513 886 1570 qinom
903 1496 1025 1557 albescit
1039 1502 1172 1568 castilas,

144 1573 185 1631 ur
207 1576 215 1631 i
232 1590 332 1647 regum
349 1574 495 1631 concinite
731 1570 773 1627 Art
789 1569 949 1627 honestatis
964 1572 1115 1628 cumulum

141 1591 371 1716 Qufsupremus
386 1650 431 1702 est
445 1645 543 1719 opifex
731 1641 827 1698 Rubet
841 1657 959 1726 quoque
975 1645 1158 1727 martyrium.

141 1718 275 1775 Civitatis
289 1716 433 1786 Uraniae,
766 1714 884 1770 Saralius
898 1721 941 1771 est
957 1731 1110 1787 puniceus,

730 1786 823 1856 Cujus
839 1785 918 1845 color
932 1790 1115 1852 aanrumeus

734 1858 825 1913 liscus
841 1864 969 1914 ostentat
985 1867 1145 1933 martyrum

732 1927 795 1984 Rite
805 1931 1042 2001 agonizantium:

732 1999 836 2056 Sextus
848 2011 893 2056 est
903 2004 933 2058 in
948 2002 1080 2072 catalogo

732 2072 835 2128 Crucis
851 2073 938 2129 haeret
953 2076 1100 2147 mysterio.

768 2145 920 2200 Auricolor
933 2145 1109 2218 chrysolitus

142 1793 174 1844 ln
188 1791 275 1874 eujus
289 1789 412 1845 adillrio

144 1859 286 1917 Consistit
301 1861 362 1916 han
378 1858 520 1918 lund-itio.

181 1932 281 2005 iaspis
296 1933 391 1989 colore
406 1932 491 1988 viridi

150 2003 266 2060 Praetori
281 2004 405 2060 virorem
421 2003 499 2070 aaa,

149 2075 216 2140 Oura
232 2077 261 2131 in
279 2077 413 2144 perfertis
427 2077 566 2133 omnihus

148 2145 304 2219 Nunquam
318 2149 470 2203 marcescit
485 2150 612 2220 penitus,

148 2220 236 2288 Cujus
253 2220 317 2276 lorti
336 2218 471 2290 prasidio

150 2289 311 2347 Reaietitur
325 2289 450 2346 diabolo.

185 2362 346 2432 sapphirus
363 2361 451 2417 habet
466 2361 592 2433 aproiem

147 2431 260 2490 Caelesti
277 2435 382 2488 throno
398 2432 536 2502 similem,

146 2507 286 2578 Designat
301 2521 350 2562 cor
365 2505 546 2577 simplicium

146 2575 201 2646 Spe
214 2588 292 2634 certa
309 2577 540 2660 prestolantium

148 2646 277 2736 Quorum
289 2656 346 2705 vita
361 2655 389 2704 et
406 2649 537 2705 moribus

149 2721 205 2791 rs)
244 2757 630 2775 .........

182 2789 357 2861 satiansque
377 2787 589 2845 Chalcedonius

144 2860 223 2929 lssnls
239 2859 324 2916 hahet
336 2859 475 2932 elligiem,

144 2930 310 2989 Subrutilat
321 2934 349 2988 in
366 2932 494 3003 puhlioo.

143 3003 296 3076 autgarem
314 3005 364 3060 dot
378 3003 408 3059 in
426 2999 537 3072 nubilo,

733 2213 879 2270 Scintillat
889 2215 967 2271 velut
981 2220 1127 2286 olibanus,

733 2286 992 2343 Prateurlitmorea
1004 2289 1156 2346 hominnm

733 2355 869 2415 Periactae
884 2361 1045 2430 sapientiis,

733 2429 786 2494 Qui
804 2431 982 2500 saptlthrmia
994 2432 1094 2503 gratia

733 2505 820 2555 Sarra
836 2500 1015 2565 splendescit
1025 2505 1141 2574 juhare.

751 2571 1045 2648 lOSOBeryilussst
1056 2575 1265 2647 lymphaticus,

733 2648 770 2698 Ut
785 2645 828 2699 sol
844 2647 873 2700 in
890 2662 967 2717 aqua
982 2646 1133 2716 limpidus,

735 2715 927 2785 figuratvota
944 2720 1086 2774 mentium

733 2785 852 2856 Ingenio
868 2792 1037 2859 sagacium:

731 2860 811 2924 ernrl
829 2861 924 2930 magis
940 2860 1009 2915 lihet
1027 2861 1181 2934 mysticam

730 2928 1088 3002 Summaquietiaostium
1101 2933 1133 3005 [s.
1143 2935 1235 2989 otium
1251 2934 1264 2991 i

765 3000 909 3073 'lopezius
919 3019 977 3075 quo
992 3006 1086 3061 carior
1100 3007 1131 3078 [s.
1142 3007 1233 3062 rarior

1319 2287 1433 2344 Christo
1448 2290 1733 2347 commorientium.

1355 2359 1389 2414 lli
1403 2360 1523 2430 pretiosi
1540 2360 1664 2431 lapidas

1318 2430 1457 2487 (iurnales
1469 2432 1595 2503 signant
1612 2433 1753 2489 homines

1318 2504 1453 2558 ttolornm
1469 2515 1494 2559 et
1507 2509 1643 2560 variatas

1320 2573 1464 2630 Virtutum
1482 2575 1706 2646 multiplicius,

1320 2646 1370 2702 iiis
1397 2650 1568 2715 quicunque
1590 2646 1727 2704 floruerit

1318 2717 1450 2773 Gonaivia
1466 2733 1532 2775 asae
1549 2720 1673 2790 poterit.

1352 2789 1515 2845 ierusalem
1534 2793 1669 2862 pacifera

1318 2864 1384 2916 Hac
1399 2863 1450 2914 tihi
1467 2869 1540 2916 sunt
1556 2861 1745 2927 laudamine,

1318 2932 1395 2987 Frlix
1412 2932 1468 2988 Deo
1483 2939 1512 2988 et
1529 2935 1667 3003 proxima

1317 3006 1379 3068 Qua
1395 3011 1422 3059 te
1432 3007 1553 3060 daretur
1566 3006 1683 3071 anima,

1318 3077 1422 3132 Crustas
1434 3081 1552 3132 tuarum
1568 3076 1701 3133 turrium

1317 3144 1378 3203 Non
1391 3145 1500 3202 dormit
1515 3150 1546 3203 in
1564 3156 1741 3220 perpetuom

1352 3217 1483 3275 Concede
1496 3219 1593 3281 nohis,
1605 3222 1675 3293 agie

1317 3288 1375 3346 isar
1392 3290 1518 3347 civitatis
1530 3293 1643 3348 coelicrn

1317 3359 1386 3417 Post
1397 3378 1515 3419 oursum
1533 3366 1600 3418 vita
1616 3362 1718 3420 labilis

1317 3433 1500 3490 Consortium
1519 3434 1700 3506 insuperis,

1316 3504 1396 3562 Inter
1410 3513 1584 3563 sanctorum
1599 3509 1727 3579 agmina

1302 3578 1472 3634 Cantemus
1491 3576 1546 3635 tibi
1562 3580 1693 3637 cantica.

1662 3659 1767 3710 Amen.

731 3076 769 3127 En
781 3079 827 3129 est
842 3075 1005 3145 pretiosior.

729 3143 828 3200 llxstat
843 3145 937 3201 nitore
951 3145 1044 3211 priseo

731 3220 851 3287 aspectu
869 3223 897 3272 et
911 3217 1056 3275 athereoz

730 3289 1101 3355 Contemplativasolirlom

728 3357 802 3414 Vitae
814 3368 933 3431 prestat
946 3361 1086 3418 olllcium.

764 3430 979 3504 chrysopa-us
996 3449 1179 3506 purpureum

729 3503 867 3558 imitatur
880 3504 1045 3564 concillum.

728 3573 776 3630 liat
788 3575 974 3633 intertinctus
990 3575 1087 3633 aureis

728 3644 856 3701 Miscetur
871 3648 997 3718 quodam
1015 3647 1140 3715 patratis

730 3718 792 3771 ltao
807 3723 853 3772 est
870 3723 998 3789 pertenta
1012 3719 1140 3777 charitas

728 3787 820 3855 Quam
833 3790 915 3847 nulla
930 3791 1034 3848 sternit
1050 3793 1160 3849 lucitas.

145 3076 288 3132 i'irtulam
302 3078 357 3132 iert
372 3076 503 3132 lidelinm

145 3145 264 3204 Occulta
280 3147 497 3205 tamulantium.

181 3219 362 3292 Smaragdos
375 3219 471 3276 virens
487 3218 611 3276 nimium

145 3292 199 3345 Dat
213 3290 313 3347 lumen
328 3291 505 3359 oleaginum,

143 3358 194 3418 aa
209 3363 281 3418 fides
296 3362 483 3434 integerrima

142 3433 182 3488 Ad
198 3449 285 3490 omne
300 3433 409 3489 bonam
424 3432 533 3503 patula,

140 3502 209 3567 Oua
226 3521 377 3579 nunquam
395 3505 450 3562 scit
464 3505 587 3562 delicere

140 3577 163 3632 n
180 3576 296 3640 pietatis
312 3592 407 3649 opere.

176 3648 324 3722 Sardonyx
340 3652 450 3704 constat
466 3646 586 3705 tricolor

143 3714 233 3773 ilomo
248 3720 340 3775 lertur
355 3719 488 3779 interior.

142 3786 232 3851 Quem
249 3789 554 3862 denigrathumititaa‚

175 3941 232 4014 (35)
247 3940 331 3998 Forte
340 3941 457 4014 resolpet
471 3945 498 3997 et
509 3939 676 3998 virtutihus.

291 4264 681 4391 MARBODI
727 4264 1256 4391 REDONENSIS
1303 4269 1698 4398 EPISCOPI

529 4483 682 4569 Lepidum
692 4485 889 4569 pretiosorum
911 4485 947 4549 ds
966 4485 1072 4570 quibus
1085 4493 1119 4550 ia
1130 4487 1320 4573 praescienti
1327 4507 1429 4573 prora,

402 4646 671 4744 MYSTICA
706 4646 822 4744 SEU
855 4645 1136 4746 MORALlS
1172 4648 1552 4748 APPLICATIO.

563 4826 617 4902 liin
630 4827 727 4886 soriam
740 4843 790 4886 mr.
805 4827 836 4887 5.
861 4827 978 4887 Victoris
991 4847 1021 4887 n.
1037 4829 1102 4888 905.
1115 4830 1260 4905 Nusquam
1273 4830 1372 4904 edila)

159 5095 984 5171 ¹08¹§liaspiasstprlmumfundamentumllcole·A
1034 5098 1276 5173 §lhflapphirus
1299 5099 1365 5160 coti
1388 5101 1516 5161 colorem
1547 5103 1648 5167 habet
1692 5112 1808 5185 Signihe

120 5185 560 5244 siaDai.eteatviridiseoloris.
581 5186 751 5258 Quicunque
764 5186 941 5247 illumsuoer
994 5190 1062 5247 illos
1076 5189 1127 5262 qui
1138 5191 1233 5246 aohno
1248 5189 1278 5247 in
1289 5196 1367 5249 terra
1378 5193 1464 5264 positi
1476 5193 1808 5263 coelcstihuarntandm

117 5275 305 5343 rehabuerit,
317 5277 493 5347 phantasma
513 5279 537 5331 ei
557 5294 613 5332 uon
633 5280 749 5334 nooab=t
785 5277 940 5347 Significat
993 5284 1022 5335 et
1037 5287 1142 5335 cuncta
1157 5284 1272 5335 terrena
1284 5280 1551 5352 despiciunt‚qnasi
1572 5303 1635 5345 non
1648 5290 1756 5350 ainata
1768 5301 1808 5351 ter

114 5372 214 5423 autem
229 5382 279 5422 eos
291 5365 341 5436 qui
358 5364 444 5419 iliam
470 5366 517 5420 Dei
540 5382 656 5438 seraper
685 5372 795 5437 tenant,
811 5370 840 5422 et
860 5384 936 5424 nun·
988 5368 1073 5439 Juxta
1088 5367 1181 5424 illud:
1208 5368 1310 5426 Nostro
1332 5379 1428 5427 nutem
1456 5379 1642 5435 conuersatio
1661 5382 1696 5439 in
1710 5382 1808 5441 carim

113 5470 201 5527 quam
224 5456 259 5511 ab
281 5471 315 5511 aa
336 5454 477 5509 recedunt
502 5454 544 5510 vol
570 5463 719 5523 arescunt,
739 5456 793 5514 sed
821 5471 938 5530 semper
991 5456 1243 5530 (ratisponam.

1025 5545 1090 5621 §lli
1115 5545 1328 5606 chalcedonius
1342 5547 1474 5622 qnandiu
1492 5548 1524 5607 in
1540 5551 1699 5619 ‹lomnest
1714 5580 1774 5622 non
1789 5562 1808 5620 lo
