3802 6030
58 256 137 317 itit
478 249 573 312 tuta
592 249 624 312 S.
650 248 927 312 annuntietis.
951 248 1062 311 CASAE
1084 248 1162 311 usi.
1187 280 1224 294 -
1246 247 1323 310 LlB.
1346 248 1385 309 ll.
1687 247 1766 310 itte

56 386 196 442 tundatur
206 385 325 451 exstitit,
333 385 454 458 egregia
464 385 541 440 dotis
552 383 648 442 instar
659 384 813 457 reliquisse
823 399 883 441 cer·
901 383 925 449 Α
942 383 1066 452 serebat,
1083 383 1207 440 lideliter
1222 382 1355 450 audiens,
1369 382 1506 438 restituta
1520 386 1565 438 est
1575 380 1765 453 protinuaaa·

61 478 143 532 nitur
158 477 369 532 haereditariam
387 476 584 531 sanctitatem.
939 473 1033 530 nitati.
1050 474 1108 530 Nec
1125 475 1211 531 latuit
1222 476 1393 531 assistentes
1407 478 1494 529 tantis
1508 472 1765 540 virtutisill‘ectus,

94 569 136 625 19.
148 566 345 624 Demiraculis
356 584 422 622 vero
433 564 886 640 paucoperstrlngimus,haosci·
937 578 1004 619 cum
1021 564 1056 618 de
1074 581 1226 620 nervorum
1243 564 1307 635 iq'us
1323 565 1516 619 concussione
1533 560 1767 635 lragoremissus

58 658 123 713 licut
140 658 196 712 lida
211 675 268 728 uria
284 657 369 712 nohis
384 672 418 711 ea
434 659 483 728 qui
499 673 530 711 se
546 656 653 712 vidisse
668 661 814 718 asserunt,
827 661 884 710 tra·
937 657 1076 709 terrorem
1094 656 1237 723 subitum,
1255 663 1395 727 tanquam
1407 654 1443 709 de
1455 654 1519 710 tecti
1532 655 1627 721 ruina,
1639 667 1766 724 presen-

60 748 208 803 diderunt.
224 747 363 803 Ceterum
380 751 439 800 tota
454 745 548 816 ipsius
563 746 621 800 vite
634 745 770 809 interris,
783 745 885 817 ingens
938 742 1015 798 tilius
1031 741 1215 800 incussisset.

60 838 210 909 quoddam
229 837 404 892 miraculum
423 836 487 890 l'nit.
503 834 532 890 Si
549 835 599 906 qui
616 841 712 890 tainen
736 833 885 890 exteriori·
973 832 1018 887 20.
1037 834 1100 890 llrec
1117 851 1209 906 pauca
1223 834 1259 889 de
1274 835 1367 890 sancti
1380 830 1629 904 hujusmiraculia
1641 830 1768 887 breviter

61 926 116 982 bus
133 926 208 996 ignis
226 925 340 980 lacilius
356 924 521 997 capiuntur,
539 940 596 978 non
612 924 688 995 quod
701 922 750 978 iila
762 923 885 993 majora,
938 936 1117 979 memorasse
1133 923 1267 991 solllciat,
1285 929 1316 979 ut
1331 939 1383 979 nec
1404 922 1616 994 provectiorum
1643 919 1768 978 tirmitas

58 1016 108 1070 sed
126 1015 203 1086 quod
217 1014 273 1086 ipsi
287 1015 385 1070 minas
400 1018 471 1069 sunt
485 1028 615 1083 capaces,
632 1013 735 1085 quales
750 1011 816 1084 plus
831 1010 886 1067 du·
939 1017 1086 1079 oneretur,
1103 1017 1132 1070 et
1147 1013 1220 1069 lldes
1235 1010 1414 1085 simplicium
1426 1013 1589 1069 roboretur.
1602 1008 1675 1067 Nam
1686 1026 1771 1082 sepo·

57 1117 121 1157 cere
137 1101 210 1157 solet
224 1101 538 1157 carnaliumsensuum
553 1099 722 1169 admiratio,
736 1114 793 1154 non
807 1098 887 1154 deest
940 1102 1148 1159 sitavirtutum
1159 1101 1262 1158 talium
1272 1102 1429 1169 mentions,
1442 1105 1619 1175 qnorum,ut
1630 1101 1660 1155 iri
1671 1099 1770 1158 causis

56 1190 214 1247 bacaliam
235 1190 265 1246 in
293 1195 375 1262 parte
400 1190 534 1259 materia,
559 1206 618 1261 qua
643 1188 748 1244 talium
773 1201 887 1274 qnoque
940 1192 1055 1261 dicitnr,
1071 1191 1239 1249 communis
1254 1196 1299 1247 est
1312 1191 1548 1264 loous‚quoninm
1564 1190 1666 1247 1441
1685 1189 1770 1248 bonis

56 1283 175 1339 utilitati
190 1283 344 1338 serviatur.
360 1282 481 1339 Militem
497 1282 534 1337 de
551 1281 648 1337 Monte
671 1279 825 1349 (lassonis,
840 1279 886 1334 cu¹
941 1298 998 1339 nnn
1014 1297 1140 1353 semper,
1157 1281 1243 1338 malla
1259 1280 1347 1338 etiam
1370 1279 1547 1353 quandoque
1570 1279 1745 1352 contingunt
1760 1297 1769 1357 ς

57 1389 165 1430 nomen
181 1373 348 1428 Bernartius
364 1376 436 1440 eret,
452 1372 547 1427 tribue
563 1369 649 1427 aunis
664 1368 813 1426 continuis
840 1383 888 1424 te·
940 1372 1003 1431 sota
1016 1374 1080 1430 iiiia
1092 1379 1259 1431 sanctorum
1271 1373 1437 1430 constantia
1457 1369 1771 1444 prudentibussulhoit
1878 1408 1881 1415 -

58 1460 540 1534 niuminjuria,quamnephresim
551 1458 654 1516 medici
664 1458 827 1526 nominant,
850 1457 889 1514 le·
942 1461 977 1517 ad
995 1461 1081 1519 tidem
1098 1465 1264 1535 pariterque
1279 1461 1456 1536 exemplum,
1480 1477 1568 1534 quam
1594 1459 1652 1516 nisi
1676 1459 1771 1515 honus

58 1553 221 1622 herentem,
238 1568 304 1608 cum
321 1568 403 1624 aqua
419 1554 525 1607 sancte
538 1548 709 1622 aspersione
720 1566 810 1622 super
820 1565 888 1605 eum
942 1568 1028 1608 nemo
1040 1552 1440 1625 potuitadipisci.Quidenim
1450 1551 1570 1625 dignius
1581 1565 1713 1623 unquam
1723 1566 1771 1622 po·

57 1644 186 1698 devotius
202 1658 299 1709 orans,
318 1658 374 1697 non
392 1641 487 1697 solum
502 1639 633 1711 corporis
650 1639 839 1695 incommodo
851 1637 889 1694 ti·
941 1639 1770 1713 testeseemiraouloqnamintantarerummandanarum

56 1732 178 1800 berault,
202 1731 412 1788 verumetiam
439 1736 538 1801 postea
570 1728 748 1786 monachum
775 1730 884 1784 lactum
901 1729 1770 1815 Bvarietateiinmobilemmentisbabitumouslodirelouem

56 1822 188 1878 Christis
204 1821 314 1878 militias
330 1820 483 1876 dedicavit.
505 1819 578 1876 ltem
603 1818 694 1874 alium
721 1835 771 1888 per
793 1818 886 1876 vitiati
940 1822 985 1876 vir
1001 1821 1054 1876 iste
1066 1819 1321 1877 beatusitallxum
1333 1820 1431 1876 divino
1444 1836 1566 1877 munere
1577 1817 1770 1886 conservavit,

55 1911 210 1982 sanguinis
225 1909 419 1982 corruptelam
435 1926 512 1981 aqua
527 1909 670 1965 intercute
693 1905 886 1980 laborantemi
941 1913 974 1965 ut
989 1924 1041 1966 neo
1056 1914 1188 1978 etatum,
1205 1925 1257 1966 nec
1278 1908 1420 1976 locorum,
1437 1925 1490 1966 neo
1515 1915 1691 1980 temporum,
1717 1921 1770 1963 neo

54 2007 83 2058 et
97 2001 239 2056 naturalis
255 1999 362 2055 caloris
379 1999 479 2055 lomite
492 1999 552 2069 jam
575 1999 720 2065 demerso,
748 1985 888 2069 euperssu¹
941 1998 1124 2055 fortunarum
1143 1998 1311 2055 diuersitate
1326 2016 1343 2055 a
1358 2004 1458 2056 sancto
1474 1999 1622 2071 proposito
1643 1996 1771 2069 potuerit

56 2089 888 2161 humorisabundantiaprotinusohruendumsacrisma·
941 2083 1093 2140 dimoveri.
1109 2081 1202 2140 Unam
1220 2084 1523 2159 petieratallomino,
1541 2083 1770 2140 bancaliamre-
1870 2078 1874 2084 ’

55 2194 113 2233 nus
128 2178 315 2250 impositione
332 2176 470 2233 restituit.
494 2178 619 2233 Puerum
637 2193 754 2249 quoque
779 2175 888 2233 demo·
941 2175 1085 2244 qairebat,
1097 2179 1236 2231 eternam
1252 2175 1366 2230 scilicet
1381 2176 1410 2231 in
1427 2175 1513 2230 domo
1530 2172 1646 2230 Domini
1658 2172 1772 2228 babita-

58 2265 176 2321 niaoum
192 2266 342 2337 gressibus
357 2283 390 2322 ac
401 2265 507 2338 linguae
520 2265 665 2337 privatum
678 2265 829 2336 obsequio.
842 2281 889 2320 ru·
941 2263 1062 2334 tioneni,
1074 2265 1159 2335 cnjus
1172 2263 1280 2319 intuitu
1303 2263 1466 2337 quamlibet
1476 2264 1539 2318 vita
1558 2261 1709 2335 presentie
1727 2259 1772 2318 uel

61 2353 126 2412 stici
139 2356 294 2427 cujusdam
311 2357 403 2411 lilium
420 2357 475 2411 sub
492 2355 554 2411 loco
569 2354 618 2425 qui
633 2354 724 2411 Calais
741 2370 826 2410 mons
843 2353 889 2409 di·
943 2351 1132 2426 voluptatem,
1149 2354 1192 2409 vel
1209 2352 1373 2409 molestiam
1387 2353 1541 2424 pronihilo
1553 2352 1715 2425 reputabat.
1728 2350 1773 2407 lta

61 2445 146 2512 citur,
164 2444 336 2513 habitantis,
352 2444 453 2500 eadem
470 2444 599 2516 potentia
614 2460 664 2517 per
676 2461 780 2499 manus
795 2444 888 2513 impo—
942 2442 1051 2498 lactum
1069 2446 1101 2496 ut
1113 2458 1165 2514 per
1181 2443 1278 2499 brevis
1292 2442 1402 2498 laboris
1419 2457 1551 2510 cursum,
1566 2457 1652 2498 omne
1662 2439 1772 2497 etenim

60 2533 197 2589 sitionem
213 2551 279 2589 cum
295 2533 437 2590 orationis
449 2534 556 2589 virtute
572 2533 694 2603 curavit,
721 2532 889 2604 triplicique
942 2532 1020 2603 quod
1035 2532 1141 2587 transit
1157 2531 1243 2588 breve
1257 2535 1313 2596 est,
1331 2531 1368 2587 ad
1381 2537 1497 2587 aeternae
1511 2530 1617 2604 quietis
1638 2529 1773 2586 bravium

58 2622 200 2678 miraculo
215 2622 244 2679 in
260 2624 360 2679 eadem
377 2639 511 2695 persona,
538 2628 619 2679 muto
648 2639 760 2689 vocem,
785 2622 889 2679 claudo
944 2619 1118 2693 perveniret,
1134 2620 1211 2676 lelici
1226 2623 1402 2678 commercio
1419 2621 1545 2677 terrenis
1566 2619 1697 2676 lucratus
1712 2634 1775 2675 coe·

58 2714 303 2784 progressionem,
315 2714 427 2783 captivo
436 2712 531 2768 reddit
541 2712 715 2769 libertatem.
730 2713 801 2769 ltem
816 2728 888 2785 pris·
942 2709 1035 2766 lestia.
1054 2708 1159 2765 Obitus
1175 2709 1293 2781 quidem
1309 2711 1355 2767 sui
1367 2710 1444 2767 diem
1458 2708 1773 2781 crediturprusoivisae

57 2807 171 2856 sentato
184 2802 239 2856 sibi
254 2801 432 2857 daemoniaco
443 2818 511 2857 curu
524 2817 629 2873 panem
641 2807 774 2857 sanctum
786 2802 815 2856 in
826 2802 889 2873 ipso
944 2798 1010 2871 (ts),
1027 2798 1227 2870 fratribusque
1241 2800 1277 2854 nd
1294 2815 1325 2855 se
1340 2801 1506 2856 convocatis
1518 2804 1584 2870 post
1596 2796 1774 2856 exhortatio·

58 2889 186 2945 ecclesie
200 2891 275 2946 ostio
290 2892 477 2961 porrexisset,
493 2890 633 2946 inimicus
649 2895 737 2946 tanta
753 2890 819 2946 lidei
832 2890 888 2945 vir·
944 2889 989 2944 nis
1005 2890 1103 2955 verba,
1119 2890 1228 2962 quibus
1246 2906 1297 2946 eos
1321 2891 1429 2947 divinis
1452 2890 1570 2947 monitis
1597 2890 1773 2962 instruebat,

60 2982 151 3034 tutem
167 2997 225 3036 nou
237 2981 398 3050 sustinens,
412 2998 469 3037 non
480 2979 543 3036 sine
555 2980 710 3035 horrisono
722 2980 847 3050 strepitu
861 2982 891 3035 et
943 2975 1095 3033 osculatus
1110 2978 1244 3050 singulos
1259 2978 1322 3034 vale
1338 2979 1422 3045 dixit,
1438 2979 1539 3052 sicque
1554 2993 1712 3034 conversus
1736 2976 1773 3032 ad

61 3066 237 3125 intolerabili
256 3071 344 3126 letare
369 3069 515 3139 discessit,
542 3070 751 3141 hominemque
777 3067 891 3123 dimisit
948 3069 1051 3134 Deum,
1067 3068 1273 3139 sequeetillos
1285 3070 1422 3141 precibus
1434 3069 1655 3137 commendans,
1668 3066 1775 3142 plenus

60 3158 359 3217 incolumemltlulier
370 3161 509 3215 membris
521 3159 889 3230 omnibusdissoluta,qum
904 3120 927 3186 c
947 3157 1060 3213 dierum
1077 3157 1211 3213 dormivit
1225 3156 1254 3213 in
1275 3157 1399 3225 Christo,
1414 3158 1607 3232 sepultusque
1618 3164 1662 3214 est
1674 3161 1775 3213 octavo

61 3246 127 3318 ipso
143 3250 264 3306 missam
280 3249 445 3305 celebrante
461 3249 555 3302 sooria
571 3247 718 3319 miseriis
734 3246 891 3303 assistebat
946 3247 1092 3303 Kalendas
1107 3248 1174 3305 Maii
1190 3248 1220 3303 in
1237 3251 1309 3304 Casa
1325 3247 1375 3304 Ilei
1391 3265 1476 3312 nova.
1493 3265 1582 3322 quam
1598 3250 1660 3321 ipse
1683 3244 1776 3304 edio·

63 3334 152 3392 allata
167 3339 278 3394 scilicet
293 3355 350 3393 non
366 3337 428 3393 suis
444 3335 578 3409 pedibus.
595 3336 644 3392 sed
662 3335 798 3392 manibus
818 3335 890 3391 alio·
946 3342 1071 3404 caverat,
1088 3343 1228 3410 regnante
1243 3336 1366 3395 Domino
1382 3342 1482 3395 nostro
1496 3335 1566 3394 lesu
1581 3336 1705 3403 Christo,
1727 3332 1775 3391 oui

62 3441 140 3492 rum,
156 3432 221 3498 ejus
236 3443 334 3483 vocem
350 3443 439 3500 quain
454 3426 490 3481 ds
501 3433 646 3497 perpetus
657 3424 891 3499 Virginislaudl·
946 3429 991 3482 eet
1006 3441 1073 3482 cum
1090 3429 1173 3482 Putre
1188 3430 1218 3481 et
1239 3424 1349 3500 Spiritu
1366 3435 1467 3483 eoiicto
1482 3425 1576 3497 honor
1590 3429 1619 3482 et
1638 3419 1732 3498 gloria
1744 3419 1776 3478 iu

61 3513 130 3583 bus,
146 3515 175 3571 in
191 3518 263 3572 lesio
274 3518 368 3590 ipsius
378 3515 617 3572 annuntiationis
628 3515 664 3573 sd
677 3514 819 3589 populum
830 3515 891 3572 die·
947 3514 1056 3572 secuta
1070 3514 1256 3574 seculorum.
1271 3525 1377 3574 Amen.

101 3662 159 3735 (73)
176 3666 265 3719 llorte
280 3667 348 3719 ante
366 3661 511 3734 praescita,
528 3660 589 3718 obit
603 3676 653 3718 rur
668 3659 729 3719 ltal.
747 3661 824 3730 Man,
840 3677 887 3718 en.
905 3659 984 3716 tout.
1011 3659 1051 3717 De
1076 3677 1135 3734 quo
1161 3659 1227 3720 alda
1248 3664 1320 3720 Acta
1344 3660 1393 3720 SS.
1409 3678 1475 3721 areo.
1490 3678 1569 3738 prr,
1597 3663 1673 3735 2‚ln
1691 3663 1771 3726 nott·

71 3761 107 3819 ad
124 3761 198 3818 hanc
213 3761 314 3818 vitam.

113 3942 1763 3976 Ἣ

651 4077 836 4176 LIBER
871 4077 1191 4177 SECUNDUS

103 4525 224 4582 nomino
239 4539 304 4581 vere
320 4525 433 4592 sancto,
448 4525 478 4578 et
490 4521 522 4576 in
532 4518 641 4576 Christi
656 4516 799 4575 membris
811 4517 895 4574 unice
911 4519 935 4586 Ι)
951 4532 1030 4584 sum,
1044 4515 1112 4574 atsi
1122 4516 1192 4574 boni
1204 4519 1274 4591 quid
1286 4535 1352 4593 ago,
1365 4519 1439 4577 meis
1451 4518 1624 4577 booclribus
1635 4532 1770 4594 seregent

65 4633 113 4675 am
119 4614 271 4687 plectendo
285 4618 433 4672 Srsriiino
449 4610 560 4676 abbati,
576 4608 740 4665 Massones
754 4611 899 4680 peccator,
955 4611 985 4665 et
998 4623 1057 4665 non
1072 4607 1115 4664 illi
1131 4608 1229 4681 potius
1240 4624 1258 4664 a
1268 4624 1327 4680 qun
1337 4614 1445 4667 cunata
1456 4609 1533 4667 bons
1545 4610 1782 4683 procedunt,nec

104 4704 282 4776 Frequenter
298 4705 382 4775 petis,
397 4701 443 4757 vir
458 4699 585 4772 egregie,
601 4698 660 4753 imo
675 4698 731 4754 auli
742 4701 901 4769 assumpte
957 4704 1016 4757 tam
1028 4699 1157 4756 inlldelis
1168 4697 1417 4758 utinhoneatisac
1426 4701 1781 4776 piislahoribuadirinum

69 4793 218 4866 petitionis
228 4789 624 4867 liguramiiltoarctiusjubes
634 4790 662 4842 et
673 4784 804 4856 cogis,ut
813 4783 902 4856 priori
956 4788 1268 4862 desperemauxilium.
1279 4788 1445 4848 Gratulstor
1459 4791 1730 4865 igituropusculuin
1744 4789 1782 4846 il·

70 4883 169 4939 libello
181 4901 268 4955 quem
278 4884 381 4940 devita
394 4881 470 4937 beati
483 4877 600 4934 ltoherti
613 4874 741 4944 simplici
756 4889 902 4943 sermone,
956 4877 1004 4932 lud
1021 4878 1084 4946 tibi,
1099 4877 1193 4947 Pater,
1208 4885 1237 4934 et
1251 4881 1362 4938 sanctis
1378 4881 1516 4937 iratribus
1533 4879 1687 4951 placuisse,
1699 4886 1727 4936 et
1737 4878 1782 4938 dt·

73 4974 186 5028 utinam
208 4980 266 5029 tani
292 4971 448 5027 etlicaciier
472 4984 556 5039 quarn
583 4964 720 5030 libenter,
749 4963 900 5033 composui
955 4969 1028 5024 vine
1039 4971 1139 5041 gratiae
1150 4986 1199 5041 per
1212 4987 1301 5041 quam
1316 4972 1424 5043 placuit
1435 4975 1546 5044 gratias
1557 4988 1622 5042 ago.
1634 4973 1689 5028 sed
1702 4967 1782 5038 quod

73 5078 199 5132 sequens
215 5079 289 5131 opus
304 5064 341 5116 de
355 5058 512 5114 virtutibus
526 5057 589 5125 ejus
611 5053 774 5108 secundum
799 5051 902 5109 titulos
956 5066 1047 5114 restat
1066 5060 1166 5114 eadem
1183 5058 1286 5116 lm
1305 5077 1359 5132 ope
1381 5062 1479 5117 diuina
1503 5066 1594 5117 lretus
1617 5061 1782 5134 aggredior,

73 5152 159 5224 primi
170 5153 485 5219 scriptoriaadnectam.
496 5147 619 5201 lionorat
631 5140 800 5214 parvitatem
810 5157 902 5197 ineam
956 5165 1040 5216 quarn
1054 5149 1125 5203 mihi
1139 5165 1194 5205 non
1207 5152 1535 5218 meritoruin‘meorum,
1545 5168 1610 5224 quae
1622 5152 1699 5206 male
1711 5153 1783 5206 suut

73 5241 204 5311 repotitm
220 5240 398 5312 dignationis
411 5233 621 5308 iniunctio,sed
633 5236 735 5288 onerat
746 5230 902 5286 infirmita·
955 5237 999 5294 vel
1016 5239 1107 5307 nulla,
1124 5240 1325 5312 presumptio,
1347 5241 1398 5296 sed
1414 5240 1489 5297 beati
1510 5240 1639 5308 Patroni,
1664 5241 1700 5295 de
1723 5253 1782 5311 quo

73 5337 129 5385 tem
146 5330 244 5399 gravis
261 5330 368 5385 laboris
379 5326 555 5398 assumptio.
569 5323 669 5392 Neque
681 5320 760 5375 enim
772 5319 799 5375 ei
820 5318 902 5392 prius
955 5345 1051 5384 sermo
1064 5329 1236 5399 suscipitur,
1252 5341 1279 5386 et
1294 5337 1398 5387 vestras
1419 5332 1587 5389 sanctitatis
1610 5327 1783 5385 intercessio

73 5417 123 5474 libi
140 5417 350 5488 dislllssulfltssli
366 5433 494 5488 Selium
510 5431 526 5471 ⁸
543 5425 674 5482 ffl⁰⁰ll⁰⁸
686 5414 745 5464 ²⁸⁰¹
757 5409 904 5466 inmutet·
956 5419 1120 5492 pollicetur.
1137 5418 1208 5475 Mihi
1224 5437 1304 5492 ergo,
1320 5422 1344 5477 si
1361 5423 1432 5494 quid
1447 5423 1535 5478 errati
1550 5422 1615 5487 erit,
1627 5414 1785 5490 imputabi-

72 5510 212 5579 txtsserta'i
227 5524 280 5562 nea
295 5507 491 5579 cursusquae
509 5503 620 5576 placeat
633 5495 852 5570 absqualaboie
873 5502 903 5555 el
956 5514 1005 5566 tur
1017 5509 1161 5581 quidquid
1178 5510 1249 5566 recti
1266 5527 1399 5584 superne
1414 5512 1526 5584 gratias.
1542 5509 1600 5565 Neo
1622 5505 1785 5581 scriptoris,

74 5598 219 5653 industrio
235 5603 330 5669 potest
344 5596 485 5670 exsculpi.
502 5595 557 5653 Sed
573 5605 667 5663 neque
682 5586 771 5644 etiam
784 5586 902 5662 ineptus
957 5614 1070 5672 precor,
1083 5599 1243 5673 indignitas
1253 5608 1393 5676 suscepta
1404 5618 1498 5659 sauss
1509 5595 1787 5677 prejudtceioigni·
