3802 6030
60 279 136 342 1721

181 417 282 474 Saeculi
299 418 516 490 reparatricem,

185 506 316 562 Veterem
334 512 468 563 converte
482 507 586 576 vicem,

186 599 299 668 Corpus
315 596 431 652 salvans
445 599 533 669 atque
548 596 676 666 Sichem,

184 685 227 740 sit
240 684 305 741 laus
322 685 434 741 Christo
446 691 555 751 nostru,
574 685 662 753 Patri,

188 775 232 831 Sit
244 774 311 832 laus
328 792 387 831 sua
403 781 509 832 sanctae
524 776 622 846 ntatri,

188 864 242 930 Qui
258 882 312 920 uos
324 869 464 921 tueantur
478 864 533 921 atri

190 956 212 1008 Α
228 954 381 1026 suppliciis
396 953 538 1011 barathri.

243 1045 346 1099 Amen.

332 1131 409 1188 xlx.
429 1132 623 1204 Epitaphium.

65 1220 123 1291 (29)
136 1221 232 1275 Bruno
242 1221 336 1290 Pater,
343 1221 476 1291 jucunde
486 1238 585 1287 senex,
603 1220 755 1277 mitissime
772 1219 890 1293 presul,

102 1309 193 1379 Cujus
208 1325 258 1364 cor
273 1310 375 1380 pietas,
393 1308 495 1382 lingua
509 1308 567 1367 mel
581 1317 608 1366 ct
623 1309 667 1364 lac
681 1314 760 1378 erat3

67 1397 104 1452 Se
119 1396 171 1452 tihi
183 1396 270 1469 culpa
289 1397 354 1465 luit,
369 1399 447 1469 quod
463 1397 578 1455 nullum
593 1397 697 1454 laedere
709 1397 808 1468 telles,

103 1485 194 1550 Quale
211 1490 296 1542 tuum
312 1488 451 1543 meritum
468 1504 536 1543 cum
553 1487 630 1543 hona
644 1485 731 1559 culpa
747 1487 812 1544 tuit.

70 1574 895 1649 Ouidtihi,charePater,elerus,populusquepreccmur‘t

102 1664 138 1721 Ut
154 1666 232 1737 quod
250 1671 280 1721 tu
301 1666 397 1732 nohis,
413 1665 469 1721 hoc
483 1667 536 1721 tibi
552 1665 589 1721 sit
603 1666 754 1722 Dominus.

740 279 920 344 cathNA
940 279 1075 342 viati.

895 416 921 481 Α
974 415 1032 471 Nec
1049 418 1185 487 multum,
1201 419 1328 490 sapiens,
1346 434 1398 474 nec
1414 418 1502 474 nimis
1518 419 1671 491 insipiens,

940 503 998 559 Nec
1014 505 1137 562 multum
1154 514 1252 577 notus,
1269 524 1322 564 nec
1337 508 1373 563 ab
1390 509 1470 563 omni
1485 507 1569 564 ittudc
1585 515 1725 574 remotus.

977 592 1034 649 Nec
1050 599 1168 651 sanctus
1184 596 1320 663 nimium,
1340 613 1392 652 nec
1407 597 1483 652 citus
1499 596 1529 652 iu
1544 597 1660 665 vitium,

941 686 1012 739 Cum
1029 701 1081 756 per
1095 686 1259 758 singultum
1276 691 1408 759 quateret
1423 687 1477 742 sibi
1495 688 1588 759 passio
1602 688 1725 757 vultum,

978 772 1100 841 Decidit,
1117 780 1146 830 et
1161 780 1295 830 nostrum
1312 774 1451 830 diminuit
1465 792 1631 831 numerum.

943 860 1055 918 Nutriit
1067 863 1240 936 andegavis,
1257 880 1344 936 quem
1362 863 1487 936 perdidit
1502 863 1687 921 Aurelianis:

980 952 1032 1007 lllu
1047 952 1103 1007 sibi
1120 958 1224 1020 muter,
1241 954 1297 1010 istu
1311 971 1433 1009 noverca
1449 954 1514 1010 suit.

945 1042 1005 1094 lieu
1021 1039 1028 1093 l
1046 1040 1169 1096 Rebar-te
1185 1058 1267 1114 puer,
1284 1043 1359 1098 totis
1374 1047 1492 1114 excepte
1506 1047 1623 1099 tuorum

981 1128 1072 1192 Quem
1090 1129 1173 1197 male,
1185 1129 1273 1185 chare
1288 1147 1388 1202 nepos,
1405 1137 1449 1186 est
1465 1135 1516 1187 tua
1531 1132 1605 1187 victa
1620 1131 1704 1189 sitisl

947 1219 1110 1275 Doctrinam
1127 1218 1240 1290 sitiens,
1258 1219 1397 1292 Ligerim,
1412 1220 1587 1290 miserande,
1608 1220 1719 1278 bibisti.

983 1307 1064 1363 Patet
1079 1312 1106 1363 te
1121 1307 1255 1363 Christus
1271 1308 1349 1362 iente
1364 1308 1500 1380 perennis
1516 1325 1608 1381 aquae.

948 1416 1043 1474 xilv.
1061 1415 1239 1488 Epitaphium
1255 1415 1378 1471 Ausetani
1392 1414 1583 1472 laudunensis
1594 1416 1731 1488 carpturi.
1743 1422 1770 1474 ct

984 1490 1084 1544 atroam
1102 1488 1289 1543 tacianensis
1300 1488 1419 1542 calcitris
1432 1503 1481 1542 suo
1493 1488 1594 1545 seccato
1608 1488 1769 1557 Ahaitcrdt',

984 1559 1159 1630 aliorumque
1173 1559 1251 1613 itlius
1279 1560 1331 1612 aeci
1356 1559 1552 1623 litteratorum,
1575 1560 1607 1614 ia
1631 1560 1771 1629 theotopia

983 1633 1161 1702 praeceptoris
1183 1630 1293 1698 ecimii,
1316 1645 1363 1701 pm
1379 1630 1447 1685 obiit
1476 1648 1522 1687 aa.
1550 1632 1628 1687 llll.
1646 1632 1772 1702 Sepultus

984 1701 1113 1758 trauainai
1127 1701 1227 1758 irtscde
1245 1702 1434 1756 l'iaceatiaau.
1453 1702 1488 1757 De
1509 1718 1560 1773 quo
1580 1702 1671 1758 Gallia
1687 1703 1770 1760 Chri·

91 1754 148 1810 xx.
164 1754 349 1826 Epitaphium
365 1755 499 1826 Gacsridi
522 1755 644 1828 episcopi
658 1755 865 1826 Aadcpcocusit.
909 1771 932 1836 B
983 1777 1075 1831 ,pm
1090 1774 1126 1828 ap
1140 1773 1255 1829 pemmo,
1266 1771 1471 1829 laudunenses,

70 1843 123 1899 liic
134 1843 214 1914 jacet
229 1844 390 1916 Andagata
404 1845 562 1900 Gauiridus
572 1845 727 1916 episcopus
744 1844 836 1913 urhis,

104 1932 131 1986 Si
148 1949 216 1988 carc
232 1933 378 2005 pontilicis
390 1939 507 1990 mortua
524 1950 629 1990 nomen
646 1933 743 1989 hahet.

67 2022 105 2077 st
120 2021 146 2078 ai
162 2019 277 2093 spiritui
293 2022 387 2094 magis
403 2022 456 2078 hoe
468 2026 567 2094 aptare
582 2021 717 2090 velimus,

105 2109 168 2167 Non
180 2112 262 2183 jacet
279 2113 324 2167 hic
338 2113 459 2184 praesul,
476 2114 526 2168 sed
543 2129 633 2185 super
648 2117 727 2168 astra
741 2114 832 2169 sedet.

72 2200 153 2266 Quod
169 2200 194 2256 si
209 2201 357 2272 corporeis
373 2204 485 2257 tantum
501 2202 576 2257 situs
592 2210 633 2256 est
650 2200 837 2270 tribuendus,

105 2294 164 2346 Nec
179 2294 247 2357 stat,
264 2307 316 2347 nec
332 2291 461 2356 recubat,
476 2307 529 2347 nec
544 2305 635 2361 super
649 2294 729 2346 ostra
744 2290 836 2346 sedet.

72 2378 171 2434 Gloria
185 2379 312 2436 carnalis
328 2379 497 2451 pernicibus
517 2387 616 2436 evocat
628 2379 663 2450 [s.
677 2378 783 2450 evolat]
796 2379 863 2436 alis.

107 2472 176 2534 Qum
191 2463 335 2526 mundum
347 2476 428 2542 paret
443 2469 547 2541 gloria,
564 2470 622 2524 line
637 2477 725 2525 carol.

205 2560 282 2616 XXt.
299 2560 476 2631 Epitaphium
491 2560 622 2630 Gousridi
634 2563 763 2617 cantoris.

71 2651 179 2707 Cantor
193 2649 364 2715 Gaulridus,
383 2655 535 2706 cantorum
550 2649 648 2706 nobile
659 2651 753 2720 sidus,

107 2739 192 2795 Dives
208 2738 297 2811 agris,
315 2737 463 2805 domibus,
480 2737 616 2803 servitiis,
628 2737 744 2810 opibus,

75 2828 216 2896 Prudens,
234 2828 374 2895 famosus,
391 2828 511 2897 probus,
527 2826 663 2899 impiger,
680 2827 860 2898 ingeniosus,

113 2913 231 2971 Transit
246 2915 278 2985 [s.
293 2915 433 2986 Transiit]
452 2921 485 2971 ut
503 2917 614 2984 tumus,
632 2915 686 2972 hac
710 2916 739 2971 in
760 2916 850 2974 humo
867 2917 899 2974 fit

726 3005 860 3080 [humus.

159 3108 257 3164 teca
276 3107 356 3164 lilill.
373 3109 557 3179 Epitaphium
579 3108 690 3165 ltoherti
703 3110 813 3167 dcccci.

72 3215 165 3287 [Actio
182 3230 350 3281 causarum,
367 3212 460 3269 civilis
477 3214 565 3269 dictio
577 3212 664 3284 juris,

108 3307 140 3360 ln
156 3303 265 3376 quihus
280 3301 399 3373 ingenio
414 3301 524 3358 uixerat
535 3307 563 3358 et
579 3301 700 3374 studim]

72 3392 197 3448 Roherto
208 3408 306 3446 curum
324 3390 463 3446 dederant
479 3407 642 3461 nomenque
659 3392 773 3461 decani,

107 3480 143 3536 Ut
157 3482 280 3536 fratrum
297 3479 418 3553 clypeus
434 3478 533 3551 lingua
549 3479 658 3537 diserta
674 3481 756 3535 toret.

70 3571 127 3626 Sed
144 3586 197 3626 nec
210 3586 281 3641 opes
296 3570 363 3636 sibi,
380 3585 433 3624 nac
447 3585 577 3640 persone
594 3570 694 3625 deerat
709 3567 859 3640 honestus,

107 3659 213 3714 Usibus
229 3665 262 3714 ut
275 3657 384 3713 nostris
401 3662 443 3712 tot
457 3658 533 3712 dona
549 3657 733 3728 proficerent.

71 3748 215 3802 Omnibus
227 3746 273 3801 his
290 3746 397 3801 meruit
413 3762 513 3816 psoenas
530 3744 573 3800 vel
591 3747 729 3817 praemia:
746 3762 846 3819 poeuas

106 3836 362 3910 Auserattlpineae
375 3836 408 3908 is.
421 3836 642 3909 Omnipotens];
659 3837 780 3909 praemis
795 3838 896 3895 multi-

751 3925 859 3999 [plicet.

261 4014 365 4071 xxiii.
390 4015 567 4086 Epitaphium
582 4015 705 4071 troierit.

71 4123 195 4190 Quidam
211 4122 366 4190 Itobertus,
383 4138 435 4177 nec
450 4121 531 4178 dirce
547 4121 645 4189 homo,
664 4137 717 4179 nec
734 4136 853 4193 egonus,

109 4232 163 4299 (27)
179 4231 232 4284 Hic
250 4233 344 4284 ssrunc
357 4228 512 4298 episcopus
523 4227 752 4300 audegavensis,
777 4229 840 4300 ipse
852 4236 898 4287 est

73 4303 124 4373 qui
146 4302 173 4356 in
191 4298 270 4381 Gall..
282 4299 388 4356 Christ.
404 4299 696 4382 sammarthanorum
713 4301 836 4356 tratrum
850 4301 894 4386 di·

75 4371 896 4516 {limittititit.iiiiiit¹‚¹¹.ta.itt⁰.2t⁰.t

77 4517 255 4584 minicius
266 4521 362 4570 autern
376 4513 567 4599 epitaphium,
580 4532 596 4570 u
607 4514 743 4596 Macharta
755 4516 902 4587 composi-

76 4595 149 4655 tum,
159 4589 289 4642 referunt
305 4603 360 4641 noa
371 4589 542 4641 distractum
560 4587 596 4639 ab
609 4586 757 4656 epitaphio
769 4587 902 4644 (leufridi

77 4659 276 4715 l'Puronensis
289 4657 459 4725 ntrrrcupati.
473 4659 519 4711 cui
531 4658 700 4712 immediate
711 4659 901 4729 preponitur.

79 4731 160 4797 Quod
176 4746 241 4784 curn
259 4729 375 4784 duobus
390 4728 523 4783 versibus
538 4727 566 4780 in
583 4726 675 4782 Gallia
690 4729 796 4785 Christ.
812 4745 900 4801 quam

78 4803 125 4858 bic
139 4800 280 4872 prolixius
296 4800 343 4864 sit,
356 4799 421 4853 ideo
433 4797 504 4852 illud
514 4797 615 4852 rodam
628 4797 713 4854 modo
726 4805 754 4855 et
764 4806 901 4856 contextu

77 4892 134 4945 quo
151 4872 274 4927 hahetur
290 4871 341 4940 ihi,
363 4870 399 4924 ad
415 4868 586 4924 (hlutridum
603 4870 614 4924 l
641 4869 689 4925 hic
704 4871 901 4927 exhibendum

77 4944 226 5009 duximus,
243 4959 308 4998 cum
326 4940 473 5023 epitaphio
489 4939 576 4994 ctiam
607 4939 739 4997 Gauiridi
761 4943 900 5000 cantorie.

76 5017 126 5143 Sip?
146 5026 243 5070 auem
274 5019 412 5070 continue
432 5013 602 5083 jungantur
636 5013 692 5068 tria
724 5012 785 5068 haec
808 5016 900 5087 epita·

78 5105 96 5160 p
122 5103 165 5142 m:

77 5232 168 5286 ltrttuc
185 5226 407 5295 mrteajaraaaa
421 5242 516 5293 senec,
531 5224 678 5281 scitissime
692 5224 809 5297 praesul,

110 5301 194 5365 Caius
208 5315 255 5354 cor
269 5302 366 5368 pictas,
383 5299 480 5367 liapua
497 5296 553 5351 raet
566 5306 591 5351 et
606 5298 649 5351 lac
663 5303 742 5363 erat3

71 5375 105 5429 Si
120 5371 173 5426 titi
183 5372 264 5439 culpo
273 5370 337 5438 suit,
354 5369 424 5438 quoti
439 5367 556 5423 stultum
572 5369 671 5423 lactere
685 5368 776 5433 ualles,

111 5443 196 5510 Ouala
214 5447 291 5496 tuam
307 5439 435 5494 meritam
449 5457 511 5495 eum
528 5440 599 5494 hoca
613 5440 697 5508 culpa
710 5440 777 5509 tuit.

78 5513 149 5584 Quid
165 5513 224 5571 titi.
240 5513 324 5567 citare
334 5511 429 5576 Pater,
445 5514 535 5566 claras
550 5509 697 5590 populique
715 5508 882 5581 precemur?

114 5587 146 5642 llt
161 5585 231 5657 quoti
244 5591 275 5640 tu
288 5582 378 5653 ciclis,
396 5582 446 5638 hcc
460 5582 511 5638 tihi
523 5582 559 5638 tit
576 5582 718 5636 corninus.

1054 1883 1087 1954 (E
1103 1898 1159 1937 ms.
1172 1885 1200 1936 S.
1217 1881 1330 1938 Gatian.
1347 1895 1355 1947 ς,
1366 1885 1433 1936 Tur.
1450 1886 1512 1937 Non
1529 1879 1662 1953 editum.)

948 1969 1087 2041 Princeps
1103 1970 1268 2036 doctorum,
1284 1969 1338 2024 ilos
1354 1968 1435 2038 cleri,
1450 1967 1543 2040 gloria
1560 1974 1673 2039 vatam,

947 2059 1076 2115 'l'ransiit
1090 2058 1247 2115 dussimus
1264 2075 1314 2130 per
1324 2057 1490 2113 inevitabile
1505 2057 1609 2114 iatum.

949 2145 1044 2215 liuius
1059 2145 1221 2202 honestatis
1235 2146 1324 2201 decus
1335 2161 1369 2201 cx
1385 2144 1552 2201 castissima
1564 2144 1622 2199 ritu

949 2234 1091 2291 Iudicium
1108 2235 1202 2290 luerat
1216 2239 1345 2307 quantus
1364 2234 1457 2289 tuerat
1474 2231 1616 2290 lsrucliiu.

949 2329 1016 2395 hex,
1028 2322 1226 2395 Evangelium,
1243 2323 1386 2396 psalmus,
1402 2340 1453 2379 scu
1466 2323 1543 2378 nube
1557 2320 1669 2388 voluta,

949 2411 1085 2469 husclmo
1101 2413 1257 2479 mediante,
1275 2417 1347 2468 Deus
1361 2411 1441 2468 dedit
1456 2428 1520 2467 esso
1537 2410 1642 2467 soluta.

950 2503 1065 2575 anglia,
1083 2502 1258 2558 Francorum
1276 2519 1411 2574 regnum,
1427 2501 1661 2569 Percontatum,

949 2592 1027 2649 Gens
1042 2592 1168 2665 Liguria,
1186 2592 1268 2665 plebs
1279 2591 1401 2665 Apulia,
1415 2590 1517 2647 tucca
1531 2596 1654 2658 remota,

950 2680 1086 2736 Pluribus
1101 2697 1233 2737 errorum
1248 2680 1376 2736 tenebris
1391 2680 1473 2752 prius
1489 2679 1647 2750 illaqueata

949 2776 1109 2827 Senserunt
1121 2769 1298 2825 documenta
1312 2769 1376 2835 viri,
1393 2769 1569 2824 documenta
1585 2767 1680 2823 beuta.

949 2867 1010 2917 Hoc
1025 2861 1108 2930 duce,
1125 2859 1263 2915 floruerat
1278 2858 1377 2914 studio
1393 2857 1538 2930 sapientia
1552 2861 1646 2928 grata,

951 2954 1018 3017 Quas
1035 2951 1122 3005 modo
1138 2949 1298 3016 marcessit,
1314 2948 1430 3003 ductore
1445 2962 1499 3002 suo
1515 2946 1646 3011 uiduata,

951 3038 1028 3094 Artis
1044 3038 1241 3109 grammatice
1254 3036 1373 3106 penitus
1389 3036 1501 3107 periers
1516 3033 1642 3090 labores.

914 3137 935 3204 (ζ
951 3129 1053 3185 Cessat
1064 3125 1237 3198 {Aristotelis
1253 3124 1377 3197 species,
1393 3124 1542 3195 studiique
1555 3123 1682 3196 rigorem

952 3216 1125 3275 Rhetoricae
1140 3215 1218 3271 color
1232 3217 1368 3282 emarcet,
1384 3228 1538 3283 causaque
1552 3213 1681 3282 Catonis,

951 3307 1085 3364 Desolata
1096 3306 1173 3376 jacet
1187 3319 1284 3359 rarum
1301 3308 1406 3359 natura
1421 3301 1560 3357 Platonis.

951 3397 1071 3452 Vileecit
1086 3409 1236 3460 numerus,
1253 3392 1319 3448 silet
1333 3392 1517 3448 arithmetice
1531 3406 1612 3446 cura.

951 3486 1072 3543 Sublato
1087 3492 1207 3551 rectore,
1222 3483 1323 3554 jacent
1337 3480 1512 3553 geometrica
1523 3483 1603 3550 jura.

951 3576 1058 3648 Plange
1070 3580 1154 3630 tuum
1172 3577 1266 3628 vatem
1280 3571 1389 3626 viduati
1401 3569 1592 3640 conclamari,

952 3667 1012 3721 Non
1028 3664 1133 3735 estqui
1149 3663 1236 3737 digne
1252 3660 1346 3717 valeat
1361 3665 1412 3716 tua
1423 3661 1492 3730 jura
1508 3659 1593 3715 tueri.

953 3754 1026 3812 Urbs
1042 3753 1193 3821 Laudans,
1211 3753 1285 3820 dole,
1302 3751 1408 3809 cecidit
1422 3754 1492 3805 tuus
1508 3749 1557 3805 ille
1571 3753 1665 3821 poeta.

952 3843 1120 3900 Occuhuere
1136 3840 1224 3897 simui
1241 3847 1291 3897 tus
1307 3839 1372 3896 laus
1388 3844 1417 3895 et
1432 3843 1562 3910 tempore
1577 3838 1653 3894 lata.

956 3942 1055 3999 teas
1071 3941 1154 3997 XXV.
1173 3939 1249 3997 Circo
1272 3939 1447 4064 moieslhrlem
1468 3938 1522 4009 130)
1537 3952 1600 4008 quae
1613 3936 1774 4010 pru’crrtiact

1292 4027 1358 4082 tepu
1372 4026 1428 4066 cro.

955 4119 1086 4187 Francia,
1102 4138 1163 4193 quc
1178 4125 1270 4176 totum
1287 4121 1417 4191 superat,
1432 4115 1600 4185 mejudice,
1617 4115 1773 4182 mundum,

954 4231 1002 4285 llic
1012 4230 1089 4300 jacet
1105 4228 1257 4296 Aatdepaaae
1266 4225 1417 4297 destrictus
1429 4224 1569 4294 episcopus
1584 4221 1671 4290 urhis,

989 4301 1018 4356 Si
1034 4317 1095 4357 caro
1109 4299 1373 4370 proatifict'smortaa
1387 4314 1489 4352 nomen
1505 4295 1595 4351 hahet.

953 4373 987 4427 At
1001 4376 1025 4426 si
1035 4372 1151 4440 spiritui
1165 4371 1252 4439 macic
1263 4370 1311 4423 hoc
1325 4376 1421 4439 aptare
1434 4368 1559 4433 telimas,

991 4444 1047 4498 Noa
1059 4444 1134 4513 jacet
1148 4443 1192 4495 ltic
1206 4441 1320 4511 praesui,
1332 4450 1381 4494 sea
1391 4455 1473 4509 super
1487 4448 1564 4493 astro
1576 4439 1649 4492 scite.

919 4500 941 4565 D
957 4514 1069 4582 Quodsi
1083 4515 1216 4584 corporcis
1231 4517 1339 4566 tautam
1352 4513 1422 4568 situs
1436 4514 1474 4564 etl
1489 4511 1662 4571 trittacadus,

993 4590 1046 4642 dec
1061 4593 1125 4652 atat,
1138 4601 1186 4639 acc
1198 4585 1318 4649 recutiat,
1336 4601 1385 4639 aec
1399 4597 1482 4651 super
1495 4586 1571 4634 astra
1585 4584 1671 4635 secet.

958 4656 1049 4712 Gloria
1063 4654 1189 4710 curuatis
1202 4656 1359 4726 pernicitas
1372 4655 1460 4709 auolat
1474 4652 1536 4708 atis.

993 4728 1059 4796 Ques
1074 4726 1203 4782 inaurium
1216 4733 1294 4797 paret
1316 4727 1418 4793 picria,
1432 4723 1519 4794 tinem
1539 4722 1630 4777 hahet.

956 4798 1229 4870 Cantordaasridus,
1245 4800 1387 4854 cairtcrum
1403 4796 1493 4850 achila
1505 4795 1590 4862 sidus,

991 4871 1069 4926 ilices
1083 4871 1167 4940 apris,
1183 4869 1317 4932 doraihuc,
1328 4866 1459 4929 servitiis,
1474 4865 1579 4935 apthas,

956 4942 1090 5006 Prudens,
1106 4948 1237 5007 (ternotus,
1253 4943 1365 5011 pachus,
1380 4939 1509 5007 impipcr‚
1525 4935 1695 5008 inponimus,

992 5012 1102 5066 Tremit
1117 5018 1148 5066 ut
1162 5012 1371 5082 summitatis
1387 5010 1469 5062 humo
1483 5008 1514 5077 fit
1528 5007 1636 5062 liumus.

955 5083 1043 5154 licito
1057 5098 1214 5148 causticam,
1230 5082 1416 5136 ciuiliaidictio
1428 5083 1513 5149 juris,

991 5159 1023 5210 ta
1040 5156 1138 5225 catilius
1154 5154 1265 5222 inperito
1281 5155 1310 5218 [i.
1325 5151 1479 5222 inpertiam]
1494 5151 1594 5220 ficerat
1609 5149 1774 5206 cistertium.

991 5224 1024 5279 lli
1054 5236 1150 5280 autem
1177 5228 1234 5279 duo
1259 5224 1355 5280 uitiati
1384 5229 1573 5280 versussunt
1601 5221 1658 5276 duo
1686 5219 1773 5302 primi

954 5296 1094 5367 epitaphii
1109 5296 1222 5352 lloherti
1240 5295 1351 5364 decani,
1368 5293 1535 5353 immediate
1561 5297 1709 5364 sequanus
1724 5289 1773 5345 uba
1881 5324 1884 5331 -

954 5368 1325 5440 tamenlegituroicerat...
1353 5368 1455 5422 studio.
1684 5429 1690 5442 ⁸

988 5439 1044 5508 (3οι
1061 5440 1253 5508 hlajestatem,
1281 5441 1310 5494 at
1324 5442 1363 5496 eat
1377 5443 1513 5496 ornatum
1531 5434 1574 5490 vel
1592 5430 1775 5500 corumdem,

953 5525 1016 5580 quae
1028 5513 1195 5582 [cruentiuet
1212 5510 1358 5584 scpulcra.

1685 274 1762 346 1722
1839 334 1844 341 .
1889 282 1893 293 ·
