<?xml version="1.0" encoding="UTF-8"?>
<!DOCTYPE html PUBLIC "-//W3C//DTD XHTML 1.0 Transitional//EN"
    "http://www.w3.org/TR/xhtml1/DTD/xhtml1-transitional.dtd">
<html xmlns="http://www.w3.org/1999/xhtml" xml:lang="en" lang="en">
 <head>
  <title>
</title>
<meta http-equiv="Content-Type" content="text/html;charset=utf-8" />
  <meta name='ocr-system' content='tesseract 3.04.00' />
  <meta name='ocr-capabilities' content='ocr_page ocr_carea ocr_par ocr_line ocrx_word'/>
</head>
<body>
  <div class='ocr_page' id='page_1' title='image "./patrologiaecurs35unkngoog_0631.png"; bbox 0 0 3802 6030; ppageno 0'>
   <div class='ocr_carea' id='block_1_1' title="bbox 20 230 220 333">
    <p class='ocr_par' dir='ltr' id='par_1_1' title="bbox 20 230 220 333">
     <span class='ocr_line' id='line_1_1' title="bbox 20 230 220 333; baseline 0.005 -13"><span class='ocrx_word' id='word_1_1' title='bbox 20 230 39 333; x_wconf 67' lang='lat' dir='ltr'>J</span> <span class='ocrx_word' id='word_1_2' title='bbox 135 259 220 321; x_wconf 76' lang='lat' dir='ltr'><strong>rear</strong></span> 
     </span>
    </p>
   </div>
   <div class='ocr_carea' id='block_1_2' title="bbox 34 385 900 639">
    <p class='ocr_par' dir='ltr' id='par_1_2' title="bbox 34 385 900 639">
     <span class='ocr_line' id='line_1_2' title="bbox 41 385 773 466; baseline -0.011 -16"><span class='ocrx_word' id='word_1_3' title='bbox 41 461 44 466; x_wconf 28' lang='grc' dir='ltr'>Ι</span> <span class='ocrx_word' id='word_1_4' title='bbox 178 393 253 450; x_wconf 83' lang='lat' dir='ltr'><strong>Sunt</strong></span> <span class='ocrx_word' id='word_1_5' title='bbox 268 392 318 459; x_wconf 91' lang='lat' dir='ltr'><strong>ibi,</strong></span> <span class='ocrx_word' id='word_1_6' title='bbox 335 406 392 462; x_wconf 91' lang='lat' dir='ltr'><strong>quo</strong></span> <span class='ocrx_word' id='word_1_7' title='bbox 405 388 499 446; x_wconf 88' lang='lat' dir='ltr'><strong>Nabot</strong></span> <span class='ocrx_word' id='word_1_8' title='bbox 515 386 618 443; x_wconf 89' lang='lat' dir='ltr'><strong>debeat</strong></span> <span class='ocrx_word' id='word_1_9' title='bbox 631 385 773 442; x_wconf 77' lang='lat' dir='ltr'><strong>interimi.</strong></span> 
     </span>
     <span class='ocr_line' id='line_1_3' title="bbox 143 475 900 550; baseline -0.008 -13"><span class='ocrx_word' id='word_1_10' title='bbox 143 482 254 538; x_wconf 84' lang='lat' dir='ltr'><strong>Dicitur</strong></span> <span class='ocrx_word' id='word_1_11' title='bbox 268 498 284 537; x_wconf 88' lang='lat' dir='ltr'><strong>a</strong></span> <span class='ocrx_word' id='word_1_12' title='bbox 299 480 399 534; x_wconf 84' lang='lat' dir='ltr'><strong>Nabod</strong></span> <span class='ocrx_word' id='word_1_13' title='bbox 417 494 424 533; x_wconf 75' lang='grc' dir='ltr'><strong><em>ε</em></strong></span> <span class='ocrx_word' id='word_1_14' title='bbox 441 484 500 535; x_wconf 76' lang='lat' dir='ltr'><strong>trra</strong></span> <span class='ocrx_word' id='word_1_15' title='bbox 515 486 602 550; x_wconf 87' lang='lat' dir='ltr'><strong>alque</strong></span> <span class='ocrx_word' id='word_1_16' title='bbox 619 483 694 533; x_wconf 82' lang='lat' dir='ltr'><strong>beas</strong></span> <span class='ocrx_word' id='word_1_17' title='bbox 710 475 900 545; x_wconf 80' lang='lat' dir='ltr'><strong>benedictus3</strong></span> 
     </span>
     <span class='ocr_line' id='line_1_4' title="bbox 34 565 853 639; baseline -0.011 -10"><span class='ocrx_word' id='word_1_18' title='bbox 34 572 44 585; x_wconf 72' lang='grc'><strong>“</strong></span> <span class='ocrx_word' id='word_1_19' title='bbox 180 571 250 627; x_wconf 89' lang='lat' dir='ltr'><strong>lude</strong></span> <span class='ocrx_word' id='word_1_20' title='bbox 265 569 364 624; x_wconf 83' lang='lat' dir='ltr'><strong>videns</strong></span> <span class='ocrx_word' id='word_1_21' title='bbox 380 575 478 629; x_wconf 84' lang='lat' dir='ltr'><strong>testes.</strong></span> <span class='ocrx_word' id='word_1_22' title='bbox 495 567 574 623; x_wconf 87' lang='lat' dir='ltr'><strong>hunc</strong></span> <span class='ocrx_word' id='word_1_23' title='bbox 591 568 702 639; x_wconf 78' lang='lat' dir='ltr'><strong>lapidat</strong></span> <span class='ocrx_word' id='word_1_24' title='bbox 718 565 853 639; x_wconf 83' lang='lat' dir='ltr'><strong>populus.</strong></span> 
     </span>
    </p>
   </div>
   <div class='ocr_carea' id='block_1_3' title="bbox 54 657 864 731">
    <p class='ocr_par' dir='ltr' id='par_1_3' title="bbox 54 657 864 731">
     <span class='ocr_line' id='line_1_5' title="bbox 54 657 864 731; baseline -0.011 -11"><span class='ocrx_word' id='word_1_25' title='bbox 54 680 57 685; x_wconf 51' lang='lat'><strong><em>¹</em></strong></span> <span class='ocrx_word' id='word_1_26' title='bbox 144 661 204 718; x_wconf 85' lang='lat' dir='ltr'><strong>Hoc</strong></span> <span class='ocrx_word' id='word_1_27' title='bbox 219 659 318 716; x_wconf 79' lang='lat' dir='ltr'><strong>Achab</strong></span> <span class='ocrx_word' id='word_1_28' title='bbox 335 664 367 713; x_wconf 94' lang='lat' dir='ltr'><strong>ut</strong></span> <span class='ocrx_word' id='word_1_29' title='bbox 383 658 461 714; x_wconf 90' lang='lat' dir='ltr'><strong>novit</strong></span> <span class='ocrx_word' id='word_1_30' title='bbox 477 659 606 731; x_wconf 81' lang='lat' dir='ltr'><strong>gavisus,</strong></span> <span class='ocrx_word' id='word_1_31' title='bbox 622 657 732 714; x_wconf 87' lang='lat' dir='ltr'><strong>chrael</strong></span> <span class='ocrx_word' id='word_1_32' title='bbox 750 658 841 712; x_wconf 81' lang='lat' dir='ltr'><strong>intrat</strong></span> <span class='ocrx_word' id='word_1_33' title='bbox 856 672 864 724; x_wconf 91' lang='lat'>;</span> 
     </span>
    </p>
   </div>
   <div class='ocr_carea' id='block_1_4' title="bbox 141 747 788 987">
    <p class='ocr_par' dir='ltr' id='par_1_4' title="bbox 141 747 788 987">
     <span class='ocr_line' id='line_1_6' title="bbox 177 747 735 819; baseline -0.007 -13"><span class='ocrx_word' id='word_1_34' title='bbox 177 749 286 806; x_wconf 86' lang='lat' dir='ltr'><strong>Obvius</strong></span> <span class='ocrx_word' id='word_1_35' title='bbox 301 747 377 804; x_wconf 78' lang='lat' dir='ltr'><strong>Elias</strong></span> <span class='ocrx_word' id='word_1_36' title='bbox 390 749 432 803; x_wconf 86' lang='lat' dir='ltr'><strong>sic</strong></span> <span class='ocrx_word' id='word_1_37' title='bbox 448 748 483 802; x_wconf 92' lang='lat' dir='ltr'><strong>ad</strong></span> <span class='ocrx_word' id='word_1_38' title='bbox 499 763 565 802; x_wconf 88' lang='lat' dir='ltr'><strong>cum</strong></span> <span class='ocrx_word' id='word_1_39' title='bbox 583 747 711 819; x_wconf 77' lang='lat' dir='ltr'><strong>loquitur</strong></span> <span class='ocrx_word' id='word_1_40' title='bbox 728 763 735 802; x_wconf 90' lang='lat'>:</span> 
     </span>
     <span class='ocr_line' id='line_1_7' title="bbox 141 834 788 909; baseline -0.011 -13"><span class='ocrx_word' id='word_1_41' title='bbox 141 839 273 897; x_wconf 86' lang='lat' dir='ltr'><strong>Perditor</strong></span> <span class='ocrx_word' id='word_1_42' title='bbox 287 838 367 894; x_wconf 88' lang='lat' dir='ltr'><strong>illios</strong></span> <span class='ocrx_word' id='word_1_43' title='bbox 379 855 411 893; x_wconf 93' lang='lat' dir='ltr'><strong>es</strong></span> <span class='ocrx_word' id='word_1_44' title='bbox 426 837 513 907; x_wconf 85' lang='lat' dir='ltr'><strong>cujus</strong></span> <span class='ocrx_word' id='word_1_45' title='bbox 529 838 604 892; x_wconf 91' lang='lat' dir='ltr'><strong>bona</strong></span> <span class='ocrx_word' id='word_1_46' title='bbox 618 834 788 909; x_wconf 76' lang='lat' dir='ltr'><strong>diripuisti,</strong></span> 
     </span>
     <span class='ocr_line' id='line_1_8' title="bbox 176 925 718 987; baseline -0.011 -2"><span class='ocrx_word' id='word_1_47' title='bbox 176 934 223 987; x_wconf 89' lang='lat' dir='ltr'><strong>tra</strong></span> <span class='ocrx_word' id='word_1_48' title='bbox 239 929 286 984; x_wconf 84' lang='lat' dir='ltr'><strong>ttei</strong></span> <span class='ocrx_word' id='word_1_49' title='bbox 302 925 408 983; x_wconf 81' lang='lat' dir='ltr'><strong>vindex</strong></span> <span class='ocrx_word' id='word_1_50' title='bbox 423 933 450 983; x_wconf 89' lang='lat' dir='ltr'><strong>ta</strong></span> <span class='ocrx_word' id='word_1_51' title='bbox 465 927 547 981; x_wconf 86' lang='lat' dir='ltr'><strong>dabit</strong></span> <span class='ocrx_word' id='word_1_52' title='bbox 563 926 631 981; x_wconf 89' lang='lat' dir='ltr'><strong>inde</strong></span> <span class='ocrx_word' id='word_1_53' title='bbox 646 925 718 981; x_wconf 90' lang='lat' dir='ltr'><strong>neci.</strong></span> 
     </span>
    </p>
   </div>
   <div class='ocr_carea' id='block_1_5' title="bbox 20 1012 892 1090">
    <p class='ocr_par' dir='ltr' id='par_1_5' title="bbox 20 1012 892 1090">
     <span class='ocr_line' id='line_1_9' title="bbox 20 1012 892 1090; baseline -0.01 -13"><span class='ocrx_word' id='word_1_54' title='bbox 20 1054 23 1071; x_wconf 83' lang='lat'>·</span> <span class='ocrx_word' id='word_1_55' title='bbox 144 1020 237 1076; x_wconf 81' lang='lat' dir='ltr'><strong>Fusus</strong></span> <span class='ocrx_word' id='word_1_56' title='bbox 251 1018 308 1074; x_wconf 89' lang='lat' dir='ltr'><strong>erit</strong></span> <span class='ocrx_word' id='word_1_57' title='bbox 321 1033 442 1090; x_wconf 78' lang='lat' dir='ltr'><strong>sanguis</strong></span> <span class='ocrx_word' id='word_1_58' title='bbox 457 1020 538 1084; x_wconf 88' lang='lat' dir='ltr'><strong>tuus,</strong></span> <span class='ocrx_word' id='word_1_59' title='bbox 553 1032 588 1071; x_wconf 87' lang='lat' dir='ltr'><strong>ac</strong></span> <span class='ocrx_word' id='word_1_60' title='bbox 603 1014 695 1087; x_wconf 80' lang='lat' dir='ltr'><strong>linget</strong></span> <span class='ocrx_word' id='word_1_61' title='bbox 709 1013 792 1070; x_wconf 89' lang='lat' dir='ltr'><strong>canis</strong></span> <span class='ocrx_word' id='word_1_62' title='bbox 808 1012 892 1069; x_wconf 92' lang='lat' dir='ltr'><strong>illum</strong></span> 
     </span>
    </p>
   </div>
   <div class='ocr_carea' id='block_1_6' title="bbox 141 1103 967 1359">
    <p class='ocr_par' dir='ltr' id='par_1_6' title="bbox 141 1103 967 1359">
     <span class='ocr_line' id='line_1_10' title="bbox 176 1103 890 1172; baseline -0.007 -6"><span class='ocrx_word' id='word_1_63' title='bbox 176 1103 275 1166; x_wconf 87' lang='lat' dir='ltr'><strong>Nabod</strong></span> <span class='ocrx_word' id='word_1_64' title='bbox 294 1108 343 1164; x_wconf 92' lang='lat' dir='ltr'><strong>ubi</strong></span> <span class='ocrx_word' id='word_1_65' title='bbox 359 1124 447 1163; x_wconf 88' lang='lat' dir='ltr'><strong>cruor</strong></span> <span class='ocrx_word' id='word_1_66' title='bbox 460 1114 506 1162; x_wconf 88' lang='lat' dir='ltr'><strong>ost</strong></span> <span class='ocrx_word' id='word_1_67' title='bbox 518 1106 629 1163; x_wconf 88' lang='lat' dir='ltr'><strong>linctus</strong></span> <span class='ocrx_word' id='word_1_68' title='bbox 642 1106 679 1161; x_wconf 90' lang='lat' dir='ltr'><strong>ab</strong></span> <span class='ocrx_word' id='word_1_69' title='bbox 695 1119 863 1161; x_wconf 83' lang='lat' dir='ltr'><strong>draconum</strong></span> <span class='ocrx_word' id='word_1_70' title='bbox 882 1120 890 1172; x_wconf 88' lang='lat'>;</span> 
     </span>
     <span class='ocr_line' id='line_1_11' title="bbox 141 1191 967 1272; baseline -0.007 -16"><span class='ocrx_word' id='word_1_71' title='bbox 141 1203 235 1272; x_wconf 82' lang='lat' dir='ltr'><strong>Atque</strong></span> <span class='ocrx_word' id='word_1_72' title='bbox 250 1214 338 1255; x_wconf 87' lang='lat' dir='ltr'><strong>canes</strong></span> <span class='ocrx_word' id='word_1_73' title='bbox 353 1197 509 1253; x_wconf 82' lang='lat' dir='ltr'><strong>comedent</strong></span> <span class='ocrx_word' id='word_1_74' title='bbox 523 1194 637 1251; x_wconf 85' lang='lat' dir='ltr'><strong>lezabel</strong></span> <span class='ocrx_word' id='word_1_75' title='bbox 654 1211 662 1250; x_wconf 78' lang='lat' dir='ltr'>z</span> <span class='ocrx_word' id='word_1_76' title='bbox 685 1201 845 1268; x_wconf 86' lang='lat' dir='ltr'><strong>utrumque</strong></span> <span class='ocrx_word' id='word_1_77' title='bbox 862 1191 967 1266; x_wconf 80' lang='lat' dir='ltr'><strong>peribit</strong></span> 
     </span>
     <span class='ocr_line' id='line_1_12' title="bbox 177 1283 816 1359; baseline -0.003 -15"><span class='ocrx_word' id='word_1_78' title='bbox 177 1289 224 1344; x_wconf 75' lang='lat' dir='ltr'><strong>Sic</strong></span> <span class='ocrx_word' id='word_1_79' title='bbox 239 1302 343 1359; x_wconf 83' lang='lat' dir='ltr'><strong>genus,</strong></span> <span class='ocrx_word' id='word_1_80' title='bbox 360 1296 390 1341; x_wconf 88' lang='lat' dir='ltr'><strong>ut</strong></span> <span class='ocrx_word' id='word_1_81' title='bbox 408 1286 505 1342; x_wconf 81' lang='lat' dir='ltr'><strong>Bassa</strong></span> <span class='ocrx_word' id='word_1_82' title='bbox 522 1287 702 1341; x_wconf 81' lang='lat' dir='ltr'><strong>totallamus</strong></span> <span class='ocrx_word' id='word_1_83' title='bbox 719 1283 816 1356; x_wconf 84' lang='lat' dir='ltr'><strong>periit.</strong></span> 
     </span>
    </p>
   </div>
   <div class='ocr_carea' id='block_1_7' title="bbox 60 1371 788 1445">
    <p class='ocr_par' dir='ltr' id='par_1_7' title="bbox 60 1371 788 1445">
     <span class='ocr_line' id='line_1_13' title="bbox 60 1371 788 1445; baseline -0.012 -8"><span class='ocrx_word' id='word_1_84' title='bbox 60 1432 63 1437; x_wconf 90' lang='lat'><em>.</em></span> <span class='ocrx_word' id='word_1_85' title='bbox 81 1371 84 1377; x_wconf 62' lang='grc'>’</span> <span class='ocrx_word' id='word_1_86' title='bbox 141 1376 277 1432; x_wconf 87' lang='lat' dir='ltr'><strong>luduitur</strong></span> <span class='ocrx_word' id='word_1_87' title='bbox 292 1390 386 1443; x_wconf 79' lang='lat' dir='ltr'><strong>saeco,</strong></span> <span class='ocrx_word' id='word_1_88' title='bbox 400 1373 524 1445; x_wconf 79' lang='lat' dir='ltr'><strong>iejunat,</strong></span> <span class='ocrx_word' id='word_1_89' title='bbox 541 1372 632 1444; x_wconf 81' lang='lat' dir='ltr'><strong>luget,</strong></span> <span class='ocrx_word' id='word_1_90' title='bbox 645 1371 788 1443; x_wconf 78' lang='lat' dir='ltr'><strong>humique</strong></span> 
     </span>
    </p>
   </div>
   <div class='ocr_carea' id='block_1_8' title="bbox 128 1461 912 1890">
    <p class='ocr_par' dir='ltr' id='par_1_8' title="bbox 128 1461 912 1802">
     <span class='ocr_line' id='line_1_14' title="bbox 128 1461 814 1535; baseline -0.003 -15"><span class='ocrx_word' id='word_1_91' title='bbox 128 1499 132 1505; x_wconf 90' lang='lat'>-</span> <span class='ocrx_word' id='word_1_92' title='bbox 177 1465 333 1533; x_wconf 87' lang='lat' dir='ltr'><strong>Sternitur,</strong></span> <span class='ocrx_word' id='word_1_93' title='bbox 349 1469 377 1520; x_wconf 89' lang='lat' dir='ltr'><strong>et</strong></span> <span class='ocrx_word' id='word_1_94' title='bbox 394 1461 467 1518; x_wconf 83' lang='lat' dir='ltr'><strong>flexo</strong></span> <span class='ocrx_word' id='word_1_95' title='bbox 484 1463 579 1535; x_wconf 83' lang='lat' dir='ltr'><strong>porgit</strong></span> <span class='ocrx_word' id='word_1_96' title='bbox 593 1462 693 1518; x_wconf 79' lang='lat' dir='ltr'><strong>Achab</strong></span> <span class='ocrx_word' id='word_1_97' title='bbox 709 1461 814 1533; x_wconf 86' lang='lat' dir='ltr'><strong>capite.</strong></span> 
     </span>
     <span class='ocr_line' id='line_1_15' title="bbox 140 1549 900 1623; baseline -0.007 -13"><span class='ocrx_word' id='word_1_98' title='bbox 140 1553 268 1610; x_wconf 92' lang='lat' dir='ltr'><strong>Protulit</strong></span> <span class='ocrx_word' id='word_1_99' title='bbox 281 1553 351 1609; x_wconf 79' lang='lat' dir='ltr'><strong>ltlta</strong></span> <span class='ocrx_word' id='word_1_100' title='bbox 365 1552 443 1608; x_wconf 88' lang='lat' dir='ltr'><strong>Deus</strong></span> <span class='ocrx_word' id='word_1_101' title='bbox 460 1569 467 1609; x_wconf 75' lang='grc' dir='ltr'><strong><em>ε</em></strong></span> <span class='ocrx_word' id='word_1_102' title='bbox 484 1551 581 1607; x_wconf 87' lang='lat' dir='ltr'><strong>tlocne</strong></span> <span class='ocrx_word' id='word_1_103' title='bbox 596 1551 686 1619; x_wconf 88' lang='lat' dir='ltr'><strong>vides,</strong></span> <span class='ocrx_word' id='word_1_104' title='bbox 702 1551 772 1623; x_wconf 89' lang='lat' dir='ltr'><strong>quia</strong></span> <span class='ocrx_word' id='word_1_105' title='bbox 787 1549 900 1623; x_wconf 78' lang='lat' dir='ltr'><strong>plangit</strong></span> 
     </span>
     <span class='ocr_line' id='line_1_16' title="bbox 177 1640 849 1713; baseline -0.006 -13"><span class='ocrx_word' id='word_1_106' title='bbox 177 1644 235 1700; x_wconf 82' lang='lat' dir='ltr'><strong>ilex</strong></span> <span class='ocrx_word' id='word_1_107' title='bbox 250 1641 361 1709; x_wconf 78' lang='lat' dir='ltr'><strong>Achab,</strong></span> <span class='ocrx_word' id='word_1_108' title='bbox 376 1640 531 1698; x_wconf 79' lang='lat' dir='ltr'><strong>streniam</strong></span> <span class='ocrx_word' id='word_1_109' title='bbox 548 1644 631 1697; x_wconf 90' lang='lat' dir='ltr'><strong>nocte</strong></span> <span class='ocrx_word' id='word_1_110' title='bbox 646 1640 754 1713; x_wconf 88' lang='lat' dir='ltr'><strong>dieque</strong></span> <span class='ocrx_word' id='word_1_111' title='bbox 770 1641 849 1712; x_wconf 90' lang='lat' dir='ltr'><strong>petit.</strong></span> 
     </span>
     <span class='ocr_line' id='line_1_17' title="bbox 142 1728 912 1802; baseline -0.008 -12"><span class='ocrx_word' id='word_1_112' title='bbox 142 1732 194 1790; x_wconf 82' lang='lat' dir='ltr'><strong>llio</strong></span> <span class='ocrx_word' id='word_1_113' title='bbox 209 1732 307 1789; x_wconf 82' lang='lat' dir='ltr'><strong>lebab</strong></span> <span class='ocrx_word' id='word_1_114' title='bbox 324 1748 331 1787; x_wconf 93' lang='lat'>:</span> <span class='ocrx_word' id='word_1_115' title='bbox 348 1730 428 1787; x_wconf 87' lang='lat' dir='ltr'><strong>illius</strong></span> <span class='ocrx_word' id='word_1_116' title='bbox 443 1730 512 1787; x_wconf 85' lang='lat' dir='ltr'><strong>dare</strong></span> <span class='ocrx_word' id='word_1_117' title='bbox 527 1730 606 1802; x_wconf 91' lang='lat' dir='ltr'><strong>quod</strong></span> <span class='ocrx_word' id='word_1_118' title='bbox 622 1728 700 1787; x_wconf 89' lang='lat' dir='ltr'><strong>mala</strong></span> <span class='ocrx_word' id='word_1_119' title='bbox 715 1728 781 1785; x_wconf 92' lang='lat' dir='ltr'><strong>nolo</strong></span> <span class='ocrx_word' id='word_1_120' title='bbox 797 1729 912 1797; x_wconf 90' lang='lat' dir='ltr'><strong>diebus,</strong></span> 
     </span>
    </p>

    <p class='ocr_par' dir='ltr' id='par_1_9' title="bbox 178 1815 814 1890">
     <span class='ocr_line' id='line_1_18' title="bbox 178 1815 814 1890; baseline -0.006 -15"><span class='ocrx_word' id='word_1_121' title='bbox 178 1819 258 1890; x_wconf 89' lang='lat' dir='ltr'><strong>Post,</strong></span> <span class='ocrx_word' id='word_1_122' title='bbox 271 1818 348 1875; x_wconf 88' lang='lat' dir='ltr'><strong>mala</strong></span> <span class='ocrx_word' id='word_1_123' title='bbox 362 1820 433 1873; x_wconf 89' lang='lat' dir='ltr'><strong>sunt</strong></span> <span class='ocrx_word' id='word_1_124' title='bbox 444 1817 497 1874; x_wconf 88' lang='lat' dir='ltr'><strong>toti</strong></span> <span class='ocrx_word' id='word_1_125' title='bbox 513 1818 610 1874; x_wconf 87' lang='lat' dir='ltr'><strong>danda</strong></span> <span class='ocrx_word' id='word_1_126' title='bbox 625 1833 685 1873; x_wconf 81' lang='lat' dir='ltr'><strong>sua</strong></span> <span class='ocrx_word' id='word_1_127' title='bbox 701 1815 814 1873; x_wconf 72' lang='lat' dir='ltr'><strong>domui,</strong></span> 
     </span>
    </p>
   </div>
   <div class='ocr_carea' id='block_1_9' title="bbox 49 1900 966 1976">
    <p class='ocr_par' dir='ltr' id='par_1_10' title="bbox 49 1900 966 1976">
     <span class='ocr_line' id='line_1_19' title="bbox 49 1900 966 1976; baseline -0.003 -14"><span class='ocrx_word' id='word_1_128' title='bbox 49 1933 65 1953; x_wconf 82' lang='lat'><strong>-·</strong></span> <span class='ocrx_word' id='word_1_129' title='bbox 142 1905 202 1962; x_wconf 80' lang='lat' dir='ltr'><strong>Rex</strong></span> <span class='ocrx_word' id='word_1_130' title='bbox 215 1908 273 1962; x_wconf 80' lang='lat' dir='ltr'><strong>lisa</strong></span> <span class='ocrx_word' id='word_1_131' title='bbox 288 1908 422 1961; x_wconf 90' lang='lat' dir='ltr'><strong>mortuus</strong></span> <span class='ocrx_word' id='word_1_132' title='bbox 437 1907 492 1970; x_wconf 85' lang='lat' dir='ltr'><strong>est,</strong></span> <span class='ocrx_word' id='word_1_133' title='bbox 509 1908 635 1959; x_wconf 85' lang='lat' dir='ltr'><strong>tumulat</strong></span> <span class='ocrx_word' id='word_1_134' title='bbox 650 1902 767 1976; x_wconf 83' lang='lat' dir='ltr'><strong>genitus</strong></span> <span class='ocrx_word' id='word_1_135' title='bbox 790 1919 863 1960; x_wconf 89' lang='lat' dir='ltr'><strong>suus</strong></span> <span class='ocrx_word' id='word_1_136' title='bbox 882 1900 966 1959; x_wconf 91' lang='lat' dir='ltr'><strong>illum</strong></span> 
     </span>
    </p>
   </div>
   <div class='ocr_carea' id='block_1_10' title="bbox 175 1989 850 2063">
    <p class='ocr_par' dir='ltr' id='par_1_11' title="bbox 175 1989 850 2063">
     <span class='ocr_line' id='line_1_20' title="bbox 175 1989 850 2063; baseline -0.001 -16"><span class='ocrx_word' id='word_1_137' title='bbox 175 1991 298 2048; x_wconf 89' lang='lat' dir='ltr'><strong>Nomius</strong></span> <span class='ocrx_word' id='word_1_138' title='bbox 314 1991 363 2063; x_wconf 93' lang='lat' dir='ltr'><strong>qui</strong></span> <span class='ocrx_word' id='word_1_139' title='bbox 383 1990 527 2062; x_wconf 80' lang='lat' dir='ltr'><strong>iosaphat</strong></span> <span class='ocrx_word' id='word_1_140' title='bbox 542 1989 667 2062; x_wconf 79' lang='lat' dir='ltr'><strong>suscipit</strong></span> <span class='ocrx_word' id='word_1_141' title='bbox 683 1990 850 2063; x_wconf 86' lang='lat' dir='ltr'><strong>imperium.</strong></span> 
     </span>
    </p>
   </div>
   <div class='ocr_carea' id='block_1_11' title="bbox 33 2078 966 2157">
    <p class='ocr_par' dir='ltr' id='par_1_12' title="bbox 33 2078 966 2157">
     <span class='ocr_line' id='line_1_21' title="bbox 33 2078 966 2157; baseline -0.003 -19"><span class='ocrx_word' id='word_1_142' title='bbox 33 2106 40 2157; x_wconf 85' lang='lat'><strong>&#39;.</strong></span> <span class='ocrx_word' id='word_1_143' title='bbox 140 2080 199 2138; x_wconf 81' lang='lat' dir='ltr'><strong>Rex</strong></span> <span class='ocrx_word' id='word_1_144' title='bbox 213 2081 312 2138; x_wconf 75' lang='lat' dir='ltr'><strong>Achab</strong></span> <span class='ocrx_word' id='word_1_145' title='bbox 328 2087 357 2137; x_wconf 91' lang='lat' dir='ltr'><strong>et</strong></span> <span class='ocrx_word' id='word_1_146' title='bbox 371 2081 516 2153; x_wconf 87' lang='lat' dir='ltr'><strong>Josapbat</strong></span> <span class='ocrx_word' id='word_1_147' title='bbox 531 2078 627 2136; x_wconf 84' lang='lat' dir='ltr'><strong>valido</strong></span> <span class='ocrx_word' id='word_1_148' title='bbox 656 2080 714 2136; x_wconf 90' lang='lat' dir='ltr'><strong>sibi</strong></span> <span class='ocrx_word' id='word_1_149' title='bbox 741 2081 848 2137; x_wconf 75' lang='lat' dir='ltr'><strong>ludera</strong></span> <span class='ocrx_word' id='word_1_150' title='bbox 860 2079 966 2152; x_wconf 86' lang='lat' dir='ltr'><strong>juncti,</strong></span> 
     </span>
    </p>
   </div>
   <div class='ocr_carea' id='block_1_12' title="bbox 139 2168 966 2422">
    <p class='ocr_par' dir='ltr' id='par_1_13' title="bbox 139 2168 966 2422">
     <span class='ocr_line' id='line_1_22' title="bbox 175 2168 840 2241; baseline 0 -14"><span class='ocrx_word' id='word_1_151' title='bbox 175 2169 338 2228; x_wconf 82' lang='lat' dir='ltr'><strong>Samariam</strong></span> <span class='ocrx_word' id='word_1_152' title='bbox 355 2169 490 2240; x_wconf 89' lang='lat' dir='ltr'><strong>veniunt,</strong></span> <span class='ocrx_word' id='word_1_153' title='bbox 507 2175 596 2241; x_wconf 86' lang='lat' dir='ltr'><strong>atqua</strong></span> <span class='ocrx_word' id='word_1_154' title='bbox 610 2168 773 2240; x_wconf 91' lang='lat' dir='ltr'><strong>loquuntur</strong></span> <span class='ocrx_word' id='word_1_155' title='bbox 788 2169 840 2227; x_wconf 91' lang='lat' dir='ltr'><strong>ibi.</strong></span> 
     </span>
     <span class='ocr_line' id='line_1_23' title="bbox 139 2257 966 2332; baseline -0.001 -15"><span class='ocrx_word' id='word_1_156' title='bbox 139 2263 209 2317; x_wconf 80' lang='lat' dir='ltr'><strong>Essa</strong></span> <span class='ocrx_word' id='word_1_157' title='bbox 226 2258 352 2315; x_wconf 81' lang='lat' dir='ltr'><strong>Ramolh</strong></span> <span class='ocrx_word' id='word_1_158' title='bbox 371 2258 481 2317; x_wconf 87' lang='lat' dir='ltr'><strong>Galaad</strong></span> <span class='ocrx_word' id='word_1_159' title='bbox 494 2260 580 2314; x_wconf 89' lang='lat' dir='ltr'><strong>debet</strong></span> <span class='ocrx_word' id='word_1_160' title='bbox 595 2275 723 2327; x_wconf 60' lang='lat' dir='ltr'><strong>meamea</strong></span> <span class='ocrx_word' id='word_1_161' title='bbox 734 2259 845 2329; x_wconf 77' lang='lat' dir='ltr'><strong>Achab,</strong></span> <span class='ocrx_word' id='word_1_162' title='bbox 862 2257 966 2332; x_wconf 88' lang='lat' dir='ltr'><strong>inquit.</strong></span> 
     </span>
     <span class='ocr_line' id='line_1_24' title="bbox 174 2349 815 2422; baseline -0.002 -16"><span class='ocrx_word' id='word_1_163' title='bbox 174 2354 238 2412; x_wconf 84' lang='lat' dir='ltr'><strong>Hoc</strong></span> <span class='ocrx_word' id='word_1_164' title='bbox 254 2349 397 2422; x_wconf 73' lang='lat' dir='ltr'><strong>iosaphat</strong></span> <span class='ocrx_word' id='word_1_165' title='bbox 411 2365 511 2405; x_wconf 92' lang='lat' dir='ltr'><strong>secum</strong></span> <span class='ocrx_word' id='word_1_166' title='bbox 528 2349 664 2422; x_wconf 88' lang='lat' dir='ltr'><strong>protinus</strong></span> <span class='ocrx_word' id='word_1_167' title='bbox 679 2349 721 2405; x_wconf 91' lang='lat' dir='ltr'><strong>ire</strong></span> <span class='ocrx_word' id='word_1_168' title='bbox 733 2351 815 2422; x_wconf 87' lang='lat' dir='ltr'><strong>petit.</strong></span> 
     </span>
    </p>
   </div>
   <div class='ocr_carea' id='block_1_13' title="bbox 23 2436 966 2511">
    <p class='ocr_par' dir='ltr' id='par_1_14' title="bbox 23 2436 966 2511">
     <span class='ocr_line' id='line_1_25' title="bbox 23 2436 966 2511; baseline 0.001 -18"><span class='ocrx_word' id='word_1_169' title='bbox 23 2474 44 2499; x_wconf 88' lang='grc'><strong>-,</strong></span> <span class='ocrx_word' id='word_1_170' title='bbox 141 2439 203 2505; x_wconf 88' lang='lat' dir='ltr'><strong>lbo,</strong></span> <span class='ocrx_word' id='word_1_171' title='bbox 219 2441 309 2496; x_wconf 87' lang='lat' dir='ltr'><strong>relert</strong></span> <span class='ocrx_word' id='word_1_172' title='bbox 322 2437 527 2510; x_wconf 81' lang='lat' dir='ltr'><strong>tosapbal,sed</strong></span> <span class='ocrx_word' id='word_1_173' title='bbox 544 2437 791 2510; x_wconf 78' lang='lat' dir='ltr'><strong>consule,qureso,</strong></span> <span class='ocrx_word' id='word_1_174' title='bbox 809 2436 966 2511; x_wconf 87' lang='lat' dir='ltr'><strong>prophetas</strong></span> 
     </span>
    </p>
   </div>
   <div class='ocr_carea' id='block_1_14' title="bbox 178 2526 741 2599">
    <p class='ocr_par' dir='ltr' id='par_1_15' title="bbox 178 2526 741 2599">
     <span class='ocr_line' id='line_1_26' title="bbox 178 2526 741 2599; baseline -0.002 -17"><span class='ocrx_word' id='word_1_175' title='bbox 178 2534 221 2582; x_wconf 78' lang='lat' dir='ltr'><strong>Aa</strong></span> <span class='ocrx_word' id='word_1_176' title='bbox 236 2526 331 2582; x_wconf 86' lang='lat' dir='ltr'><strong>valeat</strong></span> <span class='ocrx_word' id='word_1_177' title='bbox 348 2527 432 2582; x_wconf 76' lang='lat' dir='ltr'><strong>nolus</strong></span> <span class='ocrx_word' id='word_1_178' title='bbox 448 2528 537 2583; x_wconf 82' lang='lat' dir='ltr'><strong>altore</strong></span> <span class='ocrx_word' id='word_1_179' title='bbox 553 2526 741 2599; x_wconf 87' lang='lat' dir='ltr'><strong>prosperitas.</strong></span> 
     </span>
    </p>
   </div>
   <div class='ocr_carea' id='block_1_15' title="bbox 630 249 1352 316">
    <p class='ocr_par' dir='ltr' id='par_1_16' title="bbox 630 249 1352 316">
     <span class='ocr_line' id='line_1_27' title="bbox 630 249 1352 316; baseline -0.006 0"><span class='ocrx_word' id='word_1_180' title='bbox 630 254 719 316; x_wconf 80' lang='lat' dir='ltr'>VEN.</span> <span class='ocrx_word' id='word_1_181' title='bbox 746 249 985 315; x_wconf 68' lang='lat' dir='ltr'><strong>alsuanum</strong></span> <span class='ocrx_word' id='word_1_182' title='bbox 1007 251 1209 316; x_wconf 76' lang='lat' dir='ltr'><strong>cuuolttlt.</strong></span> <span class='ocrx_word' id='word_1_183' title='bbox 1233 250 1352 314; x_wconf 75' lang='lat' dir='ltr'><strong>aelst.</strong></span> 
     </span>
    </p>
   </div>
   <div class='ocr_carea' id='block_1_16' title="bbox 1768 246 1846 311">
    <p class='ocr_par' dir='ltr' id='par_1_17' title="bbox 1768 246 1846 311">
     <span class='ocr_line' id='line_1_28' title="bbox 1768 246 1846 311; baseline -0.013 0"><span class='ocrx_word' id='word_1_184' title='bbox 1768 246 1846 311; x_wconf 80' lang='lat' dir='ltr'><strong>ttoa</strong></span> 
     </span>
    </p>
   </div>
   <div class='ocr_carea' id='block_1_17' title="bbox 977 380 1738 463">
    <p class='ocr_par' dir='ltr' id='par_1_18' title="bbox 977 380 1738 463">
     <span class='ocr_line' id='line_1_29' title="bbox 977 380 1738 463; baseline -0.007 -21"><span class='ocrx_word' id='word_1_185' title='bbox 977 388 1079 463; x_wconf 62' lang='lat' dir='ltr'><strong>Alter</strong></span> <span class='ocrx_word' id='word_1_186' title='bbox 1094 386 1192 443; x_wconf 74' lang='lat' dir='ltr'><strong>arbal)</strong></span> <span class='ocrx_word' id='word_1_187' title='bbox 1209 389 1240 442; x_wconf 88' lang='lat' dir='ltr'><strong>ut</strong></span> <span class='ocrx_word' id='word_1_188' title='bbox 1254 384 1340 459; x_wconf 78' lang='lat' dir='ltr'><strong>Syrie</strong></span> <span class='ocrx_word' id='word_1_189' title='bbox 1357 397 1455 457; x_wconf 81' lang='lat' dir='ltr'><strong>regam</strong></span> <span class='ocrx_word' id='word_1_190' title='bbox 1470 381 1551 440; x_wconf 84' lang='lat' dir='ltr'><strong>ridet</strong></span> <span class='ocrx_word' id='word_1_191' title='bbox 1562 380 1738 454; x_wconf 81' lang='lat' dir='ltr'><strong>appropiare</strong></span> 
     </span>
    </p>
   </div>
   <div class='ocr_carea' id='block_1_18' title="bbox 1018 472 1841 2163">
    <p class='ocr_par' dir='ltr' id='par_1_19' title="bbox 1018 472 1841 2163">
     <span class='ocr_line' id='line_1_30' title="bbox 1048 472 1660 544; baseline -0.008 -13"><span class='ocrx_word' id='word_1_192' title='bbox 1048 475 1176 539; x_wconf 83' lang='lat' dir='ltr'><strong>Qualiter</strong></span> <span class='ocrx_word' id='word_1_193' title='bbox 1190 476 1307 532; x_wconf 84' lang='lat' dir='ltr'><strong>incedat</strong></span> <span class='ocrx_word' id='word_1_194' title='bbox 1321 475 1363 531; x_wconf 89' lang='lat' dir='ltr'><strong>sie</strong></span> <span class='ocrx_word' id='word_1_195' title='bbox 1379 473 1478 531; x_wconf 90' lang='lat' dir='ltr'><strong>docuit</strong></span> <span class='ocrx_word' id='word_1_196' title='bbox 1491 472 1636 544; x_wconf 77' lang='lat' dir='ltr'><strong>iosaphat</strong></span> <span class='ocrx_word' id='word_1_197' title='bbox 1651 486 1660 526; x_wconf 73' lang='grc' dir='ltr'><strong><em>ε</em></strong></span> 
     </span>
     <span class='ocr_line' id='line_1_31' title="bbox 1021 561 1697 640; baseline -0.001 -20"><span class='ocrx_word' id='word_1_198' title='bbox 1021 566 1160 621; x_wconf 75' lang='lat' dir='ltr'><strong>Vestibus</strong></span> <span class='ocrx_word' id='word_1_199' title='bbox 1174 565 1310 640; x_wconf 84' lang='lat' dir='ltr'><strong>insignis,</strong></span> <span class='ocrx_word' id='word_1_200' title='bbox 1326 581 1425 630; x_wconf 88' lang='lat' dir='ltr'><strong>curru,</strong></span> <span class='ocrx_word' id='word_1_201' title='bbox 1442 561 1592 637; x_wconf 84' lang='lat' dir='ltr'><strong>regalibus</strong></span> <span class='ocrx_word' id='word_1_202' title='bbox 1607 561 1697 619; x_wconf 88' lang='lat' dir='ltr'><strong>armis</strong></span> 
     </span>
     <span class='ocr_line' id='line_1_32' title="bbox 1048 652 1654 728; baseline -0.005 -17"><span class='ocrx_word' id='word_1_203' title='bbox 1048 655 1116 725; x_wconf 88' lang='lat' dir='ltr'><strong>ibis,</strong></span> <span class='ocrx_word' id='word_1_204' title='bbox 1132 655 1247 728; x_wconf 74' lang='lat' dir='ltr'><strong>erisque</strong></span> <span class='ocrx_word' id='word_1_205' title='bbox 1264 671 1327 711; x_wconf 89' lang='lat' dir='ltr'><strong>rneo</strong></span> <span class='ocrx_word' id='word_1_206' title='bbox 1342 653 1520 727; x_wconf 88' lang='lat' dir='ltr'><strong>conspicuus</strong></span> <span class='ocrx_word' id='word_1_207' title='bbox 1538 652 1654 724; x_wconf 86' lang='lat' dir='ltr'><strong>populo.</strong></span> 
     </span>
     <span class='ocr_line' id='line_1_33' title="bbox 1021 743 1737 819; baseline -0.006 -17"><span class='ocrx_word' id='word_1_208' title='bbox 1021 746 1104 803; x_wconf 85' lang='lat' dir='ltr'><strong>Tunc</strong></span> <span class='ocrx_word' id='word_1_209' title='bbox 1116 745 1215 802; x_wconf 83' lang='lat' dir='ltr'><strong>Achab</strong></span> <span class='ocrx_word' id='word_1_210' title='bbox 1230 746 1350 802; x_wconf 88' lang='lat' dir='ltr'><strong>omnino</strong></span> <span class='ocrx_word' id='word_1_211' title='bbox 1366 761 1397 801; x_wconf 90' lang='lat' dir='ltr'><strong>se</strong></span> <span class='ocrx_word' id='word_1_212' title='bbox 1412 761 1509 819; x_wconf 82' lang='lat' dir='ltr'><strong>regem</strong></span> <span class='ocrx_word' id='word_1_213' title='bbox 1526 743 1737 811; x_wconf 86' lang='lat' dir='ltr'><strong>dissimulavit,</strong></span> 
     </span>
     <span class='ocr_line' id='line_1_34' title="bbox 1047 834 1659 910; baseline -0.003 -19"><span class='ocrx_word' id='word_1_214' title='bbox 1047 835 1082 891; x_wconf 82' lang='lat' dir='ltr'><strong>Et</strong></span> <span class='ocrx_word' id='word_1_215' title='bbox 1097 835 1211 892; x_wconf 89' lang='lat' dir='ltr'><strong>modico</strong></span> <span class='ocrx_word' id='word_1_216' title='bbox 1226 853 1314 893; x_wconf 88' lang='lat' dir='ltr'><strong>curru</strong></span> <span class='ocrx_word' id='word_1_217' title='bbox 1330 839 1373 893; x_wconf 86' lang='lat' dir='ltr'><strong>sie</strong></span> <span class='ocrx_word' id='word_1_218' title='bbox 1387 834 1472 910; x_wconf 85' lang='lat' dir='ltr'><strong>quasi</strong></span> <span class='ocrx_word' id='word_1_219' title='bbox 1488 834 1573 892; x_wconf 91' lang='lat' dir='ltr'><strong>miles</strong></span> <span class='ocrx_word' id='word_1_220' title='bbox 1588 834 1659 891; x_wconf 87' lang='lat' dir='ltr'><strong>abit.</strong></span> 
     </span>
     <span class='ocr_line' id='line_1_35' title="bbox 1020 924 1702 998; baseline -0.001 -17"><span class='ocrx_word' id='word_1_221' title='bbox 1020 927 1080 981; x_wconf 80' lang='lat' dir='ltr'><strong>Rex</strong></span> <span class='ocrx_word' id='word_1_222' title='bbox 1093 926 1180 998; x_wconf 75' lang='lat' dir='ltr'><strong>Syris</strong></span> <span class='ocrx_word' id='word_1_223' title='bbox 1192 942 1301 983; x_wconf 84' lang='lat' dir='ltr'><strong>cuneos</strong></span> <span class='ocrx_word' id='word_1_224' title='bbox 1316 942 1391 998; x_wconf 89' lang='lat' dir='ltr'><strong>quos</strong></span> <span class='ocrx_word' id='word_1_225' title='bbox 1406 924 1495 983; x_wconf 85' lang='lat' dir='ltr'><strong>fortes</strong></span> <span class='ocrx_word' id='word_1_226' title='bbox 1510 924 1614 998; x_wconf 88' lang='lat' dir='ltr'><strong>aspicit</strong></span> <span class='ocrx_word' id='word_1_227' title='bbox 1627 929 1702 993; x_wconf 84' lang='lat' dir='ltr'><strong>orel,</strong></span> 
     </span>
     <span class='ocr_line' id='line_1_36' title="bbox 1047 1013 1682 1086; baseline 0.002 -16"><span class='ocrx_word' id='word_1_228' title='bbox 1047 1013 1084 1070; x_wconf 91' lang='lat' dir='ltr'><strong>Ut</strong></span> <span class='ocrx_word' id='word_1_229' title='bbox 1099 1013 1221 1086; x_wconf 85' lang='lat' dir='ltr'><strong>reliquie</strong></span> <span class='ocrx_word' id='word_1_230' title='bbox 1236 1015 1353 1086; x_wconf 86' lang='lat' dir='ltr'><strong>spretis,</strong></span> <span class='ocrx_word' id='word_1_231' title='bbox 1367 1030 1417 1072; x_wconf 85' lang='lat' dir='ltr'><strong>rex</strong></span> <span class='ocrx_word' id='word_1_232' title='bbox 1430 1013 1529 1071; x_wconf 77' lang='lat' dir='ltr'><strong>Achab</strong></span> <span class='ocrx_word' id='word_1_233' title='bbox 1545 1013 1682 1071; x_wconf 86' lang='lat' dir='ltr'><strong>intereat.</strong></span> 
     </span>
     <span class='ocr_line' id='line_1_37' title="bbox 1020 1102 1763 1178; baseline 0.001 -19"><span class='ocrx_word' id='word_1_234' title='bbox 1020 1103 1187 1178; x_wconf 81' lang='lat' dir='ltr'><strong>Pracipuus</strong></span> <span class='ocrx_word' id='word_1_235' title='bbox 1202 1104 1291 1175; x_wconf 75' lang='lat' dir='ltr'><strong>Syris</strong></span> <span class='ocrx_word' id='word_1_236' title='bbox 1307 1120 1417 1162; x_wconf 88' lang='lat' dir='ltr'><strong>cuneus</strong></span> <span class='ocrx_word' id='word_1_237' title='bbox 1433 1104 1557 1161; x_wconf 85' lang='lat' dir='ltr'><strong>credens</strong></span> <span class='ocrx_word' id='word_1_238' title='bbox 1571 1102 1672 1159; x_wconf 87' lang='lat' dir='ltr'><strong>ltcbab</strong></span> <span class='ocrx_word' id='word_1_239' title='bbox 1686 1116 1763 1170; x_wconf 85' lang='lat' dir='ltr'><strong>esse.</strong></span> 
     </span>
     <span class='ocr_line' id='line_1_38' title="bbox 1048 1193 1700 1268; baseline 0.002 -18"><span class='ocrx_word' id='word_1_240' title='bbox 1048 1195 1225 1268; x_wconf 72' lang='lat' dir='ltr'><strong>eggreurens</strong></span> <span class='ocrx_word' id='word_1_241' title='bbox 1238 1194 1391 1264; x_wconf 73' lang='lat' dir='ltr'><strong>iosaphat,</strong></span> <span class='ocrx_word' id='word_1_242' title='bbox 1408 1193 1589 1268; x_wconf 75' lang='lat' dir='ltr'><strong>praecipitare</strong></span> <span class='ocrx_word' id='word_1_243' title='bbox 1606 1196 1700 1264; x_wconf 87' lang='lat' dir='ltr'><strong>parat.</strong></span> 
     </span>
     <span class='ocr_line' id='line_1_39' title="bbox 1019 1281 1841 1357; baseline -0.004 -16"><span class='ocrx_word' id='word_1_244' title='bbox 1019 1281 1841 1357; x_wconf 74' lang='lat' dir='ltr'><strong>Utlosaphatclamansquodnonessattcbabpatciaeit,</strong></span> 
     </span>
     <span class='ocr_line' id='line_1_40' title="bbox 1054 1372 1736 1446; baseline 0 -16"><span class='ocrx_word' id='word_1_245' title='bbox 1054 1373 1173 1430; x_wconf 82' lang='lat' dir='ltr'><strong>Transit</strong></span> <span class='ocrx_word' id='word_1_246' title='bbox 1187 1390 1254 1430; x_wconf 89' lang='lat' dir='ltr'><strong>eum</strong></span> <span class='ocrx_word' id='word_1_247' title='bbox 1270 1390 1402 1444; x_wconf 84' lang='lat' dir='ltr'><strong>cuneus;</strong></span> <span class='ocrx_word' id='word_1_248' title='bbox 1418 1374 1461 1431; x_wconf 86' lang='lat' dir='ltr'><strong>sic</strong></span> <span class='ocrx_word' id='word_1_249' title='bbox 1475 1373 1618 1446; x_wconf 82' lang='lat' dir='ltr'><strong>iosaphat</strong></span> <span class='ocrx_word' id='word_1_250' title='bbox 1632 1372 1736 1445; x_wconf 79' lang='lat' dir='ltr'><strong>viguit.</strong></span> 
     </span>
     <span class='ocr_line' id='line_1_41' title="bbox 1019 1462 1711 1537; baseline -0.003 -17"><span class='ocrx_word' id='word_1_251' title='bbox 1019 1463 1108 1520; x_wconf 79' lang='lat' dir='ltr'><strong>lsrael</strong></span> <span class='ocrx_word' id='word_1_252' title='bbox 1122 1472 1210 1537; x_wconf 82' lang='lat' dir='ltr'><strong>atque</strong></span> <span class='ocrx_word' id='word_1_253' title='bbox 1223 1463 1286 1537; x_wconf 72' lang='lat' dir='ltr'><strong>Syri</strong></span> <span class='ocrx_word' id='word_1_254' title='bbox 1302 1465 1375 1519; x_wconf 88' lang='lat' dir='ltr'><strong>duro</strong></span> <span class='ocrx_word' id='word_1_255' title='bbox 1391 1462 1553 1519; x_wconf 89' lang='lat' dir='ltr'><strong>certamine</strong></span> <span class='ocrx_word' id='word_1_256' title='bbox 1566 1466 1711 1535; x_wconf 82' lang='lat' dir='ltr'><strong>pugnant,</strong></span> 
     </span>
     <span class='ocr_line' id='line_1_42' title="bbox 1055 1552 1721 1626; baseline 0 -17"><span class='ocrx_word' id='word_1_257' title='bbox 1055 1553 1165 1626; x_wconf 73' lang='lat' dir='ltr'><strong>Estque</strong></span> <span class='ocrx_word' id='word_1_258' title='bbox 1179 1553 1230 1610; x_wconf 92' lang='lat' dir='ltr'><strong>diu</strong></span> <span class='ocrx_word' id='word_1_259' title='bbox 1244 1553 1368 1610; x_wconf 88' lang='lat' dir='ltr'><strong>dubium</strong></span> <span class='ocrx_word' id='word_1_260' title='bbox 1380 1552 1431 1625; x_wconf 88' lang='lat' dir='ltr'><strong>qui</strong></span> <span class='ocrx_word' id='word_1_261' title='bbox 1446 1567 1585 1625; x_wconf 86' lang='lat' dir='ltr'><strong>superare</strong></span> <span class='ocrx_word' id='word_1_262' title='bbox 1600 1554 1721 1623; x_wconf 85' lang='lat' dir='ltr'><strong>queant.</strong></span> 
     </span>
     <span class='ocr_line' id='line_1_43' title="bbox 1018 1640 1693 1714; baseline 0.003 -18"><span class='ocrx_word' id='word_1_263' title='bbox 1018 1642 1074 1698; x_wconf 82' lang='lat' dir='ltr'><strong>lvit</strong></span> <span class='ocrx_word' id='word_1_264' title='bbox 1086 1643 1115 1697; x_wconf 91' lang='lat' dir='ltr'><strong>in</strong></span> <span class='ocrx_word' id='word_1_265' title='bbox 1133 1643 1289 1711; x_wconf 84' lang='lat' dir='ltr'><strong>incertum,</strong></span> <span class='ocrx_word' id='word_1_266' title='bbox 1304 1658 1433 1714; x_wconf 75' lang='lat' dir='ltr'><strong>meaque</strong></span> <span class='ocrx_word' id='word_1_267' title='bbox 1447 1641 1555 1714; x_wconf 77' lang='lat' dir='ltr'><strong>sagitta</strong></span> <span class='ocrx_word' id='word_1_268' title='bbox 1573 1640 1693 1706; x_wconf 80' lang='lat' dir='ltr'><strong>volavit,</strong></span> 
     </span>
     <span class='ocr_line' id='line_1_44' title="bbox 1054 1729 1730 1805; baseline -0.003 -19"><span class='ocrx_word' id='word_1_269' title='bbox 1054 1729 1116 1795; x_wconf 86' lang='lat' dir='ltr'><strong>Qua</strong></span> <span class='ocrx_word' id='word_1_270' title='bbox 1132 1748 1221 1805; x_wconf 83' lang='lat' dir='ltr'><strong>prope</strong></span> <span class='ocrx_word' id='word_1_271' title='bbox 1236 1731 1408 1805; x_wconf 84' lang='lat' dir='ltr'><strong>pulmsdcm</strong></span> <span class='ocrx_word' id='word_1_272' title='bbox 1423 1731 1500 1789; x_wconf 87' lang='lat' dir='ltr'><strong>lixas</strong></span> <span class='ocrx_word' id='word_1_273' title='bbox 1515 1730 1616 1788; x_wconf 79' lang='lat' dir='ltr'><strong>Achab</strong></span> <span class='ocrx_word' id='word_1_274' title='bbox 1632 1730 1730 1803; x_wconf 87' lang='lat' dir='ltr'><strong>periit.</strong></span> 
     </span>
     <span class='ocr_line' id='line_1_45' title="bbox 1020 1819 1808 1894; baseline 0.001 -18"><span class='ocrx_word' id='word_1_275' title='bbox 1020 1819 1141 1885; x_wconf 85' lang='lat' dir='ltr'><strong>Quando</strong></span> <span class='ocrx_word' id='word_1_276' title='bbox 1157 1822 1212 1878; x_wconf 90' lang='lat' dir='ltr'><strong>luit</strong></span> <span class='ocrx_word' id='word_1_277' title='bbox 1226 1828 1328 1878; x_wconf 91' lang='lat' dir='ltr'><strong>notum</strong></span> <span class='ocrx_word' id='word_1_278' title='bbox 1341 1819 1411 1894; x_wconf 88' lang='lat' dir='ltr'><strong>quia</strong></span> <span class='ocrx_word' id='word_1_279' title='bbox 1424 1820 1547 1878; x_wconf 73' lang='lat' dir='ltr'><strong>vincunt</strong></span> <span class='ocrx_word' id='word_1_280' title='bbox 1561 1836 1643 1876; x_wconf 89' lang='lat' dir='ltr'><strong>arma</strong></span> <span class='ocrx_word' id='word_1_281' title='bbox 1657 1824 1808 1893; x_wconf 80' lang='lat' dir='ltr'><strong>Syrorum,</strong></span> 
     </span>
     <span class='ocr_line' id='line_1_46' title="bbox 1054 1908 1696 1984; baseline 0.002 -17"><span class='ocrx_word' id='word_1_282' title='bbox 1054 1911 1230 1984; x_wconf 77' lang='lat' dir='ltr'><strong>Aufugitsus</strong></span> <span class='ocrx_word' id='word_1_283' title='bbox 1243 1910 1386 1982; x_wconf 80' lang='lat' dir='ltr'><strong>iosaphat</strong></span> <span class='ocrx_word' id='word_1_284' title='bbox 1399 1908 1565 1967; x_wconf 81' lang='lat' dir='ltr'><strong>Jerusalem</strong></span> <span class='ocrx_word' id='word_1_285' title='bbox 1575 1914 1696 1968; x_wconf 88' lang='lat' dir='ltr'><strong>remeat.</strong></span> 
     </span>
     <span class='ocr_line' id='line_1_47' title="bbox 1019 1998 1795 2073; baseline -0.001 -16"><span class='ocrx_word' id='word_1_286' title='bbox 1019 2000 1111 2067; x_wconf 83' lang='lat' dir='ltr'><strong>Quem</strong></span> <span class='ocrx_word' id='word_1_287' title='bbox 1127 1999 1273 2073; x_wconf 81' lang='lat' dir='ltr'><strong>generarit</strong></span> <span class='ocrx_word' id='word_1_288' title='bbox 1284 1999 1384 2056; x_wconf 73' lang='lat' dir='ltr'><strong>Acbab</strong></span> <span class='ocrx_word' id='word_1_289' title='bbox 1401 2016 1449 2057; x_wconf 87' lang='lat' dir='ltr'><strong>rax</strong></span> <span class='ocrx_word' id='word_1_290' title='bbox 1464 1998 1567 2069; x_wconf 87' lang='lat' dir='ltr'><strong>lsrael,</strong></span> <span class='ocrx_word' id='word_1_291' title='bbox 1582 2003 1629 2057; x_wconf 86' lang='lat' dir='ltr'><strong>est</strong></span> <span class='ocrx_word' id='word_1_292' title='bbox 1643 1998 1795 2070; x_wconf 86' lang='lat' dir='ltr'><strong>Ochozias,</strong></span> 
     </span>
     <span class='ocr_line' id='line_1_48' title="bbox 1055 2087 1742 2163; baseline 0.003 -17"><span class='ocrx_word' id='word_1_293' title='bbox 1055 2089 1110 2155; x_wconf 82' lang='lat' dir='ltr'><strong>Qui</strong></span> <span class='ocrx_word' id='word_1_294' title='bbox 1125 2089 1232 2146; x_wconf 87' lang='lat' dir='ltr'><strong>similis</strong></span> <span class='ocrx_word' id='word_1_295' title='bbox 1247 2089 1340 2163; x_wconf 88' lang='lat' dir='ltr'><strong>patris</strong></span> <span class='ocrx_word' id='word_1_296' title='bbox 1355 2094 1410 2161; x_wconf 90' lang='lat' dir='ltr'><strong>est,</strong></span> <span class='ocrx_word' id='word_1_297' title='bbox 1426 2096 1514 2162; x_wconf 89' lang='lat' dir='ltr'><strong>alque</strong></span> <span class='ocrx_word' id='word_1_298' title='bbox 1529 2087 1599 2147; x_wconf 91' lang='lat' dir='ltr'><strong>colit</strong></span> <span class='ocrx_word' id='word_1_299' title='bbox 1613 2093 1742 2148; x_wconf 69' lang='lat' dir='ltr'><strong>statuas</strong></span> 
     </span>
    </p>
   </div>
   <div class='ocr_carea' id='block_1_19' title="bbox 1221 2322 1643 2390">
    <p class='ocr_par' dir='ltr' id='par_1_20' title="bbox 1221 2322 1643 2390">
     <span class='ocr_line' id='line_1_49' title="bbox 1221 2322 1643 2390; baseline -0.002 -9"><span class='ocrx_word' id='word_1_300' title='bbox 1221 2325 1258 2381; x_wconf 90' lang='lat' dir='ltr'><strong>IN</strong></span> <span class='ocrx_word' id='word_1_301' title='bbox 1287 2323 1426 2382; x_wconf 84' lang='lat' dir='ltr'>LIBRUM</span> <span class='ocrx_word' id='word_1_302' title='bbox 1458 2322 1643 2390; x_wconf 74' lang='lat' dir='ltr'><strong>Quaerunt.</strong></span> 
     </span>
    </p>
   </div>
   <div class='ocr_carea' id='block_1_20' title="bbox 1019 2429 1778 2596">
    <p class='ocr_par' dir='ltr' id='par_1_21' title="bbox 1019 2429 1778 2596">
     <span class='ocr_line' id='line_1_50' title="bbox 1019 2429 1708 2506; baseline -0.001 -17"><span class='ocrx_word' id='word_1_303' title='bbox 1019 2432 1132 2506; x_wconf 84' lang='lat' dir='ltr'><strong>Lapsua</strong></span> <span class='ocrx_word' id='word_1_304' title='bbox 1147 2430 1178 2488; x_wconf 88' lang='lat' dir='ltr'><strong>in</strong></span> <span class='ocrx_word' id='word_1_305' title='bbox 1193 2431 1254 2488; x_wconf 78' lang='lat' dir='ltr'><strong>eda</strong></span> <span class='ocrx_word' id='word_1_306' title='bbox 1269 2437 1320 2488; x_wconf 91' lang='lat' dir='ltr'><strong>tua</strong></span> <span class='ocrx_word' id='word_1_307' title='bbox 1337 2448 1389 2505; x_wconf 91' lang='lat' dir='ltr'><strong>per</strong></span> <span class='ocrx_word' id='word_1_308' title='bbox 1401 2429 1559 2501; x_wconf 84' lang='lat' dir='ltr'><strong>caucellos,</strong></span> <span class='ocrx_word' id='word_1_309' title='bbox 1571 2429 1708 2496; x_wconf 79' lang='lat' dir='ltr'><strong>ochozia,</strong></span> 
     </span>
     <span class='ocr_line' id='line_1_51' title="bbox 1055 2520 1778 2596; baseline -0.004 -17"><span class='ocrx_word' id='word_1_310' title='bbox 1055 2521 1186 2579; x_wconf 80' lang='lat' dir='ltr'><strong>Membra</strong></span> <span class='ocrx_word' id='word_1_311' title='bbox 1203 2538 1317 2579; x_wconf 89' lang='lat' dir='ltr'><strong>movere</strong></span> <span class='ocrx_word' id='word_1_312' title='bbox 1334 2522 1449 2596; x_wconf 82' lang='lat' dir='ltr'><strong>nequis,</strong></span> <span class='ocrx_word' id='word_1_313' title='bbox 1463 2525 1552 2594; x_wconf 87' lang='lat' dir='ltr'><strong>atque</strong></span> <span class='ocrx_word' id='word_1_314' title='bbox 1568 2520 1643 2578; x_wconf 89' lang='lat' dir='ltr'><strong>mori</strong></span> <span class='ocrx_word' id='word_1_315' title='bbox 1659 2520 1778 2578; x_wconf 85' lang='lat' dir='ltr'><strong>metuis.</strong></span> 
     </span>
    </p>
   </div>
   <div class='ocr_carea' id='block_1_21' title="bbox 61 2609 1760 2690">
    <p class='ocr_par' dir='ltr' id='par_1_22' title="bbox 61 2609 1760 2690">
     <span class='ocr_line' id='line_1_52' title="bbox 61 2609 1760 2690; baseline -0.003 -18"><span class='ocrx_word' id='word_1_316' title='bbox 61 2681 65 2689; x_wconf 30' lang='grc' dir='ltr'>Ι</span> <span class='ocrx_word' id='word_1_317' title='bbox 139 2616 212 2672; x_wconf 81' lang='lat' dir='ltr'><strong>Ecce</strong></span> <span class='ocrx_word' id='word_1_318' title='bbox 227 2616 435 2688; x_wconf 82' lang='lat' dir='ltr'><strong>quadringenti</strong></span> <span class='ocrx_word' id='word_1_319' title='bbox 450 2619 581 2682; x_wconf 85' lang='lat' dir='ltr'><strong>veniunt,</strong></span> <span class='ocrx_word' id='word_1_320' title='bbox 602 2621 631 2672; x_wconf 90' lang='lat' dir='ltr'><strong>et</strong></span> <span class='ocrx_word' id='word_1_321' title='bbox 655 2617 782 2688; x_wconf 89' lang='lat' dir='ltr'><strong>quisque</strong></span> <span class='ocrx_word' id='word_1_322' title='bbox 810 2616 967 2690; x_wconf 75' lang='lat' dir='ltr'><strong>prophetat</strong></span> <span class='ocrx_word' id='word_1_323' title='bbox 1019 2613 1149 2670; x_wconf 67' lang='lat' dir='ltr'><strong>accaron</strong></span> <span class='ocrx_word' id='word_1_324' title='bbox 1166 2611 1208 2669; x_wconf 89' lang='lat' dir='ltr'><strong>ire</strong></span> <span class='ocrx_word' id='word_1_325' title='bbox 1223 2612 1296 2668; x_wconf 88' lang='lat' dir='ltr'><strong>lacis</strong></span> <span class='ocrx_word' id='word_1_326' title='bbox 1312 2610 1449 2684; x_wconf 82' lang='lat' dir='ltr'><strong>tumulos,</strong></span> <span class='ocrx_word' id='word_1_327' title='bbox 1461 2609 1596 2682; x_wconf 84' lang='lat' dir='ltr'><strong>chozia,</strong></span> <span class='ocrx_word' id='word_1_328' title='bbox 1609 2611 1760 2684; x_wconf 86' lang='lat' dir='ltr'><strong>jubesque</strong></span> 
     </span>
    </p>
   </div>
   <div class='ocr_carea' id='block_1_22' title="bbox 140 2703 858 2953">
    <p class='ocr_par' dir='ltr' id='par_1_23' title="bbox 140 2703 858 2953">
     <span class='ocr_line' id='line_1_53' title="bbox 173 2703 800 2776; baseline 0.002 -16"><span class='ocrx_word' id='word_1_329' title='bbox 173 2703 254 2760; x_wconf 81' lang='lat' dir='ltr'><strong>Velle</strong></span> <span class='ocrx_word' id='word_1_330' title='bbox 270 2704 364 2760; x_wconf 90' lang='lat' dir='ltr'><strong>Deum</strong></span> <span class='ocrx_word' id='word_1_331' title='bbox 382 2719 465 2776; x_wconf 85' lang='lat' dir='ltr'><strong>reges</strong></span> <span class='ocrx_word' id='word_1_332' title='bbox 481 2705 523 2760; x_wconf 91' lang='lat' dir='ltr'><strong>ire</strong></span> <span class='ocrx_word' id='word_1_333' title='bbox 539 2703 664 2760; x_wconf 83' lang='lat' dir='ltr'><strong>Ramolh</strong></span> <span class='ocrx_word' id='word_1_334' title='bbox 680 2703 800 2774; x_wconf 86' lang='lat' dir='ltr'><strong>Galaad,</strong></span> 
     </span>
     <span class='ocr_line' id='line_1_54' title="bbox 140 2792 858 2868; baseline 0.001 -18"><span class='ocrx_word' id='word_1_335' title='bbox 140 2792 244 2850; x_wconf 77' lang='lat' dir='ltr'><strong>Ferrea</strong></span> <span class='ocrx_word' id='word_1_336' title='bbox 257 2794 307 2849; x_wconf 91' lang='lat' dir='ltr'><strong>dat</strong></span> <span class='ocrx_word' id='word_1_337' title='bbox 323 2795 447 2868; x_wconf 80' lang='lat' dir='ltr'><strong>propria</strong></span> <span class='ocrx_word' id='word_1_338' title='bbox 459 2793 615 2850; x_wconf 87' lang='lat' dir='ltr'><strong>Sedecbias</strong></span> <span class='ocrx_word' id='word_1_339' title='bbox 626 2810 736 2851; x_wconf 89' lang='lat' dir='ltr'><strong>coraus</strong></span> <span class='ocrx_word' id='word_1_340' title='bbox 751 2795 858 2867; x_wconf 79' lang='lat' dir='ltr'><strong>lronti3</strong></span> 
     </span>
     <span class='ocr_line' id='line_1_55' title="bbox 175 2881 751 2953; baseline 0 -14"><span class='ocrx_word' id='word_1_341' title='bbox 175 2882 211 2939; x_wconf 75' lang='lat' dir='ltr'><strong>Et</strong></span> <span class='ocrx_word' id='word_1_342' title='bbox 222 2882 342 2939; x_wconf 83' lang='lat' dir='ltr'><strong>veniens</strong></span> <span class='ocrx_word' id='word_1_343' title='bbox 359 2882 394 2938; x_wconf 91' lang='lat' dir='ltr'><strong>ad</strong></span> <span class='ocrx_word' id='word_1_344' title='bbox 411 2884 519 2953; x_wconf 88' lang='lat' dir='ltr'><strong>ltcbub,</strong></span> <span class='ocrx_word' id='word_1_345' title='bbox 536 2882 603 2939; x_wconf 89' lang='lat' dir='ltr'><strong>talia</strong></span> <span class='ocrx_word' id='word_1_346' title='bbox 619 2881 691 2939; x_wconf 85' lang='lat' dir='ltr'><strong>dixit</strong></span> <span class='ocrx_word' id='word_1_347' title='bbox 705 2884 751 2940; x_wconf 90' lang='lat' dir='ltr'><strong>ei:</strong></span> 
     </span>
    </p>
   </div>
   <div class='ocr_carea' id='block_1_23' title="bbox 20 2970 964 3045">
    <p class='ocr_par' dir='ltr' id='par_1_24' title="bbox 20 2970 964 3045">
     <span class='ocr_line' id='line_1_56' title="bbox 20 2970 964 3045; baseline 0 -14"><span class='ocrx_word' id='word_1_348' title='bbox 20 3024 22 3031; x_wconf 81' lang='grc'>,</span> <span class='ocrx_word' id='word_1_349' title='bbox 141 2970 366 3045; x_wconf 85' lang='lat' dir='ltr'><strong>Pergoltamotb</strong></span> <span class='ocrx_word' id='word_1_350' title='bbox 384 2971 504 3039; x_wconf 86' lang='lat' dir='ltr'><strong>Galaad,</strong></span> <span class='ocrx_word' id='word_1_351' title='bbox 521 2972 620 3028; x_wconf 89' lang='lat' dir='ltr'><strong>subito</strong></span> <span class='ocrx_word' id='word_1_352' title='bbox 646 2982 785 3045; x_wconf 86' lang='lat' dir='ltr'><strong>rapturus</strong></span> <span class='ocrx_word' id='word_1_353' title='bbox 814 2990 846 3031; x_wconf 89' lang='lat' dir='ltr'><strong>es</strong></span> <span class='ocrx_word' id='word_1_354' title='bbox 871 2973 964 3045; x_wconf 89' lang='lat' dir='ltr'><strong>illam,</strong></span> 
     </span>
    </p>
   </div>
   <div class='ocr_carea' id='block_1_24' title="bbox 55 3056 911 3314">
    <p class='ocr_par' dir='ltr' id='par_1_25' title="bbox 55 3056 911 3314">
     <span class='ocr_line' id='line_1_57' title="bbox 55 3056 867 3138; baseline 0.007 -22"><span class='ocrx_word' id='word_1_355' title='bbox 55 3056 61 3063; x_wconf 82' lang='grc'><strong>“</strong></span> <span class='ocrx_word' id='word_1_356' title='bbox 174 3067 270 3135; x_wconf 81' lang='lat' dir='ltr'><strong>Atque</strong></span> <span class='ocrx_word' id='word_1_357' title='bbox 285 3060 389 3135; x_wconf 79' lang='lat' dir='ltr'><strong>fugans</strong></span> <span class='ocrx_word' id='word_1_358' title='bbox 408 3064 511 3135; x_wconf 82' lang='lat' dir='ltr'><strong>perdes</strong></span> <span class='ocrx_word' id='word_1_359' title='bbox 527 3063 665 3120; x_wconf 90' lang='lat' dir='ltr'><strong>cornibus</strong></span> <span class='ocrx_word' id='word_1_360' title='bbox 680 3063 726 3119; x_wconf 88' lang='lat' dir='ltr'><strong>bis</strong></span> <span class='ocrx_word' id='word_1_361' title='bbox 740 3063 867 3138; x_wconf 84' lang='lat' dir='ltr'><strong>Syriam.</strong></span> 
     </span>
     <span class='ocr_line' id='line_1_58' title="bbox 138 3149 813 3226; baseline 0.003 -18"><span class='ocrx_word' id='word_1_362' title='bbox 138 3149 226 3208; x_wconf 85' lang='lat' dir='ltr'><strong>Israel</strong></span> <span class='ocrx_word' id='word_1_363' title='bbox 239 3151 268 3207; x_wconf 91' lang='lat' dir='ltr'><strong>in</strong></span> <span class='ocrx_word' id='word_1_364' title='bbox 284 3157 362 3207; x_wconf 86' lang='lat' dir='ltr'><strong>terra</strong></span> <span class='ocrx_word' id='word_1_365' title='bbox 378 3157 513 3224; x_wconf 82' lang='lat' dir='ltr'><strong>superest</strong></span> <span class='ocrx_word' id='word_1_366' title='bbox 527 3151 641 3209; x_wconf 88' lang='lat' dir='ltr'><strong>aliusne</strong></span> <span class='ocrx_word' id='word_1_367' title='bbox 661 3155 813 3226; x_wconf 86' lang='lat' dir='ltr'><strong>propbeta,</strong></span> 
     </span>
     <span class='ocr_line' id='line_1_59' title="bbox 150 3241 911 3314; baseline 0.004 -17"><span class='ocrx_word' id='word_1_368' title='bbox 150 3243 153 3248; x_wconf 82' lang='grc'><em>“</em></span> <span class='ocrx_word' id='word_1_369' title='bbox 171 3241 230 3298; x_wconf 83' lang='lat' dir='ltr'><strong>Rex</strong></span> <span class='ocrx_word' id='word_1_370' title='bbox 247 3241 392 3313; x_wconf 73' lang='lat' dir='ltr'><strong>iosaphat</strong></span> <span class='ocrx_word' id='word_1_371' title='bbox 408 3243 523 3314; x_wconf 72' lang='lat' dir='ltr'><strong>quaerit.</strong></span> <span class='ocrx_word' id='word_1_372' title='bbox 539 3243 622 3298; x_wconf 81' lang='lat' dir='ltr'><strong>&#39;luno</strong></span> <span class='ocrx_word' id='word_1_373' title='bbox 636 3243 736 3299; x_wconf 79' lang='lat' dir='ltr'><strong>Achab</strong></span> <span class='ocrx_word' id='word_1_374' title='bbox 750 3243 828 3300; x_wconf 87' lang='lat' dir='ltr'><strong>istud</strong></span> <span class='ocrx_word' id='word_1_375' title='bbox 844 3243 911 3300; x_wconf 86' lang='lat' dir='ltr'><strong>ait:</strong></span> 
     </span>
    </p>
   </div>
   <div class='ocr_carea' id='block_1_25' title="bbox 32 3331 962 3407">
    <p class='ocr_par' dir='ltr' id='par_1_26' title="bbox 32 3331 962 3407">
     <span class='ocr_line' id='line_1_60' title="bbox 32 3331 962 3407; baseline 0.008 -24"><span class='ocrx_word' id='word_1_376' title='bbox 32 3374 37 3383; x_wconf 89' lang='lat'>.</span> <span class='ocrx_word' id='word_1_377' title='bbox 136 3332 282 3403; x_wconf 77' lang='lat' dir='ltr'><strong>Prospera</strong></span> <span class='ocrx_word' id='word_1_378' title='bbox 295 3331 344 3404; x_wconf 91' lang='lat' dir='ltr'><strong>qul</strong></span> <span class='ocrx_word' id='word_1_379' title='bbox 363 3334 579 3402; x_wconf 89' lang='lat' dir='ltr'><strong>nunquam,sed</strong></span> <span class='ocrx_word' id='word_1_380' title='bbox 591 3333 962 3407; x_wconf 86' lang='lat' dir='ltr'><strong>semperdurapropbetat,</strong></span> 
     </span>
    </p>
   </div>
   <div class='ocr_carea' id='block_1_26' title="bbox 132 3419 960 4477">
    <p class='ocr_par' dir='ltr' id='par_1_27' title="bbox 132 3419 960 4477">
     <span class='ocr_line' id='line_1_61' title="bbox 173 3419 858 3494; baseline 0.003 -19"><span class='ocrx_word' id='word_1_381' title='bbox 173 3419 225 3476; x_wconf 74' lang='lat' dir='ltr'><strong>aar</strong></span> <span class='ocrx_word' id='word_1_382' title='bbox 240 3437 329 3491; x_wconf 87' lang='lat' dir='ltr'><strong>prope</strong></span> <span class='ocrx_word' id='word_1_383' title='bbox 342 3420 486 3476; x_wconf 75' lang='lat' dir='ltr'><strong>Micheas.</strong></span> <span class='ocrx_word' id='word_1_384' title='bbox 505 3421 601 3493; x_wconf 81' lang='lat' dir='ltr'><strong>Exigit</strong></span> <span class='ocrx_word' id='word_1_385' title='bbox 614 3421 692 3476; x_wconf 88' lang='lat' dir='ltr'><strong>bunc</strong></span> <span class='ocrx_word' id='word_1_386' title='bbox 706 3420 858 3494; x_wconf 77' lang='lat' dir='ltr'><strong>iosaphat.</strong></span> 
     </span>
     <span class='ocr_line' id='line_1_62' title="bbox 139 3507 917 3584; baseline 0.004 -18"><span class='ocrx_word' id='word_1_387' title='bbox 139 3507 265 3566; x_wconf 79' lang='lat' dir='ltr'><strong>Mittitur</strong></span> <span class='ocrx_word' id='word_1_388' title='bbox 279 3509 449 3577; x_wconf 88' lang='lat' dir='ltr'><strong>eunuchus,</strong></span> <span class='ocrx_word' id='word_1_389' title='bbox 466 3509 514 3580; x_wconf 91' lang='lat' dir='ltr'><strong>qui</strong></span> <span class='ocrx_word' id='word_1_390' title='bbox 534 3525 657 3581; x_wconf 84' lang='lat' dir='ltr'><strong>porgens</strong></span> <span class='ocrx_word' id='word_1_391' title='bbox 673 3509 794 3565; x_wconf 83' lang='lat' dir='ltr'><strong>advocat</strong></span> <span class='ocrx_word' id='word_1_392' title='bbox 808 3510 892 3569; x_wconf 88' lang='lat' dir='ltr'><strong>illum</strong></span> <span class='ocrx_word' id='word_1_393' title='bbox 910 3531 917 3584; x_wconf 90' lang='lat'>;</span> 
     </span>
     <span class='ocr_line' id='line_1_63' title="bbox 173 3597 765 3655; baseline 0.002 -1"><span class='ocrx_word' id='word_1_394' title='bbox 173 3598 208 3654; x_wconf 79' lang='lat' dir='ltr'><strong>tlt</strong></span> <span class='ocrx_word' id='word_1_395' title='bbox 224 3600 280 3654; x_wconf 88' lang='lat' dir='ltr'><strong>cito</strong></span> <span class='ocrx_word' id='word_1_396' title='bbox 293 3597 428 3653; x_wconf 81' lang='lat' dir='ltr'><strong>lllicbuas</strong></span> <span class='ocrx_word' id='word_1_397' title='bbox 445 3598 565 3652; x_wconf 88' lang='lat' dir='ltr'><strong>ducitur</strong></span> <span class='ocrx_word' id='word_1_398' title='bbox 580 3600 608 3652; x_wconf 88' lang='lat' dir='ltr'><strong>in</strong></span> <span class='ocrx_word' id='word_1_399' title='bbox 626 3598 765 3655; x_wconf 74' lang='lat' dir='ltr'><strong>mettium.</strong></span> 
     </span>
     <span class='ocr_line' id='line_1_64' title="bbox 136 3685 960 3766; baseline 0.01 -25"><span class='ocrx_word' id='word_1_400' title='bbox 136 3685 960 3766; x_wconf 77' lang='lat' dir='ltr'><strong>VisnaRamothalaudrespergere?Rexrtcbabiuqult:</strong></span> 
     </span>
     <span class='ocr_line' id='line_1_65' title="bbox 174 3775 775 3845; baseline 0.012 -15"><span class='ocrx_word' id='word_1_401' title='bbox 174 3775 298 3845; x_wconf 77' lang='lat' dir='ltr'><strong>Pergite,</strong></span> <span class='ocrx_word' id='word_1_402' title='bbox 316 3775 467 3841; x_wconf 78' lang='lat' dir='ltr'><strong>Michaeas,</strong></span> <span class='ocrx_word' id='word_1_403' title='bbox 483 3781 512 3831; x_wconf 91' lang='lat' dir='ltr'><strong>et</strong></span> <span class='ocrx_word' id='word_1_404' title='bbox 527 3776 600 3832; x_wconf 91' lang='lat' dir='ltr'><strong>bene</strong></span> <span class='ocrx_word' id='word_1_405' title='bbox 616 3777 708 3845; x_wconf 83' lang='lat' dir='ltr'><strong>cedet,</strong></span> <span class='ocrx_word' id='word_1_406' title='bbox 724 3779 775 3837; x_wconf 89' lang='lat' dir='ltr'><strong>ait.</strong></span> 
     </span>
     <span class='ocr_line' id='line_1_66' title="bbox 138 3863 894 3932; baseline 0.011 -13"><span class='ocrx_word' id='word_1_407' title='bbox 138 3863 198 3919; x_wconf 83' lang='lat' dir='ltr'><strong>Rex</strong></span> <span class='ocrx_word' id='word_1_408' title='bbox 211 3863 310 3919; x_wconf 79' lang='lat' dir='ltr'><strong>Achab</strong></span> <span class='ocrx_word' id='word_1_409' title='bbox 325 3864 440 3932; x_wconf 69' lang='lat' dir='ltr'><strong>alturus</strong></span> <span class='ocrx_word' id='word_1_410' title='bbox 457 3864 572 3921; x_wconf 87' lang='lat' dir='ltr'><strong>Domini</strong></span> <span class='ocrx_word' id='word_1_411' title='bbox 589 3868 645 3923; x_wconf 86' lang='lat' dir='ltr'><strong>sub</strong></span> <span class='ocrx_word' id='word_1_412' title='bbox 660 3869 778 3925; x_wconf 88' lang='lat' dir='ltr'><strong>nornine</strong></span> <span class='ocrx_word' id='word_1_413' title='bbox 792 3885 894 3927; x_wconf 87' lang='lat' dir='ltr'><strong>verum</strong></span> 
     </span>
     <span class='ocr_line' id='line_1_67' title="bbox 172 3952 821 4017; baseline 0.012 -8"><span class='ocrx_word' id='word_1_414' title='bbox 172 3952 273 4011; x_wconf 84' lang='lat' dir='ltr'><strong>Dicere</strong></span> <span class='ocrx_word' id='word_1_415' title='bbox 287 3953 449 4010; x_wconf 76' lang='lat' dir='ltr'><strong>Michaeam.</strong></span> <span class='ocrx_word' id='word_1_416' title='bbox 464 3954 546 4012; x_wconf 84' lang='lat' dir='ltr'><strong>Tunc</strong></span> <span class='ocrx_word' id='word_1_417' title='bbox 558 3957 599 4013; x_wconf 90' lang='lat' dir='ltr'><strong>ait</strong></span> <span class='ocrx_word' id='word_1_418' title='bbox 614 3957 662 4013; x_wconf 90' lang='lat' dir='ltr'><strong>hic</strong></span> <span class='ocrx_word' id='word_1_419' title='bbox 677 3959 712 4014; x_wconf 90' lang='lat' dir='ltr'><strong>ad</strong></span> <span class='ocrx_word' id='word_1_420' title='bbox 728 3976 797 4017; x_wconf 90' lang='lat' dir='ltr'><strong>eam</strong></span> <span class='ocrx_word' id='word_1_421' title='bbox 813 3976 821 4017; x_wconf 91' lang='lat'>:</span> 
     </span>
     <span class='ocr_line' id='line_1_68' title="bbox 135 4044 777 4119; baseline 0.011 -21"><span class='ocrx_word' id='word_1_422' title='bbox 135 4044 222 4100; x_wconf 84' lang='lat' dir='ltr'><strong>lsrael</strong></span> <span class='ocrx_word' id='word_1_423' title='bbox 236 4049 281 4100; x_wconf 88' lang='lat' dir='ltr'><strong>est</strong></span> <span class='ocrx_word' id='word_1_424' title='bbox 297 4044 391 4113; x_wconf 85' lang='lat' dir='ltr'><strong>risus,</strong></span> <span class='ocrx_word' id='word_1_425' title='bbox 406 4044 494 4100; x_wconf 81' lang='lat' dir='ltr'><strong>veluti</strong></span> <span class='ocrx_word' id='word_1_426' title='bbox 513 4051 630 4119; x_wconf 86' lang='lat' dir='ltr'><strong>pastore</strong></span> <span class='ocrx_word' id='word_1_427' title='bbox 645 4054 777 4105; x_wconf 88' lang='lat' dir='ltr'><strong>carentes</strong></span> 
     </span>
     <span class='ocr_line' id='line_1_69' title="bbox 171 4132 829 4208; baseline 0.011 -20"><span class='ocrx_word' id='word_1_428' title='bbox 171 4133 216 4190; x_wconf 87' lang='lat' dir='ltr'><strong>iro</strong></span> <span class='ocrx_word' id='word_1_429' title='bbox 231 4132 327 4191; x_wconf 87' lang='lat' dir='ltr'><strong>solent</strong></span> <span class='ocrx_word' id='word_1_430' title='bbox 340 4136 465 4207; x_wconf 78' lang='lat' dir='ltr'><strong>sparsim</strong></span> <span class='ocrx_word' id='word_1_431' title='bbox 479 4152 529 4206; x_wconf 93' lang='lat' dir='ltr'><strong>per</strong></span> <span class='ocrx_word' id='word_1_432' title='bbox 544 4138 613 4208; x_wconf 83' lang='lat' dir='ltr'><strong>juga</strong></span> <span class='ocrx_word' id='word_1_433' title='bbox 629 4138 737 4193; x_wconf 89' lang='lat' dir='ltr'><strong>montis</strong></span> <span class='ocrx_word' id='word_1_434' title='bbox 751 4155 829 4196; x_wconf 89' lang='lat' dir='ltr'><strong>oves.</strong></span> 
     </span>
     <span class='ocr_line' id='line_1_70' title="bbox 136 4222 957 4300; baseline 0.01 -21"><span class='ocrx_word' id='word_1_435' title='bbox 136 4223 239 4280; x_wconf 72' lang='lat'><strong>12⁰2</strong></span> <span class='ocrx_word' id='word_1_436' title='bbox 256 4223 287 4279; x_wconf 91' lang='lat' dir='ltr'><strong>ln</strong></span> <span class='ocrx_word' id='word_1_437' title='bbox 304 4222 376 4280; x_wconf 91' lang='lat' dir='ltr'><strong>solio</strong></span> <span class='ocrx_word' id='word_1_438' title='bbox 396 4222 473 4280; x_wconf 88' lang='lat' dir='ltr'><strong>celso</strong></span> <span class='ocrx_word' id='word_1_439' title='bbox 488 4224 621 4282; x_wconf 85' lang='lat' dir='ltr'><strong>residens</strong></span> <span class='ocrx_word' id='word_1_440' title='bbox 635 4227 766 4284; x_wconf 84' lang='lat' dir='ltr'><strong>Deusest</strong></span> <span class='ocrx_word' id='word_1_441' title='bbox 782 4226 957 4300; x_wconf 88' lang='lat' dir='ltr'><strong>mibivisus;</strong></span> 
     </span>
     <span class='ocr_line' id='line_1_71' title="bbox 162 4311 800 4386; baseline 0.008 -18"><span class='ocrx_word' id='word_1_442' title='bbox 162 4311 273 4368; x_wconf 78' lang='lat' dir='ltr'><strong>Multus</strong></span> <span class='ocrx_word' id='word_1_443' title='bbox 288 4315 317 4368; x_wconf 87' lang='lat' dir='ltr'><strong>et</strong></span> <span class='ocrx_word' id='word_1_444' title='bbox 331 4312 446 4369; x_wconf 85' lang='lat' dir='ltr'><strong>astabat</strong></span> <span class='ocrx_word' id='word_1_445' title='bbox 460 4313 618 4386; x_wconf 84' lang='lat' dir='ltr'><strong>spirituum</strong></span> <span class='ocrx_word' id='word_1_446' title='bbox 635 4332 777 4372; x_wconf 90' lang='lat' dir='ltr'><strong>numerus</strong></span> <span class='ocrx_word' id='word_1_447' title='bbox 793 4334 800 4374; x_wconf 92' lang='lat'><strong>:</strong></span> 
     </span>
     <span class='ocr_line' id='line_1_72' title="bbox 132 4401 958 4477; baseline 0.01 -19"><span class='ocrx_word' id='word_1_448' title='bbox 132 4401 413 4476; x_wconf 75' lang='lat' dir='ltr'><strong>Pracipi0t[melius</strong></span> <span class='ocrx_word' id='word_1_449' title='bbox 432 4402 573 4477; x_wconf 87' lang='lat' dir='ltr'><strong>Decipiet]</strong></span> <span class='ocrx_word' id='word_1_450' title='bbox 603 4405 670 4477; x_wconf 90' lang='lat' dir='ltr'><strong>quis</strong></span> <span class='ocrx_word' id='word_1_451' title='bbox 698 4406 799 4464; x_wconf 77' lang='lat' dir='ltr'><strong>Achab</strong></span> <span class='ocrx_word' id='word_1_452' title='bbox 827 4411 958 4466; x_wconf 86' lang='lat' dir='ltr'><strong>vestrum</strong></span> 
     </span>
    </p>
   </div>
   <div class='ocr_carea' id='block_1_27' title="bbox 1018 2703 1762 3128">
    <p class='ocr_par' dir='ltr' id='par_1_28' title="bbox 1018 2703 1762 2867">
     <span class='ocr_line' id='line_1_73' title="bbox 1054 2703 1762 2776; baseline -0.001 -16"><span class='ocrx_word' id='word_1_453' title='bbox 1054 2703 1215 2760; x_wconf 84' lang='lat' dir='ltr'><strong>Beelzebub</strong></span> <span class='ocrx_word' id='word_1_454' title='bbox 1231 2721 1267 2760; x_wconf 89' lang='lat' dir='ltr'><strong>sn</strong></span> <span class='ocrx_word' id='word_1_455' title='bbox 1284 2720 1373 2776; x_wconf 91' lang='lat' dir='ltr'><strong>prope</strong></span> <span class='ocrx_word' id='word_1_456' title='bbox 1384 2704 1423 2759; x_wconf 92' lang='lat' dir='ltr'><strong>sil</strong></span> <span class='ocrx_word' id='word_1_457' title='bbox 1436 2718 1516 2758; x_wconf 89' lang='lat' dir='ltr'><strong>mors</strong></span> <span class='ocrx_word' id='word_1_458' title='bbox 1530 2707 1581 2759; x_wconf 88' lang='lat' dir='ltr'><strong>tua</strong></span> <span class='ocrx_word' id='word_1_459' title='bbox 1596 2703 1762 2759; x_wconf 84' lang='lat' dir='ltr'><strong>consulere.</strong></span> 
     </span>
     <span class='ocr_line' id='line_1_74' title="bbox 1018 2791 1677 2867; baseline -0.006 -17"><span class='ocrx_word' id='word_1_460' title='bbox 1018 2793 1150 2867; x_wconf 79' lang='lat' dir='ltr'><strong>Angelus</strong></span> <span class='ocrx_word' id='word_1_461' title='bbox 1166 2793 1257 2850; x_wconf 74' lang='lat' dir='ltr'><strong>liliam</strong></span> <span class='ocrx_word' id='word_1_462' title='bbox 1275 2792 1395 2849; x_wconf 79' lang='lat' dir='ltr'><strong>famulis</strong></span> <span class='ocrx_word' id='word_1_463' title='bbox 1411 2808 1561 2849; x_wconf 88' lang='lat' dir='ltr'><strong>occurrere</strong></span> <span class='ocrx_word' id='word_1_464' title='bbox 1571 2791 1677 2864; x_wconf 75' lang='lat' dir='ltr'><strong>jussit,</strong></span> 
     </span>
    </p>

    <p class='ocr_par' dir='ltr' id='par_1_29' title="bbox 1019 2881 1703 3041">
     <span class='ocr_line' id='line_1_75' title="bbox 1055 2881 1643 2955; baseline 0 -17"><span class='ocrx_word' id='word_1_465' title='bbox 1055 2887 1089 2938; x_wconf 86' lang='lat' dir='ltr'><strong>Et</strong></span> <span class='ocrx_word' id='word_1_466' title='bbox 1103 2883 1181 2955; x_wconf 93' lang='lat' dir='ltr'><strong>quod</strong></span> <span class='ocrx_word' id='word_1_467' title='bbox 1198 2883 1240 2939; x_wconf 87' lang='lat' dir='ltr'><strong>eis</strong></span> <span class='ocrx_word' id='word_1_468' title='bbox 1256 2882 1375 2938; x_wconf 84' lang='lat' dir='ltr'><strong>verbum</strong></span> <span class='ocrx_word' id='word_1_469' title='bbox 1392 2881 1502 2938; x_wconf 87' lang='lat' dir='ltr'><strong>diceret</strong></span> <span class='ocrx_word' id='word_1_470' title='bbox 1516 2881 1643 2938; x_wconf 88' lang='lat' dir='ltr'><strong>edocuit.</strong></span> 
     </span>
     <span class='ocr_line' id='line_1_76' title="bbox 1019 2970 1703 3041; baseline -0.003 -10"><span class='ocrx_word' id='word_1_471' title='bbox 1019 2973 1130 3031; x_wconf 89' lang='lat' dir='ltr'><strong>Obvius</strong></span> <span class='ocrx_word' id='word_1_472' title='bbox 1147 2970 1224 3028; x_wconf 87' lang='lat' dir='ltr'><strong>Elias</strong></span> <span class='ocrx_word' id='word_1_473' title='bbox 1238 2971 1357 3029; x_wconf 78' lang='lat' dir='ltr'><strong>famulis</strong></span> <span class='ocrx_word' id='word_1_474' title='bbox 1373 2973 1413 3028; x_wconf 90' lang='lat' dir='ltr'><strong>ait</strong></span> <span class='ocrx_word' id='word_1_475' title='bbox 1432 2989 1439 3029; x_wconf 92' lang='lat'>:</span> <span class='ocrx_word' id='word_1_476' title='bbox 1455 2973 1505 3029; x_wconf 86' lang='lat' dir='ltr'><strong>ilat</strong></span> <span class='ocrx_word' id='word_1_477' title='bbox 1521 2974 1596 3029; x_wconf 85' lang='lat' dir='ltr'><strong>[leus</strong></span> <span class='ocrx_word' id='word_1_478' title='bbox 1613 2989 1703 3041; x_wconf 92' lang='lat' dir='ltr'><strong>uuus,</strong></span> 
     </span>
    </p>

    <p class='ocr_par' dir='ltr' id='par_1_30' title="bbox 1055 3060 1705 3128">
     <span class='ocr_line' id='line_1_77' title="bbox 1055 3060 1705 3128; baseline 0.002 -11"><span class='ocrx_word' id='word_1_479' title='bbox 1055 3062 1109 3126; x_wconf 85' lang='lat' dir='ltr'><strong>Oui</strong></span> <span class='ocrx_word' id='word_1_480' title='bbox 1124 3061 1202 3118; x_wconf 87' lang='lat' dir='ltr'><strong>Deus</strong></span> <span class='ocrx_word' id='word_1_481' title='bbox 1218 3060 1308 3118; x_wconf 86' lang='lat' dir='ltr'><strong>lsrael</strong></span> <span class='ocrx_word' id='word_1_482' title='bbox 1324 3066 1378 3128; x_wconf 85' lang='lat' dir='ltr'><strong>est,</strong></span> <span class='ocrx_word' id='word_1_483' title='bbox 1395 3076 1447 3118; x_wconf 90' lang='lat' dir='ltr'><strong>uec</strong></span> <span class='ocrx_word' id='word_1_484' title='bbox 1467 3067 1543 3119; x_wconf 87' lang='lat' dir='ltr'><strong>Deus</strong></span> <span class='ocrx_word' id='word_1_485' title='bbox 1558 3064 1603 3118; x_wconf 90' lang='lat' dir='ltr'><strong>est</strong></span> <span class='ocrx_word' id='word_1_486' title='bbox 1618 3061 1705 3118; x_wconf 90' lang='lat' dir='ltr'><strong>alius.</strong></span> 
     </span>
    </p>
   </div>
   <div class='ocr_carea' id='block_1_28' title="bbox 981 3135 1796 3224">
    <p class='ocr_par' dir='ltr' id='par_1_31' title="bbox 981 3135 1796 3224">
     <span class='ocr_line' id='line_1_78' title="bbox 981 3135 1796 3224; baseline 0.004 -20"><span class='ocrx_word' id='word_1_487' title='bbox 981 3135 1004 3204; x_wconf 82' lang='lat' dir='ltr'>C</span> <span class='ocrx_word' id='word_1_488' title='bbox 1018 3151 1177 3209; x_wconf 87' lang='lat' dir='ltr'><strong>Beelzebub</strong></span> <span class='ocrx_word' id='word_1_489' title='bbox 1193 3168 1257 3209; x_wconf 87' lang='lat' dir='ltr'><strong>esse</strong></span> <span class='ocrx_word' id='word_1_490' title='bbox 1273 3151 1350 3208; x_wconf 86' lang='lat' dir='ltr'><strong>Deus</strong></span> <span class='ocrx_word' id='word_1_491' title='bbox 1366 3151 1436 3224; x_wconf 89' lang='lat' dir='ltr'><strong>quia</strong></span> <span class='ocrx_word' id='word_1_492' title='bbox 1449 3152 1577 3208; x_wconf 88' lang='lat' dir='ltr'><strong>creditus</strong></span> <span class='ocrx_word' id='word_1_493' title='bbox 1592 3155 1638 3207; x_wconf 90' lang='lat' dir='ltr'><strong>ast</strong></span> <span class='ocrx_word' id='word_1_494' title='bbox 1652 3149 1796 3222; x_wconf 76' lang='lat' dir='ltr'><strong>Oebaris,</strong></span> 
     </span>
    </p>
   </div>
   <div class='ocr_carea' id='block_1_29' title="bbox 1012 3239 1841 4484">
    <p class='ocr_par' dir='ltr' id='par_1_32' title="bbox 1012 3239 1841 4484">
     <span class='ocr_line' id='line_1_79' title="bbox 1052 3239 1704 3314; baseline 0.002 -18"><span class='ocrx_word' id='word_1_495' title='bbox 1052 3240 1087 3296; x_wconf 81' lang='lat' dir='ltr'><strong>Et</strong></span> <span class='ocrx_word' id='word_1_496' title='bbox 1097 3241 1168 3314; x_wconf 86' lang='lat' dir='ltr'><strong>quia</strong></span> <span class='ocrx_word' id='word_1_497' title='bbox 1183 3239 1265 3297; x_wconf 88' lang='lat' dir='ltr'><strong>misit</strong></span> <span class='ocrx_word' id='word_1_498' title='bbox 1280 3257 1331 3296; x_wconf 86' lang='lat' dir='ltr'><strong>vos</strong></span> <span class='ocrx_word' id='word_1_499' title='bbox 1342 3240 1421 3296; x_wconf 90' lang='lat' dir='ltr'><strong>buno</strong></span> <span class='ocrx_word' id='word_1_500' title='bbox 1436 3239 1523 3297; x_wconf 92' lang='lat' dir='ltr'><strong>modo</strong></span> <span class='ocrx_word' id='word_1_501' title='bbox 1539 3240 1704 3309; x_wconf 87' lang='lat' dir='ltr'><strong>consulere,</strong></span> 
     </span>
     <span class='ocr_line' id='line_1_80' title="bbox 1015 3329 1778 3401; baseline -0.001 -14"><span class='ocrx_word' id='word_1_502' title='bbox 1015 3330 1108 3387; x_wconf 87' lang='lat' dir='ltr'><strong>Dicite</strong></span> <span class='ocrx_word' id='word_1_503' title='bbox 1124 3331 1201 3401; x_wconf 91' lang='lat' dir='ltr'><strong>quod</strong></span> <span class='ocrx_word' id='word_1_504' title='bbox 1218 3334 1343 3401; x_wconf 84' lang='lat' dir='ltr'><strong>nequeat</strong></span> <span class='ocrx_word' id='word_1_505' title='bbox 1358 3345 1530 3386; x_wconf 86' lang='lat' dir='ltr'><strong>succurrere</strong></span> <span class='ocrx_word' id='word_1_506' title='bbox 1542 3329 1705 3388; x_wconf 82' lang='lat' dir='ltr'><strong>Beelzebub</strong></span> <span class='ocrx_word' id='word_1_507' title='bbox 1722 3329 1778 3400; x_wconf 90' lang='lat' dir='ltr'><strong>illi,</strong></span> 
     </span>
     <span class='ocr_line' id='line_1_81' title="bbox 1052 3419 1658 3492; baseline 0.002 -16"><span class='ocrx_word' id='word_1_508' title='bbox 1052 3420 1107 3476; x_wconf 85' lang='lat' dir='ltr'><strong>Sed</strong></span> <span class='ocrx_word' id='word_1_509' title='bbox 1124 3419 1237 3475; x_wconf 83' lang='lat' dir='ltr'><strong>Domini</strong></span> <span class='ocrx_word' id='word_1_510' title='bbox 1250 3420 1339 3491; x_wconf 86' lang='lat' dir='ltr'><strong>jussu</strong></span> <span class='ocrx_word' id='word_1_511' title='bbox 1357 3436 1436 3476; x_wconf 85' lang='lat' dir='ltr'><strong>mors</strong></span> <span class='ocrx_word' id='word_1_512' title='bbox 1453 3436 1542 3492; x_wconf 89' lang='lat' dir='ltr'><strong>prope</strong></span> <span class='ocrx_word' id='word_1_513' title='bbox 1557 3420 1606 3476; x_wconf 89' lang='lat' dir='ltr'><strong>llet</strong></span> <span class='ocrx_word' id='word_1_514' title='bbox 1619 3421 1658 3477; x_wconf 89' lang='lat' dir='ltr'><strong>ei.</strong></span> 
     </span>
     <span class='ocr_line' id='line_1_82' title="bbox 1016 3508 1667 3566; baseline 0 -2"><span class='ocrx_word' id='word_1_515' title='bbox 1016 3512 1126 3565; x_wconf 86' lang='lat' dir='ltr'><strong>Tamen</strong></span> <span class='ocrx_word' id='word_1_516' title='bbox 1143 3515 1176 3565; x_wconf 90' lang='lat' dir='ltr'><strong>ut</strong></span> <span class='ocrx_word' id='word_1_517' title='bbox 1190 3508 1256 3564; x_wconf 82' lang='lat' dir='ltr'><strong>Eliae</strong></span> <span class='ocrx_word' id='word_1_518' title='bbox 1274 3508 1376 3565; x_wconf 87' lang='lat' dir='ltr'><strong>l&#39;amuli</strong></span> <span class='ocrx_word' id='word_1_519' title='bbox 1392 3511 1522 3566; x_wconf 88' lang='lat' dir='ltr'><strong>relerunt</strong></span> <span class='ocrx_word' id='word_1_520' title='bbox 1537 3508 1667 3566; x_wconf 75' lang='lat' dir='ltr'><strong>choziaa</strong></span> 
     </span>
     <span class='ocr_line' id='line_1_83' title="bbox 1051 3598 1841 3674; baseline 0.003 -18"><span class='ocrx_word' id='word_1_521' title='bbox 1051 3598 1111 3656; x_wconf 83' lang='lat' dir='ltr'><strong>Rex</strong></span> <span class='ocrx_word' id='word_1_522' title='bbox 1125 3598 1259 3655; x_wconf 88' lang='lat' dir='ltr'><strong>homiues</strong></span> <span class='ocrx_word' id='word_1_523' title='bbox 1274 3599 1307 3672; x_wconf 75' lang='lat' dir='ltr'><strong>[s.</strong></span> <span class='ocrx_word' id='word_1_524' title='bbox 1324 3598 1444 3672; x_wconf 88' lang='lat' dir='ltr'><strong>milites]</strong></span> <span class='ocrx_word' id='word_1_525' title='bbox 1463 3600 1562 3667; x_wconf 87' lang='lat' dir='ltr'><strong>mittit,</strong></span> <span class='ocrx_word' id='word_1_526' title='bbox 1578 3599 1719 3674; x_wconf 81' lang='lat' dir='ltr'><strong>huncque</strong></span> <span class='ocrx_word' id='word_1_527' title='bbox 1745 3600 1841 3658; x_wconf 82' lang='lat' dir='ltr'><strong>venire</strong></span> 
     </span>
     <span class='ocr_line' id='line_1_84' title="bbox 1746 3689 1840 3763; baseline -0.011 -16"><span class='ocrx_word' id='word_1_528' title='bbox 1746 3689 1840 3763; x_wconf 89' lang='lat' dir='ltr'><strong>[petit.</strong></span> 
     </span>
     <span class='ocr_line' id='line_1_85' title="bbox 1014 3776 1769 3852; baseline 0 -17"><span class='ocrx_word' id='word_1_529' title='bbox 1014 3781 1085 3835; x_wconf 85' lang='lat' dir='ltr'><strong>cum</strong></span> <span class='ocrx_word' id='word_1_530' title='bbox 1101 3776 1198 3834; x_wconf 90' lang='lat' dir='ltr'><strong>decies</strong></span> <span class='ocrx_word' id='word_1_531' title='bbox 1208 3776 1307 3845; x_wconf 86' lang='lat' dir='ltr'><strong>quinis</strong></span> <span class='ocrx_word' id='word_1_532' title='bbox 1322 3776 1459 3851; x_wconf 85' lang='lat' dir='ltr'><strong>princeps</strong></span> <span class='ocrx_word' id='word_1_533' title='bbox 1475 3777 1641 3851; x_wconf 86' lang='lat' dir='ltr'><strong>properavit</strong></span> <span class='ocrx_word' id='word_1_534' title='bbox 1654 3795 1769 3852; x_wconf 89' lang='lat' dir='ltr'><strong>eorum,</strong></span> 
     </span>
     <span class='ocr_line' id='line_1_86' title="bbox 1050 3866 1641 3940; baseline 0.003 -18"><span class='ocrx_word' id='word_1_535' title='bbox 1050 3866 1104 3934; x_wconf 85' lang='lat' dir='ltr'><strong>Qui</strong></span> <span class='ocrx_word' id='word_1_536' title='bbox 1117 3873 1201 3924; x_wconf 85' lang='lat' dir='ltr'><strong>vocat</strong></span> <span class='ocrx_word' id='word_1_537' title='bbox 1215 3866 1308 3924; x_wconf 79' lang='lat' dir='ltr'><strong>ultam</strong></span> <span class='ocrx_word' id='word_1_538' title='bbox 1325 3867 1401 3939; x_wconf 81' lang='lat' dir='ltr'><strong>regis</strong></span> <span class='ocrx_word' id='word_1_539' title='bbox 1417 3869 1452 3924; x_wconf 88' lang='lat' dir='ltr'><strong>ad</strong></span> <span class='ocrx_word' id='word_1_540' title='bbox 1470 3867 1641 3940; x_wconf 87' lang='lat' dir='ltr'><strong>alloquium.</strong></span> 
     </span>
     <span class='ocr_line' id='line_1_87' title="bbox 1015 3957 1841 4034; baseline 0.005 -23"><span class='ocrx_word' id='word_1_541' title='bbox 1015 3963 1170 4016; x_wconf 75' lang='lat' dir='ltr'><strong>ammovet</strong></span> <span class='ocrx_word' id='word_1_542' title='bbox 1183 3958 1349 4032; x_wconf 78' lang='lat' dir='ltr'><strong>[Admonet]</strong></span> <span class='ocrx_word' id='word_1_543' title='bbox 1360 3958 1448 4015; x_wconf 82' lang='lat' dir='ltr'><strong>Ellam</strong></span> <span class='ocrx_word' id='word_1_544' title='bbox 1464 3958 1601 4032; x_wconf 90' lang='lat' dir='ltr'><strong>princeps</strong></span> <span class='ocrx_word' id='word_1_545' title='bbox 1616 3974 1740 4032; x_wconf 86' lang='lat' dir='ltr'><strong>puerum</strong></span> <span class='ocrx_word' id='word_1_546' title='bbox 1755 3957 1841 4034; x_wconf 88' lang='lat' dir='ltr'><strong>qussi</strong></span> 
     </span>
     <span class='ocr_line' id='line_1_88' title="bbox 1729 4048 1841 4122; baseline 0.009 -17"><span class='ocrx_word' id='word_1_547' title='bbox 1729 4048 1841 4122; x_wconf 71' lang='lat' dir='ltr'><strong>lutam,</strong></span> 
     </span>
     <span class='ocr_line' id='line_1_89' title="bbox 1050 4137 1771 4210; baseline 0.008 -18"><span class='ocrx_word' id='word_1_548' title='bbox 1050 4137 1279 4210; x_wconf 83' lang='lat' dir='ltr'><strong>Despicieusque</strong></span> <span class='ocrx_word' id='word_1_549' title='bbox 1294 4138 1345 4195; x_wconf 87' lang='lat' dir='ltr'><strong>Dei</strong></span> <span class='ocrx_word' id='word_1_550' title='bbox 1361 4137 1496 4195; x_wconf 90' lang='lat' dir='ltr'><strong>nominat</strong></span> <span class='ocrx_word' id='word_1_551' title='bbox 1510 4139 1589 4199; x_wconf 92' lang='lat' dir='ltr'><strong>hunc</strong></span> <span class='ocrx_word' id='word_1_552' title='bbox 1605 4139 1771 4198; x_wconf 89' lang='lat' dir='ltr'><strong>bominem.</strong></span> 
     </span>
     <span class='ocr_line' id='line_1_90' title="bbox 1013 4225 1655 4300; baseline 0.009 -18"><span class='ocrx_word' id='word_1_553' title='bbox 1013 4225 1132 4283; x_wconf 85' lang='lat' dir='ltr'><strong>leitus</strong></span> <span class='ocrx_word' id='word_1_554' title='bbox 1143 4226 1220 4284; x_wconf 81' lang='lat' dir='ltr'><strong>Elias</strong></span> <span class='ocrx_word' id='word_1_555' title='bbox 1235 4226 1302 4284; x_wconf 89' lang='lat' dir='ltr'><strong>lecit</strong></span> <span class='ocrx_word' id='word_1_556' title='bbox 1317 4229 1494 4286; x_wconf 88' lang='lat' dir='ltr'><strong>descendere</strong></span> <span class='ocrx_word' id='word_1_557' title='bbox 1509 4229 1655 4300; x_wconf 83' lang='lat' dir='ltr'><strong>llammas,</strong></span> 
     </span>
     <span class='ocr_line' id='line_1_91' title="bbox 1049 4314 1688 4390; baseline 0.006 -18"><span class='ocrx_word' id='word_1_558' title='bbox 1049 4314 1129 4373; x_wconf 90' lang='lat' dir='ltr'><strong>llnde</strong></span> <span class='ocrx_word' id='word_1_559' title='bbox 1145 4316 1220 4388; x_wconf 90' lang='lat' dir='ltr'><strong>perit</strong></span> <span class='ocrx_word' id='word_1_560' title='bbox 1233 4316 1371 4389; x_wconf 89' lang='lat' dir='ltr'><strong>princeps</strong></span> <span class='ocrx_word' id='word_1_561' title='bbox 1384 4323 1473 4390; x_wconf 85' lang='lat' dir='ltr'><strong>atque</strong></span> <span class='ocrx_word' id='word_1_562' title='bbox 1489 4319 1535 4376; x_wconf 91' lang='lat' dir='ltr'><strong>sui</strong></span> <span class='ocrx_word' id='word_1_563' title='bbox 1553 4319 1688 4377; x_wconf 88' lang='lat' dir='ltr'><strong>comites.</strong></span> 
     </span>
     <span class='ocr_line' id='line_1_92' title="bbox 1012 4404 1836 4484; baseline 0.002 -22"><span class='ocrx_word' id='word_1_564' title='bbox 1012 4404 1085 4462; x_wconf 83' lang='lat' dir='ltr'><strong>Cum</strong></span> <span class='ocrx_word' id='word_1_565' title='bbox 1093 4404 1216 4462; x_wconf 91' lang='lat' dir='ltr'><strong>totidem</strong></span> <span class='ocrx_word' id='word_1_566' title='bbox 1228 4404 1617 4481; x_wconf 88' lang='lat' dir='ltr'><strong>princepsvenitalter,quos</strong></span> <span class='ocrx_word' id='word_1_567' title='bbox 1628 4407 1836 4484; x_wconf 74' lang='lat' dir='ltr'><strong>cromatipnis:</strong></span> 
     </span>
    </p>
   </div>
   <div class='ocr_carea' id='block_1_30' title="bbox 574 4493 1727 4570">
    <p class='ocr_par' dir='ltr' id='par_1_33' title="bbox 574 4493 1727 4570">
     <span class='ocr_line' id='line_1_93' title="bbox 574 4493 1727 4570; baseline 0.006 -20"><span class='ocrx_word' id='word_1_568' title='bbox 574 4494 664 4567; x_wconf 85' lang='lat' dir='ltr'><strong>[Deus</strong></span> <span class='ocrx_word' id='word_1_569' title='bbox 680 4495 818 4554; x_wconf 90' lang='lat' dir='ltr'><strong>omuibus</strong></span> <span class='ocrx_word' id='word_1_570' title='bbox 832 4500 930 4570; x_wconf 88' lang='lat' dir='ltr'><strong>iuquit</strong></span> <span class='ocrx_word' id='word_1_571' title='bbox 945 4494 997 4560; x_wconf 82' lang='lat' dir='ltr'><strong>‘lli</strong></span> <span class='ocrx_word' id='word_1_572' title='bbox 1048 4495 1164 4552; x_wconf 82' lang='lat' dir='ltr'><strong>Tertius</strong></span> <span class='ocrx_word' id='word_1_573' title='bbox 1179 4497 1224 4551; x_wconf 87' lang='lat' dir='ltr'><strong>est</strong></span> <span class='ocrx_word' id='word_1_574' title='bbox 1238 4493 1357 4559; x_wconf 88' lang='lat' dir='ltr'><strong>salvus;</strong></span> <span class='ocrx_word' id='word_1_575' title='bbox 1374 4514 1440 4553; x_wconf 88' lang='lat' dir='ltr'><strong>nam</strong></span> <span class='ocrx_word' id='word_1_576' title='bbox 1459 4498 1513 4554; x_wconf 91' lang='lat' dir='ltr'><strong>luit</strong></span> <span class='ocrx_word' id='word_1_577' title='bbox 1528 4498 1576 4556; x_wconf 90' lang='lat' dir='ltr'><strong>bic</strong></span> <span class='ocrx_word' id='word_1_578' title='bbox 1591 4497 1727 4557; x_wconf 83' lang='lat' dir='ltr'><strong>humilis.</strong></span> 
     </span>
    </p>
   </div>
   <div class='ocr_carea' id='block_1_31' title="bbox 131 4580 853 5010">
    <p class='ocr_par' dir='ltr' id='par_1_34' title="bbox 131 4580 853 5010">
     <span class='ocr_line' id='line_1_94' title="bbox 158 4580 779 4657; baseline 0.013 -21"><span class='ocrx_word' id='word_1_579' title='bbox 158 4580 242 4637; x_wconf 84' lang='lat' dir='ltr'><strong>Hunc</strong></span> <span class='ocrx_word' id='word_1_580' title='bbox 257 4597 310 4653; x_wconf 81' lang='lat' dir='ltr'><strong>ego</strong></span> <span class='ocrx_word' id='word_1_581' title='bbox 326 4582 482 4655; x_wconf 86' lang='lat' dir='ltr'><strong>decipiam,</strong></span> <span class='ocrx_word' id='word_1_582' title='bbox 498 4584 622 4657; x_wconf 88' lang='lat' dir='ltr'><strong>spiritus</strong></span> <span class='ocrx_word' id='word_1_583' title='bbox 639 4602 716 4642; x_wconf 91' lang='lat' dir='ltr'><strong>unus</strong></span> <span class='ocrx_word' id='word_1_584' title='bbox 728 4585 779 4644; x_wconf 85' lang='lat' dir='ltr'><strong>ait.</strong></span> 
     </span>
     <span class='ocr_line' id='line_1_95' title="bbox 132 4670 827 4748; baseline 0.012 -23"><span class='ocrx_word' id='word_1_585' title='bbox 132 4673 154 4725; x_wconf 79' lang='grc' dir='ltr'><strong>Α</strong></span> <span class='ocrx_word' id='word_1_586' title='bbox 173 4670 294 4727; x_wconf 86' lang='lat' dir='ltr'><strong>Domino</strong></span> <span class='ocrx_word' id='word_1_587' title='bbox 306 4671 410 4742; x_wconf 89' lang='lat' dir='ltr'><strong>jussus</strong></span> <span class='ocrx_word' id='word_1_588' title='bbox 427 4689 580 4746; x_wconf 88' lang='lat' dir='ltr'><strong>perquem</strong></span> <span class='ocrx_word' id='word_1_589' title='bbox 597 4680 628 4731; x_wconf 93' lang='lat' dir='ltr'><strong>tu</strong></span> <span class='ocrx_word' id='word_1_590' title='bbox 645 4675 827 4748; x_wconf 76' lang='lat' dir='ltr'><strong>decipiaris?</strong></span> 
     </span>
     <span class='ocr_line' id='line_1_96' title="bbox 156 4759 853 4839; baseline 0.009 -23"><span class='ocrx_word' id='word_1_591' title='bbox 156 4759 286 4831; x_wconf 87' lang='lat' dir='ltr'><strong>Spiritus</strong></span> <span class='ocrx_word' id='word_1_592' title='bbox 301 4767 347 4816; x_wconf 89' lang='lat' dir='ltr'><strong>eat</strong></span> <span class='ocrx_word' id='word_1_593' title='bbox 363 4763 488 4818; x_wconf 81' lang='lat' dir='ltr'><strong>mandax</strong></span> <span class='ocrx_word' id='word_1_594' title='bbox 504 4764 619 4819; x_wconf 88' lang='lat' dir='ltr'><strong>vatibus</strong></span> <span class='ocrx_word' id='word_1_595' title='bbox 634 4780 698 4820; x_wconf 88' lang='lat' dir='ltr'><strong>esse</strong></span> <span class='ocrx_word' id='word_1_596' title='bbox 713 4765 772 4821; x_wconf 89' lang='lat' dir='ltr'><strong>tuis</strong></span> <span class='ocrx_word' id='word_1_597' title='bbox 787 4766 853 4839; x_wconf 64' lang='lat'><strong>(59).</strong></span> 
     </span>
     <span class='ocr_line' id='line_1_97' title="bbox 131 4849 801 4909; baseline 0.007 -5"><span class='ocrx_word' id='word_1_598' title='bbox 131 4850 195 4905; x_wconf 84' lang='lat' dir='ltr'><strong>Mox</strong></span> <span class='ocrx_word' id='word_1_599' title='bbox 211 4850 261 4905; x_wconf 93' lang='lat' dir='ltr'><strong>ubi</strong></span> <span class='ocrx_word' id='word_1_600' title='bbox 278 4849 404 4906; x_wconf 71' lang='lat' dir='ltr'><strong>urenae</strong></span> <span class='ocrx_word' id='word_1_601' title='bbox 421 4849 536 4906; x_wconf 83' lang='lat' dir='ltr'><strong>maxilla</strong></span> <span class='ocrx_word' id='word_1_602' title='bbox 551 4868 639 4907; x_wconf 85' lang='lat' dir='ltr'><strong>manu</strong></span> <span class='ocrx_word' id='word_1_603' title='bbox 654 4852 801 4909; x_wconf 83' lang='lat' dir='ltr'><strong>sedechias</strong></span> 
     </span>
     <span class='ocr_line' id='line_1_98' title="bbox 159 4938 742 5010; baseline 0.012 -18"><span class='ocrx_word' id='word_1_604' title='bbox 159 4939 270 4996; x_wconf 75' lang='lat' dir='ltr'><strong>aeriter</strong></span> <span class='ocrx_word' id='word_1_605' title='bbox 285 4939 343 4993; x_wconf 87' lang='lat' dir='ltr'><strong>icta</strong></span> <span class='ocrx_word' id='word_1_606' title='bbox 356 4938 422 5006; x_wconf 85' lang='lat' dir='ltr'><strong>luit,</strong></span> <span class='ocrx_word' id='word_1_607' title='bbox 441 4940 605 5010; x_wconf 87' lang='lat' dir='ltr'><strong>percutiens</strong></span> <span class='ocrx_word' id='word_1_608' title='bbox 618 4940 661 4995; x_wconf 90' lang='lat' dir='ltr'><strong>vir</strong></span> <span class='ocrx_word' id='word_1_609' title='bbox 676 4941 717 4997; x_wconf 92' lang='lat' dir='ltr'><strong>ait</strong></span> <span class='ocrx_word' id='word_1_610' title='bbox 734 4959 742 4999; x_wconf 78' lang='lat' dir='ltr'><strong>t</strong></span> 
     </span>
    </p>
   </div>
   <div class='ocr_carea' id='block_1_32' title="bbox 32 5026 955 5107">
    <p class='ocr_par' dir='ltr' id='par_1_35' title="bbox 32 5026 955 5107">
     <span class='ocr_line' id='line_1_99' title="bbox 32 5026 955 5107; baseline 0.008 -26"><span class='ocrx_word' id='word_1_611' title='bbox 32 5102 36 5107; x_wconf 27' lang='grc' dir='ltr'>Ι</span> <span class='ocrx_word' id='word_1_612' title='bbox 129 5026 224 5097; x_wconf 86' lang='lat' dir='ltr'><strong>Meae,</strong></span> <span class='ocrx_word' id='word_1_613' title='bbox 241 5032 328 5092; x_wconf 84' lang='lat' dir='ltr'><strong>Deus,</strong></span> <span class='ocrx_word' id='word_1_614' title='bbox 344 5028 465 5099; x_wconf 86' lang='lat' dir='ltr'><strong>spretio,</strong></span> <span class='ocrx_word' id='word_1_615' title='bbox 484 5028 536 5082; x_wconf 88' lang='lat' dir='ltr'><strong>luit</strong></span> <span class='ocrx_word' id='word_1_616' title='bbox 554 5029 613 5084; x_wconf 82' lang='lat' dir='ltr'><strong>hac</strong></span> <span class='ocrx_word' id='word_1_617' title='bbox 630 5029 682 5084; x_wconf 89' lang='lat' dir='ltr'><strong>libi</strong></span> <span class='ocrx_word' id='word_1_618' title='bbox 698 5033 785 5086; x_wconf 86' lang='lat' dir='ltr'><strong>verba</strong></span> <span class='ocrx_word' id='word_1_619' title='bbox 815 5029 955 5090; x_wconf 82' lang='lat' dir='ltr'><strong>loeutus?</strong></span> 
     </span>
    </p>
   </div>
   <div class='ocr_carea' id='block_1_33' title="bbox 129 5114 955 5358">
    <p class='ocr_par' dir='ltr' id='par_1_36' title="bbox 129 5114 955 5358">
     <span class='ocr_line' id='line_1_100' title="bbox 155 5114 820 5191; baseline 0.008 -19"><span class='ocrx_word' id='word_1_620' title='bbox 155 5118 207 5172; x_wconf 77' lang='lat' dir='ltr'><strong>Ast</strong></span> <span class='ocrx_word' id='word_1_621' title='bbox 222 5114 338 5186; x_wconf 87' lang='lat' dir='ltr'><strong>alapam</strong></span> <span class='ocrx_word' id='word_1_622' title='bbox 356 5116 481 5186; x_wconf 82' lang='lat' dir='ltr'><strong>patiens,</strong></span> <span class='ocrx_word' id='word_1_623' title='bbox 500 5118 621 5189; x_wconf 90' lang='lat' dir='ltr'><strong>protulit</strong></span> <span class='ocrx_word' id='word_1_624' title='bbox 636 5118 820 5191; x_wconf 88' lang='lat' dir='ltr'><strong>intrepidus:</strong></span> 
     </span>
     <span class='ocr_line' id='line_1_101' title="bbox 129 5204 955 5283; baseline 0.01 -22"><span class='ocrx_word' id='word_1_625' title='bbox 129 5204 251 5271; x_wconf 83' lang='lat' dir='ltr'><strong>Quando</strong></span> <span class='ocrx_word' id='word_1_626' title='bbox 266 5209 368 5276; x_wconf 81' lang='lat' dir='ltr'><strong>puteas</strong></span> <span class='ocrx_word' id='word_1_627' title='bbox 386 5204 671 5280; x_wconf 83' lang='lat' dir='ltr'><strong>letebraagominum</strong></span> <span class='ocrx_word' id='word_1_628' title='bbox 683 5209 820 5268; x_wconf 88' lang='lat' dir='ltr'><strong>conclave</strong></span> <span class='ocrx_word' id='word_1_629' title='bbox 831 5211 955 5283; x_wconf 89' lang='lat' dir='ltr'><strong>subibis,</strong></span> 
     </span>
     <span class='ocr_line' id='line_1_102' title="bbox 153 5293 726 5358; baseline 0.007 -6"><span class='ocrx_word' id='word_1_630' title='bbox 153 5300 199 5352; x_wconf 74' lang='lat' dir='ltr'><strong>Aa</strong></span> <span class='ocrx_word' id='word_1_631' title='bbox 215 5293 320 5351; x_wconf 87' lang='lat' dir='ltr'><strong>luerim</strong></span> <span class='ocrx_word' id='word_1_632' title='bbox 334 5311 419 5351; x_wconf 84' lang='lat' dir='ltr'><strong>verax</strong></span> <span class='ocrx_word' id='word_1_633' title='bbox 434 5295 508 5352; x_wconf 87' lang='lat' dir='ltr'><strong>seire</strong></span> <span class='ocrx_word' id='word_1_634' title='bbox 524 5303 643 5356; x_wconf 87' lang='lat' dir='ltr'><strong>coactus</strong></span> <span class='ocrx_word' id='word_1_635' title='bbox 657 5302 726 5358; x_wconf 89' lang='lat' dir='ltr'><strong>eris.</strong></span> 
     </span>
    </p>
   </div>
   <div class='ocr_carea' id='block_1_34' title="bbox 129 5383 890 5554">
    <p class='ocr_par' dir='ltr' id='par_1_37' title="bbox 129 5383 890 5554">
     <span class='ocr_line' id='line_1_103' title="bbox 129 5383 828 5462; baseline 0.009 -21"><span class='ocrx_word' id='word_1_636' title='bbox 129 5383 301 5458; x_wconf 76' lang='lat' dir='ltr'><strong>Precipitur</strong></span> <span class='ocrx_word' id='word_1_637' title='bbox 317 5384 393 5441; x_wconf 89' lang='lat' dir='ltr'><strong>tristi</strong></span> <span class='ocrx_word' id='word_1_638' title='bbox 411 5386 561 5444; x_wconf 80' lang='lat' dir='ltr'><strong>Mirbaam</strong></span> <span class='ocrx_word' id='word_1_639' title='bbox 578 5405 691 5448; x_wconf 85' lang='lat' dir='ltr'><strong>carcere</strong></span> <span class='ocrx_word' id='word_1_640' title='bbox 706 5390 803 5448; x_wconf 84' lang='lat' dir='ltr'><strong>claudi</strong></span> <span class='ocrx_word' id='word_1_641' title='bbox 820 5407 828 5462; x_wconf 80' lang='lat'>3</span> 
     </span>
     <span class='ocr_line' id='line_1_104' title="bbox 154 5474 890 5554; baseline 0.012 -22"><span class='ocrx_word' id='word_1_642' title='bbox 154 5476 238 5548; x_wconf 84' lang='lat' dir='ltr'><strong>ltquc</strong></span> <span class='ocrx_word' id='word_1_643' title='bbox 251 5474 375 5532; x_wconf 88' lang='lat' dir='ltr'><strong>ltamoth</strong></span> <span class='ocrx_word' id='word_1_644' title='bbox 391 5474 499 5535; x_wconf 84' lang='lat' dir='ltr'><strong>Galaad</strong></span> <span class='ocrx_word' id='word_1_645' title='bbox 516 5495 567 5536; x_wconf 85' lang='lat' dir='ltr'><strong>rex</strong></span> <span class='ocrx_word' id='word_1_646' title='bbox 582 5479 682 5537; x_wconf 77' lang='lat' dir='ltr'><strong>Achab</strong></span> <span class='ocrx_word' id='word_1_647' title='bbox 696 5489 724 5536; x_wconf 87' lang='lat' dir='ltr'><strong>at</strong></span> <span class='ocrx_word' id='word_1_648' title='bbox 738 5479 890 5554; x_wconf 79' lang='lat' dir='ltr'><strong>iosaphat.</strong></span> 
     </span>
    </p>
   </div>
   <div class='ocr_carea' id='block_1_35' title="bbox 152 5591 952 5668">
    <p class='ocr_par' dir='ltr' id='par_1_38' title="bbox 152 5591 952 5668">
     <span class='ocr_line' id='line_1_105' title="bbox 152 5591 952 5668; baseline 0.008 -20"><span class='ocrx_word' id='word_1_649' title='bbox 152 5591 208 5666; x_wconf 78' lang='lat'>(50)</span> <span class='ocrx_word' id='word_1_650' title='bbox 224 5591 310 5650; x_wconf 75' lang='lat' dir='ltr'><strong>Forte</strong></span> <span class='ocrx_word' id='word_1_651' title='bbox 325 5607 333 5649; x_wconf 74' lang='grc' dir='ltr'><strong>ε</strong></span> <span class='ocrx_word' id='word_1_652' title='bbox 348 5593 511 5668; x_wconf 71' lang='lat' dir='ltr'><strong>spirasset</strong></span> <span class='ocrx_word' id='word_1_653' title='bbox 531 5595 652 5656; x_wconf 71' lang='lat' dir='ltr'><strong>merdae</strong></span> <span class='ocrx_word' id='word_1_654' title='bbox 679 5596 788 5656; x_wconf 69' lang='lat' dir='ltr'><strong>amitas</strong></span> <span class='ocrx_word' id='word_1_655' title='bbox 815 5611 863 5657; x_wconf 84' lang='lat' dir='ltr'><strong>ero</strong></span> <span class='ocrx_word' id='word_1_656' title='bbox 886 5595 952 5655; x_wconf 76' lang='lat' dir='ltr'><strong>tols.</strong></span> 
     </span>
    </p>
   </div>
   <div class='ocr_carea' id='block_1_36' title="bbox 1009 4583 1806 5554">
    <p class='ocr_par' dir='ltr' id='par_1_39' title="bbox 1013 4583 1722 4750">
     <span class='ocr_line' id='line_1_106' title="bbox 1013 4583 1722 4662; baseline 0.008 -22"><span class='ocrx_word' id='word_1_657' title='bbox 1013 4584 1066 4641; x_wconf 83' lang='lat' dir='ltr'><strong>itio</strong></span> <span class='ocrx_word' id='word_1_658' title='bbox 1081 4585 1122 4640; x_wconf 88' lang='lat' dir='ltr'><strong>ait</strong></span> <span class='ocrx_word' id='word_1_659' title='bbox 1133 4584 1201 4640; x_wconf 80' lang='lat' dir='ltr'><strong>Elis</strong></span> <span class='ocrx_word' id='word_1_660' title='bbox 1218 4600 1225 4640; x_wconf 76' lang='grc' dir='ltr'><strong>ε</strong></span> <span class='ocrx_word' id='word_1_661' title='bbox 1242 4583 1284 4641; x_wconf 87' lang='lat' dir='ltr'><strong>Ne</strong></span> <span class='ocrx_word' id='word_1_662' title='bbox 1300 4601 1356 4652; x_wconf 88' lang='lat' dir='ltr'><strong>me,</strong></span> <span class='ocrx_word' id='word_1_663' title='bbox 1373 4591 1465 4658; x_wconf 89' lang='lat' dir='ltr'><strong>pater,</strong></span> <span class='ocrx_word' id='word_1_664' title='bbox 1483 4588 1604 4645; x_wconf 88' lang='lat' dir='ltr'><strong>obsecro</strong></span> <span class='ocrx_word' id='word_1_665' title='bbox 1615 4589 1722 4662; x_wconf 88' lang='lat' dir='ltr'><strong>perdas</strong></span> 
     </span>
     <span class='ocr_line' id='line_1_107' title="bbox 1046 4672 1717 4750; baseline 0.006 -21"><span class='ocrx_word' id='word_1_666' title='bbox 1046 4673 1160 4730; x_wconf 89' lang='lat' dir='ltr'><strong>Pronus</strong></span> <span class='ocrx_word' id='word_1_667' title='bbox 1175 4682 1201 4730; x_wconf 88' lang='lat' dir='ltr'><strong>ot</strong></span> <span class='ocrx_word' id='word_1_668' title='bbox 1217 4672 1315 4746; x_wconf 88' lang='lat' dir='ltr'><strong>inquit</strong></span> <span class='ocrx_word' id='word_1_669' title='bbox 1327 4674 1353 4731; x_wconf 89' lang='lat' dir='ltr'><strong>ei</strong></span> <span class='ocrx_word' id='word_1_670' title='bbox 1370 4692 1377 4733; x_wconf 91' lang='lat'><strong>:</strong></span> <span class='ocrx_word' id='word_1_671' title='bbox 1395 4676 1453 4732; x_wconf 80' lang='lat' dir='ltr'><strong>Res</strong></span> <span class='ocrx_word' id='word_1_672' title='bbox 1470 4679 1541 4750; x_wconf 90' lang='lat' dir='ltr'><strong>petit</strong></span> <span class='ocrx_word' id='word_1_673' title='bbox 1558 4682 1589 4734; x_wconf 92' lang='lat' dir='ltr'><strong>ut</strong></span> <span class='ocrx_word' id='word_1_674' title='bbox 1604 4678 1717 4736; x_wconf 86' lang='lat' dir='ltr'><strong>venias.</strong></span> 
     </span>
    </p>

    <p class='ocr_par' dir='ltr' id='par_1_40' title="bbox 1013 4762 1679 4927">
     <span class='ocr_line' id='line_1_108' title="bbox 1013 4762 1679 4838; baseline 0.003 -17"><span class='ocrx_word' id='word_1_675' title='bbox 1013 4763 1048 4821; x_wconf 88' lang='lat' dir='ltr'><strong>lit</strong></span> <span class='ocrx_word' id='word_1_676' title='bbox 1060 4762 1139 4819; x_wconf 84' lang='lat' dir='ltr'><strong>venit</strong></span> <span class='ocrx_word' id='word_1_677' title='bbox 1153 4762 1240 4829; x_wconf 80' lang='lat' dir='ltr'><strong>litias,</strong></span> <span class='ocrx_word' id='word_1_678' title='bbox 1257 4763 1368 4836; x_wconf 89' lang='lat' dir='ltr'><strong>prolert</strong></span> <span class='ocrx_word' id='word_1_679' title='bbox 1383 4780 1390 4820; x_wconf 73' lang='grc' dir='ltr'><strong>ε</strong></span> <span class='ocrx_word' id='word_1_680' title='bbox 1407 4763 1532 4822; x_wconf 84' lang='lat' dir='ltr'><strong>Ochozia</strong></span> <span class='ocrx_word' id='word_1_681' title='bbox 1548 4766 1657 4838; x_wconf 88' lang='lat' dir='ltr'><strong>peribis</strong></span> <span class='ocrx_word' id='word_1_682' title='bbox 1671 4784 1679 4837; x_wconf 79' lang='lat'>3</span> 
     </span>
     <span class='ocr_line' id='line_1_109' title="bbox 1048 4851 1643 4927; baseline 0.007 -19"><span class='ocrx_word' id='word_1_683' title='bbox 1048 4853 1160 4908; x_wconf 74' lang='lat' dir='ltr'><strong>amodo</strong></span> <span class='ocrx_word' id='word_1_684' title='bbox 1176 4852 1212 4909; x_wconf 88' lang='lat' dir='ltr'><strong>de</strong></span> <span class='ocrx_word' id='word_1_685' title='bbox 1227 4851 1300 4908; x_wconf 87' lang='lat' dir='ltr'><strong>lecto</strong></span> <span class='ocrx_word' id='word_1_686' title='bbox 1316 4869 1436 4926; x_wconf 82' lang='lat' dir='ltr'><strong>surgere</strong></span> <span class='ocrx_word' id='word_1_687' title='bbox 1450 4871 1507 4911; x_wconf 91' lang='lat' dir='ltr'><strong>non</strong></span> <span class='ocrx_word' id='word_1_688' title='bbox 1523 4855 1643 4927; x_wconf 89' lang='lat' dir='ltr'><strong>poteris.</strong></span> 
     </span>
    </p>

    <p class='ocr_par' dir='ltr' id='par_1_41' title="bbox 1012 4940 1705 5103">
     <span class='ocr_line' id='line_1_110' title="bbox 1012 4940 1705 5015; baseline 0.007 -17"><span class='ocrx_word' id='word_1_689' title='bbox 1012 4940 1150 4998; x_wconf 75' lang='lat' dir='ltr'><strong>Samaria</strong></span> <span class='ocrx_word' id='word_1_690' title='bbox 1165 4941 1241 4998; x_wconf 86' lang='lat' dir='ltr'><strong>cives</strong></span> <span class='ocrx_word' id='word_1_691' title='bbox 1257 4958 1355 5014; x_wconf 80' lang='lat' dir='ltr'><strong>regem</strong></span> <span class='ocrx_word' id='word_1_692' title='bbox 1371 4943 1520 5000; x_wconf 88' lang='lat' dir='ltr'><strong>tumulant</strong></span> <span class='ocrx_word' id='word_1_693' title='bbox 1534 4944 1705 5015; x_wconf 84' lang='lat' dir='ltr'><strong>Ochcziam,</strong></span> 
     </span>
     <span class='ocr_line' id='line_1_111' title="bbox 1047 5030 1686 5103; baseline 0.008 -17"><span class='ocrx_word' id='word_1_694' title='bbox 1047 5032 1143 5103; x_wconf 79' lang='lat' dir='ltr'><strong>Atque</strong></span> <span class='ocrx_word' id='word_1_695' title='bbox 1158 5046 1211 5086; x_wconf 92' lang='lat' dir='ltr'><strong>suo</strong></span> <span class='ocrx_word' id='word_1_696' title='bbox 1229 5030 1308 5086; x_wconf 82' lang='lat' dir='ltr'><strong>tratri</strong></span> <span class='ocrx_word' id='word_1_697' title='bbox 1325 5036 1439 5102; x_wconf 87' lang='lat' dir='ltr'><strong>sceptra</strong></span> <span class='ocrx_word' id='word_1_698' title='bbox 1453 5030 1559 5090; x_wconf 85' lang='lat' dir='ltr'><strong>dedere</strong></span> <span class='ocrx_word' id='word_1_699' title='bbox 1573 5034 1686 5091; x_wconf 86' lang='lat' dir='ltr'><strong>loram.</strong></span> 
     </span>
    </p>

    <p class='ocr_par' dir='ltr' id='par_1_42' title="bbox 1011 5118 1716 5284">
     <span class='ocr_line' id='line_1_112' title="bbox 1011 5118 1716 5193; baseline 0.007 -17"><span class='ocrx_word' id='word_1_700' title='bbox 1011 5118 1134 5176; x_wconf 89' lang='lat' dir='ltr'><strong>Palliolo</strong></span> <span class='ocrx_word' id='word_1_701' title='bbox 1150 5119 1277 5190; x_wconf 90' lang='lat' dir='ltr'><strong>quodam</strong></span> <span class='ocrx_word' id='word_1_702' title='bbox 1292 5119 1430 5176; x_wconf 77' lang='lat' dir='ltr'><strong>dardanis</strong></span> <span class='ocrx_word' id='word_1_703' title='bbox 1446 5123 1572 5193; x_wconf 92' lang='lat' dir='ltr'><strong>pereutit</strong></span> <span class='ocrx_word' id='word_1_704' title='bbox 1589 5124 1716 5181; x_wconf 87' lang='lat' dir='ltr'><strong>undam.</strong></span> 
     </span>
     <span class='ocr_line' id='line_1_113' title="bbox 1047 5206 1564 5284; baseline 0.01 -21"><span class='ocrx_word' id='word_1_705' title='bbox 1047 5206 1159 5264; x_wconf 84' lang='lat' dir='ltr'><strong>Taliter</strong></span> <span class='ocrx_word' id='word_1_706' title='bbox 1174 5207 1251 5264; x_wconf 79' lang='lat' dir='ltr'><strong>urias</strong></span> <span class='ocrx_word' id='word_1_707' title='bbox 1266 5207 1369 5264; x_wconf 84' lang='lat' dir='ltr'><strong>dividit</strong></span> <span class='ocrx_word' id='word_1_708' title='bbox 1378 5209 1443 5281; x_wconf 74' lang='lat' dir='ltr'><strong>eius</strong></span> <span class='ocrx_word' id='word_1_709' title='bbox 1459 5227 1564 5284; x_wconf 86' lang='lat' dir='ltr'><strong>aquas.</strong></span> 
     </span>
    </p>

    <p class='ocr_par' dir='ltr' id='par_1_43' title="bbox 1011 5295 1732 5458">
     <span class='ocr_line' id='line_1_114' title="bbox 1011 5295 1732 5373; baseline 0.008 -20"><span class='ocrx_word' id='word_1_710' title='bbox 1011 5298 1093 5354; x_wconf 85' lang='lat' dir='ltr'><strong>Tunc</strong></span> <span class='ocrx_word' id='word_1_711' title='bbox 1107 5301 1187 5368; x_wconf 89' lang='lat' dir='ltr'><strong>pater</strong></span> <span class='ocrx_word' id='word_1_712' title='bbox 1203 5295 1278 5352; x_wconf 82' lang='lat' dir='ltr'><strong>Elias</strong></span> <span class='ocrx_word' id='word_1_713' title='bbox 1293 5296 1414 5354; x_wconf 86' lang='lat' dir='ltr'><strong>lluvium</strong></span> <span class='ocrx_word' id='word_1_714' title='bbox 1430 5300 1508 5356; x_wconf 87' lang='lat' dir='ltr'><strong>sicco</strong></span> <span class='ocrx_word' id='word_1_715' title='bbox 1523 5302 1595 5373; x_wconf 86' lang='lat' dir='ltr'><strong>peda</strong></span> <span class='ocrx_word' id='word_1_716' title='bbox 1610 5301 1732 5373; x_wconf 85' lang='lat' dir='ltr'><strong>transit,</strong></span> 
     </span>
     <span class='ocr_line' id='line_1_115' title="bbox 1043 5385 1692 5458; baseline 0.009 -16"><span class='ocrx_word' id='word_1_717' title='bbox 1043 5389 1137 5458; x_wconf 79' lang='lat' dir='ltr'><strong>Atque</strong></span> <span class='ocrx_word' id='word_1_718' title='bbox 1153 5402 1282 5458; x_wconf 90' lang='lat' dir='ltr'><strong>sequens</strong></span> <span class='ocrx_word' id='word_1_719' title='bbox 1297 5385 1381 5444; x_wconf 90' lang='lat' dir='ltr'><strong>illum</strong></span> <span class='ocrx_word' id='word_1_720' title='bbox 1397 5393 1467 5445; x_wconf 90' lang='lat' dir='ltr'><strong>tunc</strong></span> <span class='ocrx_word' id='word_1_721' title='bbox 1483 5389 1604 5448; x_wconf 78' lang='lat' dir='ltr'><strong>Elissae</strong></span> <span class='ocrx_word' id='word_1_722' title='bbox 1618 5390 1692 5448; x_wconf 89' lang='lat' dir='ltr'><strong>abit.</strong></span> 
     </span>
    </p>

    <p class='ocr_par' dir='ltr' id='par_1_44' title="bbox 1009 5472 1806 5554">
     <span class='ocr_line' id='line_1_116' title="bbox 1009 5472 1806 5554; baseline 0.011 -21"><span class='ocrx_word' id='word_1_723' title='bbox 1009 5475 1112 5533; x_wconf 73' lang='lat'><strong>12⁰8</strong></span> <span class='ocrx_word' id='word_1_724' title='bbox 1127 5474 1252 5533; x_wconf 82' lang='lat' dir='ltr'><strong>Protulit</strong></span> <span class='ocrx_word' id='word_1_725' title='bbox 1265 5472 1344 5534; x_wconf 81' lang='lat' dir='ltr'><strong>illias</strong></span> <span class='ocrx_word' id='word_1_726' title='bbox 1360 5479 1532 5552; x_wconf 86' lang='lat' dir='ltr'><strong>:Petequod</strong></span> <span class='ocrx_word' id='word_1_727' title='bbox 1545 5479 1598 5536; x_wconf 90' lang='lat' dir='ltr'><strong>tibi</strong></span> <span class='ocrx_word' id='word_1_728' title='bbox 1608 5480 1664 5554; x_wconf 80' lang='lat' dir='ltr'><strong>vis,</strong></span> <span class='ocrx_word' id='word_1_729' title='bbox 1680 5479 1806 5542; x_wconf 76' lang='lat' dir='ltr'><strong>illiserat</strong></span> 
     </span>
    </p>
   </div>
   <div class='ocr_carea' id='block_1_37' title="bbox 0 0 1906 6030">
    <p class='ocr_par' dir='ltr' id='par_1_45' title="bbox 0 0 1906 6030">
     <span class='ocr_line' id='line_1_117' title="bbox 0 0 1906 6030; baseline 0 3"><span class='ocrx_word' id='word_1_730' title='bbox 0 0 1906 6030; x_wconf 95' lang='lat' dir='ltr'><strong> </strong></span> 
     </span>
    </p>
   </div>
  </div>
 </body>
</html>
