3802 6030
142 186 222 249 taor
606 177 697 240 var.
721 167 963 241 smonaanrt
985 176 1196 239 caucana.
1217 174 1342 239 srtsc.
1782 165 1851 229 tro
1884 145 1885 150 '

140 319 205 388 itai,
220 316 271 383 ait,
286 331 322 372 ec
337 313 430 383 video,
446 310 499 367 tibi
516 308 595 366 lilius
609 327 617 379 ;
632 323 699 367 coca
710 306 835 367 maritus
989 316 1012 379 Α
1029 305 1124 366 Crevit
1137 306 1231 365 bonor
1247 307 1358 375 torma,
1374 319 1442 361 cum
1452 300 1554 360 florida
1571 301 1721 359 cresceret
1732 301 1826 367 ειυς
1871 288 1875 371 ἐ

180 402 318 477 lmplsbtt
333 396 447 457 steriles
465 395 612 454 fertilitate
624 397 720 455 sinus.
1064 395 1190 453 Laudari
1206 395 1410 470 potuittantua
1426 391 1463 449 ab
1479 391 1564 449 bosia
1580 390 1679 448 decor.

144 497 177 550 lit
193 489 329 548 Paridem
344 495 424 561 geret
437 488 467 543 in
483 487 565 558 iacis,
581 490 662 560 geret
677 486 756 543 intus
771 484 926 555 Achillam,
1028 486 1140 543 Nomen
1158 485 1188 541 in
1203 485 1355 557 ambiguo,
1371 482 1421 541 aad
1438 480 1580 556 patricida
1594 482 1733 549 vocatur,

178 581 237 639 Nec
253 579 385 652 probitas
395 578 515 646 tastum,
533 592 586 634 nec
600 575 658 634 sibi
673 577 763 634 forma
778 576 903 634 dabunt.
1065 576 1195 647 imperat
1210 590 1318 633 arcana
1330 572 1493 631 calliditate
1508 587 1627 645 pareus,

142 668 441 742 Pauperiorcraesus,
458 667 555 724 minus
568 665 619 722 illo
636 667 742 723 doctus
758 663 886 741 ulysses.
1030 662 1195 735 Utjuvenis
1206 667 1381 736 tantumque
1396 664 1489 733 netas,
1501 665 1678 734 tantumque
1695 658 1826 717 furorem

178 757 270 815 Frena
283 757 365 814 dabit
381 757 456 813 ratic
472 757 560 813 rebus
574 764 601 811 et
617 755 744 829 ingenio.
1066 751 1196 824 Hermai,
1213 754 1315 810 audito
1331 752 1449 811 nomine
1464 767 1538 825 sape
1552 766 1618 809 sno.

142 847 223 904 Inter
234 845 328 903 ielicis
344 844 444 902 letalia
459 844 606 902 commoda
621 843 686 899 vite
1031 840 1068 898 Ut
1082 842 1164 900 rudis
1179 842 1291 916 accepit
1304 842 1417 917 primos
1432 840 1557 898 intentis
1571 855 1688 913 seusus,

178 935 327 993 Romulea
338 935 478 992 dominus
494 941 522 991 ct
543 938 625 1006 pater
639 933 721 989 urbis
733 932 798 989 erit.
1065 931 1162 989 Traxit
1175 937 1204 989 et
1218 931 1341 991 interior
1356 933 1414 988 vim
1432 931 1554 989 rationis
1573 932 1674 988 bomo.

142 1026 270 1093 Patrem,
286 1025 335 1083 sed
354 1024 508 1093 taceo,nisi
523 1022 602 1096 quod
617 1021 856 1096 premiaarguis,
870 1021 966 1079 instas
1031 1020 1155 1078 Emicuit
1170 1025 1229 1078 tam
1244 1025 1340 1079 ments
1355 1037 1457 1094 capax,
1469 1019 1548 1077 velut
1561 1024 1640 1077 esset
1655 1017 1790 1086 adultus,

179 1115 310 1187 Occidet,
326 1115 386 1171 sato
400 1114 443 1171 sic
460 1114 600 1186 agitante,
619 1128 719 1169 auum.
1068 1109 1199 1168 idaturos
1214 1110 1294 1184 pleni
1309 1110 1450 1185 temporis
1464 1126 1556 1182 usquc
1572 1109 1647 1176 dies,

144 1207 191 1263 Sic
207 1205 273 1273 erit,
289 1205 364 1261 adde
379 1204 467 1259 fidem
480 1221 487 1272 ;
501 1202 583 1260 iovis
599 1206 643 1260 est
654 1202 699 1260 sic
713 1200 771 1259 fixa
785 1200 932 1259 voluntas.
1031 1199 1393 1274 ascendensquegradum
1403 1199 1508 1257 docilis
1524 1202 1724 1273 prompteque
1735 1197 1850 1269 juvente

182 1293 332 1367 Quidquid
349 1292 488 1365 precinui
505 1292 544 1348 nil
556 1291 645 1348 babet
658 1289 801 1364 ambigui.
1069 1286 1257 1363 Philosophia
1270 1288 1384 1346 studuit
1398 1288 1550 1362 proximus
1567 1303 1633 1346 esse
1645 1302 1749 1345 comes
1765 1305 1774 1356 ς

147 1384 217 1440 Fata
227 1383 281 1438 tibi
294 1382 450 1453 spondent,
461 1380 490 1436 di
507 1381 761 1454 spondent,sidera
776 1378 921 1453 spondent
936 1398 944 1449 ;
1034 1377 1121 1436 Novit
1134 1378 1214 1436 enim
1231 1395 1319 1451 quam
1333 1379 1491 1448 sideribus,
1512 1394 1598 1450 qnam
1614 1377 1755 1451 primitus
1765 1376 1824 1434 orbi

183 1473 239 1528 iles
257 1476 320 1527 rata
334 1487 424 1543 quatu
441 1471 588 1543 spondent
602 1470 709 1541 sidera,
728 1470 798 1538 tata,
820 1468 873 1525 dii.
1071 1468 1237 1526 sementem
1253 1469 1367 1526 dederit
1380 1469 1593 1542 materiamque
1608 1468 1700 1526 Deus.

471 1561 611 1619 CANTUS
628 1562 662 1620 ΙΙ.
1036 1559 1104 1628 Qus
1116 1557 1173 1615 luit
1188 1557 1218 1615 iu
1235 1558 1324 1615 rebus
1338 1560 1489 1631 ratioque
1506 1573 1597 1615 causa
1610 1556 1766 1629 creandisq

152 1651 283 1710 Gaudeat
298 1651 345 1707 his
357 1651 435 1720 latis,
451 1650 582 1707 doleatve
597 1649 754 1706 revertitur
767 1663 876 1722 anceps
1001 1689 1023 1756 B
1073 1648 1152 1714 Quos
1168 1648 1278 1704 habent
1293 1648 1625 1721 naxusquasetamenta
1639 1646 1734 1704 vices.

186 1744 306 1799 Femina
322 1740 449 1799 celestis
466 1740 585 1798 conscia
600 1740 727 1809 consilii,
1043 1736 1078 1794 nt
1092 1738 1207 1794 numeri
1221 1754 1280 1810 quo
1296 1738 1548 1810 lontciluant,qua
1562 1737 1625 1810 lego
1638 1735 1778 1810 ligentur,

153 1832 256 1901 Roma,
269 1831 321 1887 tibi
333 1835 568 1905 rcgsmmortcm
581 1831 713 1904 paritura
728 1829 843 1888 marito.
1078 1827 1139 1893 Ono
1154 1827 1211 1885 sibl
1226 1827 1399 1885 conveniant
1413 1827 1563 1885 scbemate
1582 1826 1728 1902 dispositi.

189 1920 349 1978 iristitiam
365 1923 505 1993 gaudens,
535 1922 642 1994 gaudia
657 1920 748 1977 tristis
764 1920 853 1978 babet
1042 1916 1155 1975 Musica
1172 1935 1230 1993 qun
1250 1918 1439 1990 uumsr0,vel
1454 1918 1585 1992 quesibi
1601 1917 1787 1991 proximitate

154 2010 315 2070 Sollicitam
331 2011 423 2068 sensit
437 2010 515 2080 viqtti
533 2026 711 2069 marcescere
726 2027 798 2069 cura
1078 2007 1242 2065 Dissimiles
1252 2009 1362 2081 iungat
1376 2011 1581 2082 consocietque
1595 2024 1694 2067 sonos.

194 2099 244 2157 Vir
260 2107 376 2172 suus,et
390 2117 495 2159 causas
510 2099 558 2157 hic
571 2108 663 2174 rogat,
677 2100 729 2157 illa
747 2099 841 2157 docet.
1042 2099 1128 2154 Astra
1140 2096 1248 2170 quibus
1264 2097 1367 2170 spatiis
1382 2097 1494 2154 distent
1508 2103 1628 2171 septena
1639 2096 1775 2171 planete,

154 2190 285 2258 Auditet
297 2196 408 2248 attenta
422 2190 556 2263 tristique
570 2190 714 2263 recolligit
728 2204 798 2246 aure
1078 2186 1197 2243 narsus
1211 2195 1336 2259 uimque
1352 2186 1442 2260 pulos,
1458 2203 1575 2244 mensus
1591 2192 1754 2261 utrumque
1770 2200 1861 2256 maru

189 2280 272 2337 Miles
286 2280 346 2336 lata
357 2295 418 2336 suaa
433 2279 601 2354 prodigiosa
611 2279 702 2338 necis.
1041 2275 1253 2349 nestrorumque
1264 2276 1340 2348 vias,
1356 2277 1543 2350 humanaque
1558 2277 1617 2334 iata
1631 2276 1688 2334 sub
1705 2276 1796 2335 astris

153 2368 224 2440 ilco,
236 2369 287 2436 ait,
302 2370 332 2425 in
348 2376 414 2426 voto
430 2385 554 2443 superos
569 2368 648 2442 piget
661 2385 726 2427 esse
741 2368 906 2436 socundusp
1078 2364 1114 2420 nt
1133 2366 1209 2422 tesso
1227 2365 1315 2423 coelos
1331 2365 1455 2423 llercula
1468 2367 1621 2424 sustinuit.

189 2457 260 2515 lude
273 2459 346 2515 mihi
357 2459 450 2515 malus
464 2464 511 2516 est
524 2459 722 2532 iupiter,inde
746 2458 842 2515 bonus
860 2476 868 2522 r
1044 2454 1273 2528 Rhetoricosqne
1286 2455 1388 2513 volens
1406 2472 1463 2512 nou
1478 2456 1614 2530 ignorare
1627 2457 1755 2524 colores,

158 2550 283 2615 Quaesivi
300 2549 442 2616 sobolem,
459 2549 546 2606 dittua
563 2554 609 2606 est
620 2548 693 2605 mibi
708 2548 788 2606 tilius
807 2547 913 2615 hostia,
1076 2545 1229 2602 succincta
1244 2545 1348 2603 didicit
1359 2546 1569 2620 perspicueque
1584 2546 1676 2620 loqui.

190 2643 303 2696 Damna
318 2640 378 2695 iero
390 2640 446 2695 voti
466 2639 656 2712 prosperitate
668 2637 735 2695 mei.
1040 2634 1169 2692 Naturae
1184 2651 1324 2709 generum
1340 2636 1413 2694 lima
1423 2637 1553 2710 graviora
1582 2636 1750 2707 revolvens,

156 2726 239 2785 Unde
267 2742 380 2801 precor,
405 2744 499 2798 meua,
525 2744 608 2796 uxor,
624 2744 717 2799 amor,
745 2743 810 2786 mea
824 2725 888 2786 sola
901 2726 986 2786 volu·
1077 2724 1195 2784 Pectore
1210 2725 1342 2784 divinum
1359 2725 1465 2784 clausit
1477 2727 1677 2786 Aristotelem.

859 2815 950 2892 [ptas,
1041 2815 1258 2889 etquicunque
1272 2822 1369 2892 potest
1383 2816 1513 2875 humana
1529 2816 1674 2875 lacessere
1690 2819 1829 2890 membra,

187 2905 284 2964 Altera
300 2923 367 2980 pars
383 2907 489 2965 animae
506 2907 721 2981 dimidiumque
737 2925 819 2976 mee,
1077 2910 1135 2965 eut
1147 2907 1240 2981 dolor,
1255 2913 1306 2967 aut
1320 2907 1563 2983 morbus,psllere
1578 2908 1659 2966 novit
1673 2925 1754 2967 eum.

154 2995 228 3055 Cum
242 2996 331 3054 inerit
344 2997 460 3055 soboles
476 2998 713 3072 geniaconccpta
723 2998 854 3067 sinistro,
1041 2995 1090 3055 Sic
1106 2996 1174 3055 iecit
1185 3003 1345 3072 pectusque
1359 3014 1459 3070 capax,
1487 3002 1675 3071 mentemque
1698 2998 1860 3073 profundant

190 3086 225 3144 iit
240 3092 292 3144 tua
305 3091 452 3144 maturant
468 3087 574 3144 fuderit
585 3087 668 3145 alvus
683 3105 770 3156 onus,
1002 3057 1024 3127 c
1075 3086 1216 3157 amplum
1231 3088 1362 3160 septenis
1376 3087 1491 3144 artibus
1514 3087 1690 3162 hospitium.

154 3176 281 3234 tilectus
296 3178 387 3234 oblita
401 3177 477 3249 pios,
497 3178 643 3252 oblitaque
658 3184 792 3249 matrem,
1041 3177 1073 3233 ln
1092 3176 1228 3234 Venerem
1244 3180 1382 3250 suspecta
1396 3177 1490 3249 quies,
1500 3176 1639 3249 vitiisque
1653 3176 1820 3252 propinqua

190 3266 231 3324 Ne
247 3266 364 3325 dubites
380 3283 502 3340 puerum
519 3269 694 3327 mortificare
709 3275 805 3328 tuum.
1076 3267 1140 3323 Otia
1151 3268 1323 3342 jamjnseni
1337 3282 1428 3326 causa
1441 3267 1559 3326 timoris
1572 3273 1668 3327 eraut.

153 3357 184 3415 st
200 3358 321 3431 potiaris
336 3374 403 3414 eum
417 3374 580 3430 superesse,
598 3359 671 3416 mibi
683 3360 824 3418 morituro
1041 3357 1288 3431 Tranquillosque
1302 3358 1410 3415 timens
1430 3358 1532 3416 lascivi
1548 3359 1692 3430 temporis
1706 3375 1802 3419 annus

190 3446 255 3504 ilec
272 3448 365 3520 pictas
376 3449 489 3521 species
506 3448 669 3521 impietatis
685 3448 751 3505 erit.
1076 3448 1192 3504 Transit
1206 3448 1373 3504 adarmatis
1389 3448 1518 3520 pondera
1532 3447 1656 3508 militie.

155 3535 402 3604 Finierat,tlererc
416 3538 516 3605 sictut,
533 3554 616 3594 mora
631 3537 722 3604 nulla,
748 3536 895 3609 sequenti,
1043 3537 1150 3595 Institit
1165 3536 1295 3593 assiduis
1310 3536 1396 3594 bellis
1408 3537 1573 3611 meruitque
1588 3538 1730 3610 levorem,

188 3624 277 3682 Nocte
286 3629 514 3698 iacentpartter,
530 3626 668 3699 concipit,
683 3629 789 3695 tumet,
1077 3630 1225 3700 Armaque
1239 3641 1378 3684 successu
1394 3644 1452 3684 non
1468 3643 1588 3684 caruere
1602 3643 1668 3685 suo.

153 3720 300 3771 Materuos
317 3731 432 3772 meuses
448 3720 558 3770 nature
573 3715 687 3785 legibue
703 3714 828 3788 implens
1042 3718 1187 3773 Casarsos
1200 3715 1302 3773 titulos
1313 3722 1529 3790 transgressus,
1546 3721 1575 3774 st
1590 3716 1726 3776 Herculis
1741 3722 1833 3790 actus,

189 3803 285 3859 adicit
299 3803 336 3861 ad
351 3804 464 3861 numeri
481 3810 612 3877 tempora
626 3810 706 3862 certa
719 3805 777 3864 sui.
1078 3803 1170 3864 Unica
1186 3803 1332 3862 Romulea
1347 3804 1440 3880 gloria
1451 3805 1548 3879 gentis
1563 3812 1636 3865 erat.

154 3891 187 3948 ln
203 3897 342 3948 nascente
357 3894 507 3948 taittantae
520 3894 638 3951 deitatis
654 3894 750 3968 intago
766 3911 775 3965 ς
1043 3895 1135 3961 Quem
1151 3893 1282 3968 probitas
1297 3895 1368 3951 adeo
1378 3895 1531 3969 virtusque
1545 3894 1650 3955 letavit
1663 3897 1695 3954 in
1711 3896 1816 3971 altum,

190 3980 245 4037 Vix
260 3981 356 4055 potuit
370 3981 449 4039 credi
462 3983 621 4040 materialis
638 3984 734 4041 horno.
1079 3984 1161 4041 iisset
1176 3983 1340 4042 utnuaculi
1355 3984 1478 4058 signiter
1493 3985 1620 4059 imperii.

41 4126 44 4131 .
155 4072 253 4147 Nupta
267 4074 374 4141 virum,
390 4085 483 4132 mater
495 4091 618 4147 puerum
635 4076 706 4133 dum
721 4075 826 4149 diligit,
842 4075 942 4149 beret,
1043 4075 1097 4133 Sed
1113 4091 1202 4149 super
1221 4074 1301 4133 orbis
1316 4091 1386 4149 opes
1417 4091 1610 4151 supremaque
1624 4077 1756 4137 culmina
1771 4091 1859 4137 rerunt

192 4167 227 4219 tlt
238 4162 355 4219 dubitat
370 4179 461 4236 puero
476 4163 668 4236 parcere‚eive
682 4164 754 4222 viro.
1077 4168 1175 4227 Cariat
1188 4168 1232 4225 via
1247 4185 1387 4241 superum
1403 4184 1509 4243 ponere
1518 4186 1603 4244 posse
1617 4171 1726 4230 virum.

157 4251 317 4310 Formosus
328 4253 488 4326 nircnsque
504 4270 575 4327 puer
585 4269 617 4312 ae
630 4254 709 4329 cogit
717 4254 820 4324 amari,
1044 4263 1158 4332 Pugnat
1171 4257 1208 4316 ad
1224 4256 1434 4329 hoctachesis,
1444 4275 1531 4334 super
1541 4260 1596 4318 hoo
1610 4261 1730 4320 inmune
1742 4260 1860 4332 laborat,

192 4342 226 4401 lit
241 4348 365 4402 matrem
380 4344 516 4417 mollit‚et
529 4349 609 4403 vetat
622 4361 687 4403 esse
702 4346 801 4404 teram.
1079 4347 1256 4422 Comprobat
1270 4347 1318 4404 bic
1330 4348 1406 4405 vires
1420 4347 1535 4422 Jupiter
1547 4350 1609 4422 ipse
1624 4367 1707 4409 suas.

155 4433 279 4493 Pulcher
287 4440 316 4493 et
331 4434 412 4494 iratas
430 4436 511 4493 visus
523 4435 620 4493 videre
628 4436 755 4511 parenti,
1006 4437 1031 4503 Ι)
1046 4437 1081 4494 ut
1095 4437 1165 4510 quio
1177 4437 1220 4496 sic
1230 4437 1293 4493 llari
1303 4436 1400 4494 letalis
1414 4437 1547 4511 postulat
1561 4440 1642 4510 ordo,

191 4522 293 4583 Oranti
308 4524 426 4594 similis,
439 4542 475 4583 ne
490 4531 665 4596 moreretur,
678 4531 751 4584 crat.
1077 4530 1157 4584 itanc
1172 4525 1229 4584 sibi
1244 4527 1387 4600 regnandi
1407 4527 1467 4585 iata
1481 4528 1587 4588 dedere
1597 4530 1687 4592 uam.

154 4614 195 4670 ltd
209 4616 337 4689 speciem
352 4614 465 4689 pariere
475 4615 732 4690 preces,diacusait
746 4619 879 4675 amatum
1343 4614 1481 4675 CANTUS
1506 4617 1554 4676 tv.

192 4704 339 4765 Formosas
350 4705 566 4781 sobolisgratia
580 4715 677 4767 mente
692 4709 790 4769 virum.
1041 4708 1157 4766 AEmma
1170 4705 1294 4764 Romani
1305 4705 1450 4780 Carthago
1467 4708 1691 4780 nominis,arma

154 4796 224 4862 oute
236 4812 314 4853 nuuc
324 4811 389 4854 ease
404 4813 464 4853 sua
481 4796 576 4854 soboli
591 4796 824 4872 Mcdcaparabai.
1078 4802 1161 4857 rorte
1172 4795 1229 4855 sub
1243 4795 1382 4854 Ausoniis
1397 4796 1506 4854 llulbua
1515 4798 1668 4860 intulerat.

190 4885 284 4956 Goepit
294 4891 448 4942 maternus
464 4886 538 4942 scira
554 4885 625 4958 quid
641 4893 820 4947 essetamor.
1042 4891 1115 4963 llrgc
1130 4887 1376 4960 mcveutttquilas
1391 4889 1578 4964 infaustaque
1594 4892 1680 4966 signa
1694 4892 1836 4965 Quirites,

155 4975 258 5035 ms
276 4976 373 5033 Parcit
389 4975 413 5031 ci
430 4974 537 5048 pictate
552 4975 643 5046 ferox,
659 4980 829 5052 majoraque
849 4979 916 5038 vite
1075 4980 1321 5052 conscriptosque
1333 4983 1432 5051 patres
1448 4978 1519 5036 hora
1543 4980 1667 5040 sinistra
1694 4983 1801 5043 trabit.

190 5068 335 5140 Tempora
349 5067 400 5123 dat
415 5071 494 5134 nato,
511 5066 583 5123 dum
601 5069 732 5127 breviora
746 5071 818 5127 viro.
1042 5069 1208 5127 Occultarat
1222 5067 1300 5125 enim
1315 5067 1372 5122 sub
1387 5069 1485 5138 opacis
1500 5070 1624 5129 navibus
1639 5088 1746 5147 agmen

157 5161 190 5217 lit
206 5157 327 5214 mentita
340 5172 439 5213 necem
458 5157 557 5228 procul
569 5158 637 5215 inda
649 5159 771 5217 remittit
783 5160 933 5228 siendum,
1079 5159 1225 5227 Pecunia
1240 5156 1479 5230 excidium,regia
1494 5158 1598 5230 lionis,
1613 5166 1711 5219 tuum.

196 5248 229 5304 Et
241 5246 332 5306 tacita
346 5247 489 5303 miserum
505 5247 615 5320 decipit
624 5254 686 5308 arte
695 5256 809 5325 patrem
1043 5250 1090 5307 Sic
1104 5264 1194 5322 snper
1207 5246 1332 5304 insidias
1346 5245 1588 5321 inopinaquetela
1602 5256 1727 5311 senatus

470 5336 612 5396 cantas
633 5341 683 5399 111.
1079 5340 1193 5406 incidit,
1210 5342 1239 5394 et
1254 5335 1430 5410 potuittunc
1445 5337 1510 5395 sins
1524 5345 1619 5398 marte
1628 5343 1706 5419 capi.

159 5426 268 5486 lissilto
279 5426 347 5485 telir
355 5442 429 5501 puer
442 5432 498 5495 cat,
510 5426 665 5502 alienaque
679 5429 793 5488 lacteus
1042 5433 1102 5488 iter
1116 5427 1293 5503 captivatur,
1303 5425 1528 5500 captivaturque
1543 5428 1695 5505 tribunus,

194 5514 299 5583 Ubera,
313 5517 610 5575 nutritursadulitatc
624 5519 683 5592 pia.
1078 5518 1137 5579 Nec
1147 5518 1291 5593 deprensa
1313 5517 1407 5590 poert
1418 5515 1506 5576 tarta
1518 5518 1631 5581 nferre
1646 5522 1768 5601 pedem
