3802 6030
682 263 868 326 CARMINA
890 263 1179 328 illsotttdrittn.
1706 273 1784 334 1418
1876 278 1881 283 '

273 395 325 453 Die
339 397 406 453 ista.
915 397 1018 464 Almo
1035 416 1087 457 uec
1105 416 1178 470 esse,
1195 419 1245 474 per
1269 404 1346 460 hunc
1363 405 1457 461 bonus
1482 407 1580 464 omnia
1605 407 1693 464 homo
1708 408 1785 466 valet

201 487 256 542 Tot
271 486 413 543 beneficis
1648 500 1744 570 [csse:

201 581 287 633 Sacra
303 577 390 649 coepit
401 576 530 634 Ecclesia
956 577 1019 634 Non
1035 580 1131 638 alienu
1146 583 1254 640 bonum
1271 583 1387 641 bonitus
1403 586 1488 643 illum
1504 586 1574 643 lacit
1587 603 1663 645 esse.

275 667 327 723 Dic
342 668 411 724 ista.
955 667 995 723 lix
1011 672 1126 742 propria
1141 672 1270 729 bouitole
1285 691 1340 730 eun
1355 675 1446 731 scitur
1459 677 1554 733 bouus
1569 692 1635 732 esse
1648 677 1680 733 ¹¹.

202 756 260 813 Deo
276 757 316 813 sit
330 756 433 832 gloria,
954 754 1119 815 Orllrodoxa
1133 760 1204 817 inies
1220 779 1360 834 personae
1376 769 1434 820 tres
1451 764 1555 833 prebat
1570 782 1635 823 esse

202 845 240 901 lix
256 847 342 918 cujus
357 846 452 921 gretia
953 847 986 901 lu
1003 848 1122 916 sienne,
1137 851 1206 907 deos
1219 854 1271 908 sed
1288 858 1346 910 tres
1361 861 1447 926 nogat
1462 856 1492 911 ln
1508 855 1604 912 tribus
1621 872 1696 913 esse.

201 936 363 1009 Speremus
379 936 519 993 celestia.
534 937 637 992 Amen.
955 935 1105 1007 ingenitus
1120 940 1232 1010 genitor
1246 941 1376 1011 genitum
1392 944 1493 1015 genuit
1511 945 1587 1001 Deus
1602 961 1637 1002 ex
1651 961 1683 1002 se
1701 948 1742 1005 ¹¹:

138 1023 263 1080 LXXIV.
283 1026 378 1082 l'crsns
388 1024 421 1080 rie
433 1026 486 1095 fide
502 1029 603 1082 sanctes
615 1025 756 1082 Trinitatis
771 1025 838 1098 (30).
955 1024 1017 1082 Nou
1033 1031 1130 1083 tamen
1149 1027 1197 1084 hic
1211 1031 1325 1101 genitor
1339 1031 1445 1088 habuit
1459 1034 1558 1105 genito
1578 1036 1660 1106 prius
1682 1052 1759 1094 esse.

72 1117 232 1187 essequod
248 1121 294 1173 est
309 1133 387 1173 exse
402 1116 479 1173 Deus
495 1121 551 1182 est,
568 1133 618 1190 per
628 1115 705 1189 quod
722 1117 810 1172 detur
824 1132 899 1182 esse,
954 1113 1082 1185 Spiritus
1096 1114 1191 1173 almus
1207 1120 1242 1174 ab
1260 1119 1305 1175 his
1320 1122 1480 1192 procedens
1497 1138 1547 1194 pcr
1562 1122 1738 1182 hebetasse.

72 1207 154 1274 Quod
170 1224 227 1263 nou
243 1212 337 1264 estex
352 1223 396 1272 ee,
412 1207 536 1263 bellatis
552 1223 610 1263 non
625 1207 713 1263 habet
728 1223 800 1273 esse,
952 1201 1017 1259 Una
1031 1205 1082 1260 sed
1097 1205 1126 1261 iu
1140 1206 1236 1264 tribus
1249 1207 1295 1264 his
1311 1208 1480 1267 substantia
1490 1211 1619 1267 creditur
1632 1229 1709 1270 esse.

71 1301 143 1353 Esse
158 1296 235 1370 quod
253 1300 299 1353 est
314 1301 390 1354 Deus
403 1300 461 1363 est,
478 1297 525 1354 cui
544 1313 644 1353 verum
671 1296 809 1368 compelli
822 1310 898 1353 esse.
954 1297 1046 1365 Atque
1061 1298 1238 1351 coeternum
1252 1297 1385 1368 personis
1399 1298 1536 1370 congruit
1550 1314 1627 1356 esse.

71 1384 213 1443 Convenit
227 1384 297 1440 huie
314 1383 380 1456 soli,
401 1385 477 1457 quod
493 1384 568 1442 nulli
585 1386 718 1442 convenil
733 1400 808 1441 esse.
953 1379 1001 1436 Sic
1016 1398 1069 1454 par
1085 1383 1236 1455 majestas,
1251 1401 1304 1457 per
1318 1385 1410 1441 virtus
1424 1385 1516 1442 iertur
1532 1385 1640 1444 inesse.

71 1477 147 1531 Aule
165 1476 254 1530 licum
272 1473 344 1530 nihil
360 1479 405 1531 est
421 1474 499 1547 quod
515 1474 609 1547 possit
623 1491 657 1531 eo
673 1475 754 1548 prius
769 1491 843 1532 esne.
951 1469 1031 1534 Quod
1049 1470 1133 1527 Pater
1146 1478 1191 1528 est
1203 1472 1256 1529 lroc
1272 1473 1362 1530 Filius
1377 1478 1432 1545 est,
1450 1473 1503 1531 hoo
1519 1475 1646 1548 Spiritus
1661 1492 1726 1536 esse

73 1565 140 1621 Post
155 1564 238 1620 illum
255 1563 330 1620 nihil
346 1563 482 1636 estquod
500 1565 646 1635 posterius
662 1572 747 1637 queat
763 1580 827 1621 csse
838 1563 859 1619 ¹.
951 1558 1071 1615 Dicitur.
1090 1560 1170 1617 Unus
1185 1563 1263 1618 enim
1277 1562 1353 1619 Deus
1370 1580 1462 1618 uuum
1478 1565 1611 1621 continet
1625 1582 1700 1624 esse.

69 1654 164 1726 Supru
180 1670 266 1726 quem
284 1654 357 1710 nihil
373 1660 417 1709 est
433 1655 510 1726 quod
527 1654 618 1709 diuam
635 1653 743 1710 celsius
756 1654 858 1710 esse’:
950 1649 1003 1714 Oui
1020 1654 1118 1707 lemen
1133 1657 1178 1708 esi
1193 1651 1316 1725 genitor.
1333 1668 1390 1708 non
1406 1658 1435 1709 el
1450 1654 1567 1727 genitus
1580 1655 1657 1713 valet
1679 1671 1754 1716 esse.

71 1745 156 1800 Extra
171 1759 259 1816 quem
276 1742 349 1800 nihil
366 1744 501 1813 estquod
517 1743 613 1798 dicum
631 1742 717 1800 latius
733 1741 828 1800 essai.
906 1773 930 1840 B
949 1739 1003 1805 Qui
1018 1756 1086 1798 vero
1101 1744 1217 1816 genitus
1232 1748 1286 1810 est,
1302 1744 1429 1816 Spiritus
1447 1746 1494 1801 hio
1510 1748 1612 1821 nequit
1625 1764 1700 1808 esse.

68 1832 161 1889 Omne
171 1833 248 1906 quod
262 1837 316 1898 est,
328 1849 403 1906 opus
414 1832 493 1888 iilius
506 1841 562 1900 est;
577 1832 656 1889 dedit
667 1833 805 1889 omnibus
815 1847 891 1890 esse:
950 1830 1031 1886 Sicut
1045 1830 1075 1887 in
1091 1847 1149 1889 uuo
1162 1837 1221 1888 tres
1237 1848 1377 1906 persensa
1392 1834 1519 1891 dicimus
1534 1852 1609 1903 esse,

69 1922 104 1977 ut
120 1922 185 1978 sine
200 1938 257 1994 quo
272 1922 346 1978 nihii
360 1930 414 1990 est,
426 1920 499 1977 nihil
515 1927 566 1978 sut
581 1922 646 1991 init,
663 1925 713 1978 aut
727 1923 803 1978 valet
817 1937 890 1979 esse.
950 1919 998 1977 Sic
1014 1920 1044 1975 in
1060 1922 1195 1994 personis
1211 1922 1304 1978 tribus
1321 1938 1414 1979 unum
1429 1923 1578 1983 credimus
1593 1943 1670 1985 esse.

70 2012 161 2083 Cujus
182 2012 319 2083 majestas
335 2012 497 2084 disponens
511 2017 617 2067 cuneta
632 2027 720 2085 penes
732 2028 763 2069 se
775 2011 796 2067 ⁴.
949 2008 1023 2080 Ergo
1040 2011 1178 2066 factorem
1194 2011 1308 2067 iactura
1323 2011 1416 2068 Usum
1436 2016 1511 2070 sciat
1526 2030 1602 2082 esse,

68 2099 106 2155 Ut
122 2116 271 2172 nunquam
287 2099 385 2174 coepit,
402 2099 444 2155 sie
460 2116 608 2171 nunquam
625 2100 733 2156 desinit
746 2114 821 2157 esse.
947 2097 997 2154 Cui
1015 2098 1189 2156 mirabiliter
1203 2099 1336 2156 mirabile
1349 2102 1488 2174 competit
1502 2119 1567 2159 esse

67 2188 160 2245 Omne
175 2188 252 2261 quod
268 2191 323 2255 est,
339 2190 416 2261 quod
433 2193 506 2255 eret,
523 2189 600 2262 quod
617 2189 672 2245 erit
687 2205 739 2262 par
754 2188 823 2246 huie
837 2205 890 2245 ne·
945 2188 1060 2244 Garriat
1074 2205 1141 2263 ergo
1157 2189 1225 2246 licet
1237 2189 1384 2247 Sabelliue
1399 2192 1453 2248 hoe
1468 2192 1541 2248 nihil
1557 2209 1632 2262 esse,

694 2279 780 2351 liquit
794 2294 869 2335 esse.
944 2274 1003 2333 Hoc
1018 2277 1195 2335 orthodoxus
1208 2283 1288 2335 tenet
1303 2280 1334 2348 ¹¹,
1351 2284 1380 2335 el
1395 2281 1437 2337 eie
1450 2279 1559 2339 astruit
1573 2298 1649 2340 esse.

65 2369 171 2423 Praetsr
185 2382 272 2439 quem
288 2365 384 2422 solum
402 2371 476 2423 Deus
492 2367 565 2423 aller
580 2383 637 2424 nou
653 2366 741 2423 habet
755 2381 818 2423 esse
830 2367 850 2424 ¹.
943 2365 1045 2423 Arrius
1060 2366 1159 2423 infelix
1174 2368 1244 2441 quia
1259 2368 1301 2424 eie
1317 2384 1376 2426 non
1390 2370 1515 2426 credidit
1528 2387 1604 2440 esse,

63 2455 194 2527 Namque
211 2460 301 2512 Deum
318 2473 419 2512 verum
435 2472 520 2513 verax
535 2457 608 2514 ratio
625 2461 711 2530 negat
725 2472 799 2525 esse,
941 2453 1088 2511 Tartareis
1103 2455 1230 2512 dammis
1246 2456 1353 2512 meruit
1368 2457 1434 2514 siue
1447 2459 1505 2515 ilue
1521 2459 1645 2518 subesse
1661 2464 1693 2520 ¹¹.

63 2545 153 2608 Quem
169 2544 244 2617 lapis
259 2549 344 2617 atque
360 2562 467 2602 manus
482 2545 609 2602 hominis
621 2545 754 2618 perduxit
762 2546 798 2602 ad
809 2562 883 2603 esse.
942 2542 1050 2599 Taliter
1065 2544 1123 2600 alta
1138 2544 1209 2600 tides
1225 2544 1261 2602 de
1276 2561 1341 2602 vero
1358 2546 1490 2619 disputet
1504 2564 1578 2607 esse.

61 2636 96 2687 Al
111 2633 186 2689 Deus
201 2635 399 2707 omnipotens,
414 2635 461 2690 oui
478 2634 577 2690 nullus
599 2634 686 2690 home
713 2634 794 2690 dedit
808 2650 883 2692 esee.
939 2631 1049 2688 Taliter
1063 2635 1226 2689 uteredaut
1239 2650 1303 2690 reor
1314 2636 1453 2694 omuibus
1466 2652 1531 2695 esse
1546 2655 1676 2698 neeesse.

63 2723 125 2778 imo
140 2722 190 2794 qui
208 2723 318 2779 iaciens
334 2723 482 2779 hominem
500 2723 643 2796 reparavit
657 2723 693 2779 ad
709 2722 805 2795 ossei,
938 2721 975 2776 m
989 2721 1046 2778 nisi
1064 2722 1087 2758 ¹¹
1102 2723 1269 2791 credamus,
1286 2723 1341 2780 uisi
1358 2727 1553 2784 conliteamur
1567 2727 1597 2784 id
1609 2745 1674 2786 esse

62 2810 112 2866 llic
126 2828 192 2868 uere
208 2817 282 2868 Deus
297 2819 349 2878 est,
367 2823 394 2869 ei
409 2830 466 2869 nou
484 2818 559 2871 Deus
574 2813 621 2870 hic
636 2813 738 2886 nequit
752 2828 827 2870 esse.
939 2809 1076 2867 Firmiter
1092 2815 1123 2866 et
1138 2827 1220 2882 acue,
1239 2811 1313 2869 salvi
1329 2830 1387 2870 non
1402 2831 1562 2887 possumus
1576 2833 1652 2875 esse.

59 2900 96 2956 m
111 2900 188 2957 [leus
203 2901 266 2973 ipse
281 2901 351 2957 deos
371 2918 460 2974 super
475 2919 577 2959 omnes
593 2904 813 2968 creditorem,
1045 2925 1149 2982 LXXV,
1166 2926 1318 2984 puppem,-
1330 2929 1363 2986 p,
1377 2930 1476 2986 mmo
1489 2947 1539 2988 ,uo
1550 2931 1572 2968 n
1587 2932 1657 2989 piper

59 2989 163 3045 13ss
178 2990 283 3046 Totum
299 2994 379 3047 lotus
395 2991 579 3057 hubens‚toti
594 2993 656 3048 vult
666 2991 734 3063 jure
746 3006 878 3063 praeesse.

58 3078 169 3135 Cuncta
184 3082 319 3150 creando,
335 3081 391 3136 sibi
408 3078 470 3136 vult
484 3086 588 3136 cuncta
603 3085 700 3137 ereata
714 3080 836 3136 subesse
852 3096 859 3137 :
937 3031 1762 3167 (ugailmirigiffiiiisiustitia{inSmiieiiiiiilieritsissiiisiri'

58 3167 148 3225 'Polus
164 3168 273 3242 ubique
287 3186 375 3226 suum
391 3172 401 3206 ¹
418 3188 474 3226 uon
490 3169 613 3226 alternet
629 3171 705 3227 Deus
720 3186 795 3228 esse.
899 3143 921 3209 C
972 3176 1065 3231 reneis
1081 3146 1226 3258 unnoru’m
1245 3177 1280 3231 ad
1297 3149 1396 3234 m'inus
1410 3179 1475 3234 500.
1501 3180 1619 3236 iidilum
1635 3181 1664 3237 iu
1683 3182 1759 3255 Sup-

57 3255 112 3320 Qui
127 3257 213 3314 modo
228 3275 285 3316 nou
302 3259 378 3317 alius
394 3277 483 3333 quam
499 3259 611 3331 pridem
626 3259 756 3317 creditur
769 3274 844 3316 esse.
898 3262 900 3266 ’
972 3246 1058 3319 ΡῙθΙΠ·
1074 3245 1218 3319 H⁰¹¹¹⁰ll¹i

57 3346 162 3403 Omnia
177 3352 391 3418 transmutans,
408 3350 510 3423 nequit
527 3349 572 3406 hic
588 3349 739 3406 mutabilis
755 3365 818 3405 esse
836 3364 843 3404 τ
935 3353 1035 3427 Nuper
1049 3370 1129 3410 eram
1146 3352 1287 3426 locuples,
1303 3354 1466 3427 multisque
1480 3356 1586 3414 beatus
1603 3357 1716 3428 amieis,

56 3435 249 3509 AEternusquc
263 3439 339 3495 Deus
355 3438 441 3497 babet
455 3438 629 3496 eternaliter
644 3455 718 3496 esse.
970 3443 1110 3500 sinisera
1126 3442 1176 3499 diu
1193 3443 1251 3500 iata
1266 3445 1395 3501 secunda
1411 3444 1496 3503 mihi.

57 3524 111 3592 Qui
125 3527 242 3583 sumsit
258 3544 393 3601 magnus,
410 3528 505 3600 maior
519 3529 622 3602 nequit
635 3537 684 3585 aut
695 3528 790 3585 minor
803 3545 878 3587 esse.
936 3533 1024 3605 Larga
1039 3531 1136 3603 Ceres,
1161 3533 1237 3590 deus
1262 3534 1388 3590 Arcadiae
1404 3534 1595 3608 Bacchusque
1609 3536 1761 3610 replebant

57 3617 89 3671 lu
105 3631 163 3687 quo
179 3632 297 3689 semper
310 3621 375 3673 erat
388 3618 418 3673 in
434 3619 536 3674 eodem
551 3627 701 3690 permanet
715 3635 780 3676 esse
793 3617 815 3675 ⁸.
971 3621 1087 3691 Horrea,
1104 3624 1188 3690 lecta,
1205 3637 1328 3693 penum,
1345 3622 1431 3690 isere,
1448 3623 1577 3694 bidente,
1594 3641 1684 3681 mero.

55 3706 881 3779 Quemdeoetessequodest,sednondeeetesse¹ue
934 3711 1052 3776 Hortus,
1082 3725 1163 3781 apes,
1195 3709 1320 3776 famula,
1349 3711 1513 3784 pulmento,
1538 3713 1759 3789 melle,tapetis
1851 3718 1855 3723 '

698 3799 792 3870 [cesse
808 3816 815 3857 :
968 3799 1104 3854 [titubent
1119 3797 1200 3871 large
1216 3799 1350 3871 prandia,
1361 3816 1444 3870 vasa,
1460 3802 1592 3859 domum.

91 3945 380 4015 (30)Hnuci'rosam
407 3949 442 4005 ad
468 3947 578 4005 calcem
603 3946 672 4004 l.V
705 3949 833 4022 Operum
857 3949 887 4005 S.
930 3946 1155 4004 turHiideberto
1174 3948 1334 4006 Geuornan.
1357 3950 1504 4026 episcopo,
1521 3951 1577 4008 sub
1595 3951 1761 4013 tituloztie
1876 3960 1880 3971 '

54 4017 194 4073 Bernardi
220 4018 320 4076 retulit
334 4021 365 4076 li.
385 4021 413 4076 Ρ.
429 4022 460 4075 D.
476 4020 502 4077 J.
530 4019 730 4091 Mabillouius,
746 4036 834 4092 quam
851 4021 881 4076 iu
931 4019 984 4091 tide
1007 4029 1116 4077 sanctes
1138 4021 1293 4090 Trinitatis,
1317 4037 1405 4093 quum
1429 4025 1571 4080 tamenin
1589 4025 1668 4080 nullo
1686 4024 1762 4080 vidi·

54 4093 124 4145 nota
152 4090 307 4163 marginali
322 4091 363 4147 ait
390 4092 421 4147 in
436 4091 562 4148 editioue
585 4091 715 4163 Spirensi
733 4108 780 4148 au.
797 4091 877 4161 1501,
931 4106 1062 4147 musms.
1076 4091 1167 4160 illum,
1185 4107 1221 4148 ne
1238 4092 1355 4164 periret,
1371 4091 1415 4149 vel
1431 4093 1508 4150 inter
1522 4095 1761 4152 dubieduximus

54 4160 183 4231 Operum
199 4166 226 4218 S.
244 4162 382 4218 Berunrdi
398 4162 538 4219 mellifluo
554 4163 665 4219 doctori
680 4162 772 4219 luisse
787 4160 879 4218 tribu·
931 4161 1151 4236 divulgandam,
1167 4163 1264 4220 liceto
1278 4164 1484 4221 Mabilloninna
1499 4167 1528 4221 in
1546 4165 1760 4238 eliquibusdis·

53 4235 125 4288 tem.
139 4235 212 4288 Cum
228 4239 325 4291 aulem
336 4235 365 4290 iu
381 4235 508 4292 editione
523 4234 615 4291 Paris.
627 4250 676 4290 au.
688 4233 877 4290 l548lribuu·
929 4244 1095 4307 crepantem
1109 4234 1160 4307 (c).

89 4484 98 4519 ¹
118 4483 337 4542 Mabillonlaua.
353 4486 423 4542 dicte
435 4487 520 4543 Deum
533 4486 611 4544 nillil
625 4492 666 4545 ert
680 4487 749 4560 quod
761 4487 896 4558 posterius
910 4489 993 4558 perot
1002 4501 1068 4541 esse.
1084 4485 1095 4519 ¹
1109 4483 1201 4555 Supra
1215 4499 1295 4555 quem
1309 4483 1383 4540 nilsil
1397 4491 1440 4540 est
1454 4484 1527 4556 puori
1540 4485 1652 4543 erectam
1667 4487 1755 4543 lotias

51 4569 117 4610 esse.
142 4554 153 4589 ³
182 4558 269 4613 detra
292 4573 382 4630 quent,
412 4561 466 4616 ete.
492 4559 578 4616 Deest
604 4559 651 4615 hin
677 4576 789 4616 versus.
813 4559 824 4593 ¹
847 4563 941 4614 Perre
964 4557 974 4592 ¹
1001 4557 1079 4613 Valet
1096 4554 1194 4611 esse.¹
1217 4557 1354 4611 Percurrit
1378 4556 1416 4610 erl
1438 4554 1521 4612 esse¹
1542 4557 1645 4630 Utique
1660 4559 1755 4617 simul.

50 4625 128 4681 ¹Hic
143 4643 245 4683 versus
261 4629 351 4685 deest.
366 4629 377 4663 ¹
393 4629 450 4685 lion
467 4630 548 4687 alind
560 4631 632 4688 decet
647 4647 713 4688 esse.
732 4631 755 4667 ¹⁰
771 4633 880 4687 Desunt
895 4627 941 4684 hic
957 4630 1013 4685 duo
1029 4643 1131 4684 versus
1143 4627 1194 4699 qui
1209 4627 1319 4683 suntin
1335 4625 1552 4698 Mubilloniana,
1569 4645 1611 4686 se.

600 4757 669 4828 Erpo
683 4759 814 4827 [actorem
827 4757 936 4820 scotere
950 4756 1036 4810 Deum
1049 4755 1119 4809 rrict
1133 4768 1200 4810 esse.

600 4829 649 4883 Cet
663 4828 830 4883 mirabiliter
842 4826 972 4882 mirabile
983 4826 1110 4896 competit
1124 4839 1193 4881 esse.

603 4899 758 4955 Ortiorlocu
773 4897 848 4962 ider,
865 4903 920 4954 etc.

47 5022 122 5076 Sunt
136 5022 183 5078 hic
198 5023 331 5082 iuferius.
349 5027 371 5062 ¹¹
383 5027 526 5098 inpendet
541 5025 640 5098 penita
654 5025 792 5092 penitens
806 5024 852 5080 det
866 5025 936 5081 rens
958 5023 1307 5080 commonitorem
1327 5028 1409 5081 tenet.
1428 5025 1451 5060 ¹¹
1468 5027 1611 5084 Tartareos
1626 5028 1752 5097 {inminet

46 5092 149 5149 meruit
172 5095 233 5152 sine
247 5096 301 5166 fine
324 5114 440 5156 necesse.
458 5099 481 5134 ¹¹
495 5101 548 5156 ileo
570 5099 633 5154 nisi.
652 5084 674 5134 ¹¹
688 5101 742 5153 Me.
759 5097 788 5153 S.
803 5096 923 5153 Mariani
940 5094 1049 5152 habet:
1068 5095 1105 5150 ile
1119 5096 1244 5166 fortune.
1263 5097 1373 5153 Turon.
1390 5097 1428 5152 tie
1445 5094 1526 5170 lapsu
1540 5099 1623 5171 trtjcr
1637 5099 1746 5157 mnndi.
1829 5134 1832 5139 ·
1879 5144 1891 5173 Ι,

77 5247 113 5308 (c)
126 5247 145 5312 †
158 5248 189 5299 lu
204 5250 360 5312 proetutioue
371 5266 397 5314 p.
407 5266 462 5306 χιιι.
478 5253 507 5300 1).
524 5250 695 5314 Beuugeuslre
710 5251 749 5302 sic
759 5266 787 5302 ss
798 5251 878 5302 habet
888 5266 917 5303 :n
932 5249 1134 5301 Observandum
1145 5247 1225 5298 uobis
1239 5262 1358 5299 errorem
1370 5250 1397 5299 in
1409 5250 1492 5302 verbo
1504 5253 1635 5304 excidisse
1644 5250 1671 5303 iu
1682 5257 1749 5304 uota
1859 5236 1870 5285 .‘
1888 5290 1892 5297 .

45 5309 80 5359 ad
97 5310 187 5360 Versus
202 5313 317 5362 deliine
333 5319 428 5364 ennete
444 5315 590 5370 Trinitntis,
604 5316 667 5365 dum
685 5314 742 5364 illos
764 5312 880 5365 diximus
902 5312 972 5365 inter
988 5312 1073 5363 reesa
1087 5311 1258 5386 repoueudos
1275 5325 1280 5359 :
1299 5314 1370 5385 trude
1385 5311 1452 5364 torte
1468 5317 1529 5378 quis
1544 5315 1643 5388 inferre
1659 5320 1750 5379 posset

45 5376 219 5439 ceteraque
235 5381 386 5440 sequuntur
396 5391 455 5427 ease
474 5376 556 5426 dubia
571 5377 719 5427 Hildeberli
731 5390 814 5439 opera
829 5375 920 5441 ,quod
939 5376 1094 5446 nullatenus
1105 5375 1278 5432 intendimus,
1293 5389 1346 5446 'uec
1361 5375 1503 5448 intendere
1519 5378 1672 5438 debuimus,
1688 5390 1750 5450 cusu

43 5434 114 5485 nihil
129 5437 230 5487 certius
242 5438 277 5486 sit
292 5437 389 5488 librum
405 5439 437 5489 de
453 5438 550 5490 Exsilio
563 5453 611 5490 suo
635 5442 806 5490 essessverum
830 5440 888 5504 ejus
909 5438 1012 5494 scotum.
1029 5441 1099 5487 sicut
1116 5442 1142 5487 ct
1154 5441 1250 5510 coeteru
1266 5435 1318 5487 alra
1333 5451 1463 5495 currnsuu,
1479 5441 1536 5490 sive
1558 5440 1750 5504 praecedentia,

44 5510 109 5610 iiiii
122 5500 272 5612 {ieiuiimia’
286 5514 347 5564 quse
361 5515 392 5552 ex
404 5501 513 5615 aptimiz
526 5501 716 5615 manuscriptis
731 5500 1219 5616 et‘nuivsfflrusmfflcnfllfflrrgecrgiaeirz
1239 5499 1342 5610 illorum
1358 5500 1523 5554 intercutis
1538 5502 1682 5570 legendum
1698 5505 1749 5562 est,

143 5577 404 5626 cunsumpserit
433 5580 458 5614 m
471 5581 500 5614 sn
514 5581 543 5614 er
556 5580 656 5625 ecquae
674 5581 681 5613 s.
698 5580 756 5615 sm.
1222 5600 1228 5612 ·

207 5675 344 5740 Persei..
368 5677 422 5739 Gn.
446 5677 579 5740 ccxxi.
1573 5677 1611 5735 li
