3802 6030
66 267 143 328 1697
620 266 737 331 tinuit
760 264 885 329 DECEM
908 263 1202 329 caetratorum.
1685 262 1764 325 {698

64 401 130 471 Ipse
145 414 268 454 manens
284 413 411 470 semper,
422 414 490 454 oum
505 398 674 456 transitoria
689 397 794 456 linxiti
904 413 928 476 Α
944 397 1015 463 Quis
1025 413 1124 456 curam
1140 401 1232 471 geret,
1247 403 1297 454 aut
1316 395 1383 471 quis
1397 395 1519 454 volnera
1534 393 1625 451 cruda
1638 391 1769 469 ligabit!

63 489 93 543 si
104 505 200 561 genus
218 486 381 544 humanum
397 504 502 545 sumus
518 488 573 544 bac
588 489 720 564 sublege
736 486 837 560 creati,
946 486 1075 546 Plurima
1090 489 1139 561 qui
1155 489 1243 545 venies
1259 504 1340 561 apem
1359 504 1409 560 per
1423 487 1600 544 documenta
1613 484 1733 559 dedisti,

64 576 99 634 Ut
117 577 261 651 quidquid
278 577 408 649 gerimus
419 578 544 651 lugitivn
559 583 675 648 tempoe
689 584 754 635 vitae
943 576 1094 636 indicium
1108 595 1270 648 removens,
1285 580 1398 635 veniam
1414 577 1541 634 concede
1554 575 1679 648 roganti.

63 672 218 734 Transeat,
239 673 269 724 et
284 674 399 724 nosmet
413 671 531 725 tandem
548 668 637 725 simul
649 672 838 737 intereamus,
944 667 1018 726 Nam
1035 669 1099 744 quis
1111 670 1223 742 judicio
1240 671 1346 742 polerit
1360 668 1536 725 contendere
1551 666 1672 722 toaumi

65 755 213 827 insipiens
224 757 333 828 opilea,
350 757 665 829 reprehendendusque
680 756 804 826 ridetur,
945 761 1028 819 Nulla
1047 760 1118 816 mihi
1136 761 1231 816 meriti
1248 759 1366 817 ilducia.
1380 759 1410 816 Si
1423 764 1522 814 temen
1539 763 1635 829 optas,

67 846 162 917 Cujus
173 861 247 918 opus
262 862 371 903 venum
387 846 474 903 veluti
490 864 540 904 vas
555 846 643 903 fictile
659 847 774 904 transit.
945 850 1408 924 10⁶⁰(Utpiueae)meritum,
1426 865 1484 922 quo
1497 849 1564 920 jure
1582 861 1674 919 queas
1685 845 1770 902 mlee·

63 936 110 992 Sic
123 936 204 991 leber
219 936 343 1008 ignarus
358 952 411 1009 per
426 953 498 1007 opas
513 935 651 1009 culpatur
669 936 812 1009 ineptum,
1651 934 1732 1008 [reri,

62 1025 272 1096 Artilloemque
287 1042 374 1082 suum
393 1025 582 1099 reprehendit
596 1025 720 1082 frabrica
740 1030 858 1081 nutans.
947 1029 987 1084 sit
1006 1026 1076 1085 mihi
1095 1045 1146 1101 pro
1162 1028 1265 1085 merito
1281 1028 1376 1084 measti
1394 1025 1532 1084 contritio
1547 1023 1656 1093 cordis,

63 1112 121 1170 Sed
136 1130 232 1186 neque
246 1131 335 1187 qnam
353 1115 497 1188 pecudum
515 1114 619 1172 melior
638 1130 703 1172 sore
727 1119 825 1171 nostra
846 1110 891 1170 vi·
945 1118 1011 1176 Sint
1023 1117 1156 1191 lacrymae
1170 1117 1241 1173 mihi
1255 1135 1305 1190 pro
1317 1115 1771 1188 merito,eintverhe,precesquc.

748 1203 854 1276 [delum
944 1209 1087 1267 Narratur
1102 1208 1238 1280 lacrymis
1253 1208 1353 1263 abluta
1369 1206 1483 1279 negatio
1503 1205 1592 1261 Petri.

63 1294 136 1350 Cum
154 1311 206 1366 par
220 1293 357 1350 interitus
370 1293 505 1351 homines
514 1294 711 1366 jumentaque
725 1292 819 1349 tollat.
944 1297 1078 1354 Creditur
1091 1302 1120 1353 et
1136 1295 1250 1352 meritis
1265 1294 1408 1352 meruisse
1422 1294 1494 1350 latro
1509 1291 1690 1366 paradisum.

64 1383 94 1440 st
110 1385 178 1456 quis
193 1401 267 1456 opus
284 1401 416 1453 eumens,
435 1395 465 1440 ut
479 1384 604 1452 desinat,
617 1384 731 1456 incipit,
743 1391 790 1439 aut
806 1382 831 1440 si
944 1387 1030 1458 Regis
1045 1386 1222 1442 adulterium
1235 1389 1346 1458 septem
1364 1385 1488 1441 tolerata
1501 1384 1606 1439 diebus

64 1473 153 1530 Tacta
168 1474 274 1530 domus
291 1474 424 1541 subiens,
439 1474 579 1540 obintrat,
597 1480 629 1530 ut
642 1475 819 1548 egredietur,
943 1475 1058 1534 Dicitur
1072 1476 1246 1532 emendasse
1263 1476 1354 1531 tames
1369 1473 1525 1546 ;justique
1541 1471 1637 1529 necati

63 1563 198 1618 lneuleue
215 1565 322 1620 merito
339 1563 578 1634 deridendusque
593 1564 719 1620 videtur.
943 1566 1003 1623 Rex
1018 1566 1095 1623 idem
1112 1565 1224 1621 lacinus
1237 1563 1350 1620 ratione
1369 1562 1457 1637 piavit
1473 1563 1586 1618 eadem.

61 1655 121 1707 Nos
137 1668 253 1726 quoque
269 1652 294 1709 ei
311 1657 427 1710 tantum
449 1652 511 1708 nati
527 1669 632 1710 sumus
649 1657 681 1709 ut
696 1651 868 1712 moriamur.
943 1657 1079 1713 Damone
1095 1659 1216 1726 septeno
1227 1653 1295 1710 lietu
1312 1658 1438 1727 purgata
1452 1652 1552 1719 Maria,

61 1744 94 1799 ln
110 1759 218 1798 vanum
234 1743 308 1810 nati,
325 1744 435 1800 frustra
446 1743 552 1800 vixisse
563 1743 730 1816 probamur.
944 1742 1040 1799 Prima
1053 1745 1252 1814 reeurgentem
1268 1741 1375 1797 meruit
1386 1755 1561 1813 cognoscere
1571 1737 1723 1795 Christum

61 1831 116 1888 Sed
132 1848 200 1888 oum
217 1831 257 1888 eit
270 1835 400 1905 sapiens,
419 1833 477 1889 imo
493 1832 645 1905 rapientia,
661 1832 711 1906 qui
728 1849 781 1890 noe
943 1832 1069 1889 Plurima
1084 1840 1150 1888 eunt
1165 1829 1299 1904 exempla
1315 1832 1425 1904 quibus
1438 1829 1545 1885 fiducia
1559 1828 1649 1898 lapsis

62 1922 208 1988 Condi-tit,
224 1929 313 1993 atque
329 1941 382 1979 sua
398 1923 525 1996 signavit
546 1924 673 1997 imagine
689 1928 817 1979 mentem
943 1925 1027 1980 certa
1041 1921 1240 1989 deturvenin,
1257 1936 1318 1990 qum
1335 1925 1366 1976 tn
1384 1918 1539 1976 recolenda
1556 1915 1676 1990 paraui,

62 2010 113 2066 Cui
127 2013 251 2068 formala
266 2015 326 2068 tuto
343 2012 494 2069 commisit
509 2013 640 2068 membra
656 2013 793 2084 regenda,
943 2011 984 2069 Ne
1000 2014 1068 2085 quis
1082 2012 1226 2084 desperet.
1241 2028 1309 2067 cum
1326 2012 1438 2068 tesciat
1453 2025 1517 2065 esee
1533 2008 1704 2079 benignum.

63 2103 124 2155 Non
140 2105 186 2156 est
199 2103 380 2158 credendum
400 2118 453 2158 nos
467 2102 601 2157 lunditua
614 2101 799 2170 interiturum
943 2102 1028 2168 brun,
1045 2103 1170 2173 henigne
1187 2101 1280 2169 Pater,
1293 2102 1336 2157 lac
1350 2117 1430 2156 mora
1441 2106 1491 2155 tuo
1504 2102 1576 2154 bene
1589 2112 1716 2165 mecum,

63 2190 118 2245 Sed
134 2192 230 2264 potins
245 2201 356 2248 conetur
369 2194 448 2264 quod
465 2208 599 2249 neccaro
616 2197 716 2248 nestra
738 2190 851 2265 peribit,
943 2189 980 2247 Ut
993 2207 1060 2248 oum
1071 2192 1191 2248 salvatis
1208 2206 1320 2246 merear
1335 2189 1518 2260 requiescere
1534 2194 1644 2243 tecum.

64 2279 187 2337 AEernre
204 2283 293 2337 menti
311 2284 385 2338 miro
405 2281 495 2338 semel
511 2283 614 2338 ordine
625 2288 729 2353 juncta
945 2285 1021 2338 haue
1035 2285 1097 2348 tua,
1114 2286 1222 2346 secute,
1239 2295 1304 2334 meo
1319 2295 1436 2351 aemper
1452 2285 1583 2334 vereatur
1600 2277 1630 2332 in
1646 2290 1705 2345 ora,

63 2367 137 2420 Nam
154 2366 424 2439 ituncunetipntene
435 2367 582 2425 hominem
596 2366 732 2422 conflavit
742 2365 772 2423 in
785 2382 888 2437 unum,
944 2371 977 2428 m
993 2387 1057 2429 mea
1071 2371 1217 2443 scriptura
1231 2369 1379 2426 confessio
1393 2368 1469 2426 vivat
1479 2370 1509 2424 ln
1527 2368 1594 2425 ieta.

63 2453 149 2512 Utile
165 2457 289 2513 diversis
305 2460 398 2513 taetus
412 2464 561 2515 certamen
578 2457 706 2528 heberet,
1305 2496 1324 2550 Λ

63 2545 252 2618 arbitrioque
267 2564 321 2603 suo
337 2548 423 2616 vinci,
443 2547 487 2603 vel
500 2549 616 2603 vinrero
632 2551 745 2618 poeset;
1222 2509 1425 2657 CAPITITOEM
1441 2599 1481 2657 m

63 2635 122 2691 Sed
135 2637 211 2692 bena
227 2637 367 2710 pugnanti
386 2643 500 2709 pareret
514 2637 634 2693 victoria
645 2636 782 2708 palmam,
1484 2640 1492 2659 ·

63 2725 246 2797 Supplicium
263 2726 337 2783 ricto
353 2727 475 2799 dignum
491 2742 612 2782 teneura
624 2731 749 2798 pararet.
1247 2725 1284 2765 ⁰⁸
1297 2722 1467 2766 mmm·

66 2812 116 2869 Sic
130 2813 350 2870 loreteternum
367 2814 445 2887 quod
460 2815 592 2871 condidit
606 2815 737 2887 optimae
747 2815 859 2879 auctor.
944 2818 1116 2876 innumeros
1127 2817 1202 2874 inter
1215 2816 1335 2888 laqueos
1351 2813 1477 2872 callidas
1492 2810 1599 2880 bostis,

65 2900 119 2964 Oui
136 2901 224 2958 haam
238 2908 339 2973 nescit,
357 2920 445 2976 quem
463 2912 592 2976 tempore
606 2903 685 2960 nulle
700 2907 856 2968 coarctant,
943 2912 1051 2967 Omnes
1066 2924 1118 2980 per
1133 2907 1235 2965 mundi
1251 2906 1342 2963 colles
1358 2918 1537 2976 camposque
1548 2899 1683 2967 tetendit,

65 2986 157 3053 Quem
174 3006 262 3063 penca
273 2992 393 3048 omnino
407 3008 461 3063 pax
475 2998 531 3061 0⁸¹,
546 2997 575 3047 tl
586 3008 702 3062 seraper
716 2990 856 3061 idicwm·
942 2996 1089 3054 Maximae
1104 3002 1161 3067 est,
1177 3002 1206 3054 et
1221 3011 1310 3068 quem
1326 2994 1372 3050 vix
1387 2995 1541 3067 quiequam
1557 2990 1657 3047 lallare
1664 2987 1768 3062 possit.

65 3077 206 3150 Tempora
220 3080 294 3137 iaota
310 3088 391 3153 pulo.
407 3097 529 3151 auorum
547 3081 668 3136 variatio
680 3087 798 3153 lempna
944 3087 1075 3156 Femina,
1088 3090 1174 3144 triete
1189 3091 1288 3159 capnt,
1304 3082 1382 3140 mala
1405 3083 1494 3152 stirps
1510 3081 1615 3137 uitiosa
1630 3094 1769 3151 propago,
1868 3116 1871 3121 -

62 3166 170 3237 Efflffl,
187 3186 222 3225 ΡΧ
240 3170 328 3226 Vtilis
343 3178 464 3242 gentili
480 3169 627 3226 (Ῐῑεῦθῐᾶῑῠ
643 3185 789 3242 pugnam:
901 3157 923 3226 c
943 3177 1067 3234 Plurima
1078 3182 1244 3249 quamtum
1255 3189 1307 3245 per
1319 3167 1610 3228 nrundumsraudela
1621 3166 1733 3241 gignit;

60 3259 240 3316 nasturtium
258 3277 361 3333 pugnae
377 3259 511 3332 sequitur
527 3260 658 3327 victoria,
675 3275 738 3331 qua
753 3257 780 3315 ei
941 3266 1009 3331 Quia
1026 3266 1102 3332 liter,
1119 3265 1207 3327 rixas,
1223 3270 1252 3320 et
1263 3263 1353 3319 duras
1368 3260 1529 3316 seditiones

59 3348 206 3418 Tollatur,
222 3353 332 3421 pariter
347 3366 458 3406 mercen
474 3353 502 3404 et
518 3365 601 3420 uoena
614 3348 759 3418 peribunt·
941 3356 1062 3424 Excitat,
1080 3361 1237 3411 sterteres
1253 3350 1330 3408 hello
1344 3349 1503 3407 committit
1517 3347 1640 3418 amicos,

58 3439 117 3495 Sed
134 3440 358 3512 nequejuatitire
374 3440 493 3496 dabitur
507 3439 589 3495 locus
605 3435 830 3508 Ornnrpntentie,
941 3446 1064 3517 separat
1078 3443 1209 3512 affectus,
1225 3447 1310 3499 natos
1326 3441 1382 3496 ciet
1396 3446 1484 3511 rique
1500 3444 1634 3511 parantes
1650 3451 1658 3493 ε

60 3526 116 3584 Per
130 3545 217 3600 quam
236 3546 287 3599 pro
305 3529 416 3586 meritis
433 3530 594 3586 tolerantur
607 3527 709 3584 tottila
723 3530 840 3599 cuique·
941 3539 1032 3590 Parva
1048 3536 1162 3604 loquor,
1180 3546 1263 3603 reges
1276 3528 1348 3585 solio
1365 3535 1471 3594 moret,
1488 3534 1576 3598 atque
1590 3521 1766 3590 tetrarchae,

62 3616 137 3687 Ergo
155 3633 272 3674 necesse
288 3619 343 3674 fait
356 3621 454 3675 verine
468 3618 606 3689 elingere
619 3623 728 3685 motus,
941 3624 1049 3682 tienne
1062 3621 1185 3689 collidit,
1200 3620 1295 3692 quarti
1308 3617 1427 3692 oppida,
1443 3617 1536 3674 diruit
1550 3616 1650 3685 urbes,

60 3708 96 3760 Et
109 3709 146 3761 de
161 3708 284 3763 diversis
300 3723 392 3764 unum
409 3709 595 3780 compingere
611 3707 764 3771 trundum,
942 3712 1039 3769 Codes
1055 3709 1242 3782 multiplicat,
1259 3706 1378 3764 lethalia
1394 3705 1496 3775 pocula
1512 3705 1635 3772 miscet;

65 3795 128 3860 0⁰0
142 3796 204 3850 lull
218 3795 247 3852 5¹¹
264 3798 359 3854 ‘lldffl
369 3797 456 3870 ¹⁰¹¹ss⁰
471 3803 718 3868 ⁰0i1010i080⁰02
939 3801 994 3859 Per
1009 3799 1093 3856 villas
1108 3813 1255 3872 agrosque
1270 3797 1381 3864 iurene,
1399 3794 1533 3852 incendia
1546 3795 1646 3866 jactat.

61 3886 136 3941 Dum
153 3902 246 3958 genus
263 3885 424 3941 humanum
440 3884 884 3959 pellssmpmfllessdiifldssvum,
939 3891 1071 3962 Dedique
1090 3889 1170 3945 nulla
1186 3886 1257 3943 meli
1272 3886 1386 3959 speciae
1400 3894 1552 3958 grassatur
1566 3884 1596 3940 in
1616 3881 1697 3951 orbe,

61 3977 157 4035 Donec
178 3977 319 4050 agonistis
336 3975 431 4033 ludex
447 3979 579 4032 examine
591 3976 673 4046 justo
938 3981 971 4037 ln
985 3997 1041 4053 qua
1057 3996 1113 4034 non
1128 3976 1256 4048 aliquam
1272 3975 1329 4032 sihi
1341 3978 1440 4033 sumat
1456 3973 1563 4031 lemica
1578 3978 1704 4044 partem.

63 4064 188 4137 εἰηιζυῑῦ
203 4065 375 4136 όῑθβθῡθῠθ,
388 4080 488 4139 imitas
503 4065 546 4121 vel
564 4064 682 4136 premiss
696 4063 799 4119 wittil-
940 4068 1061 4126 Invidus
1076 4072 1122 4124 eet
1137 4081 1235 4132 noxus,
1251 4065 1335 4134 levis,
1351 4063 1522 4129 iracundus,
1539 4077 1655 4126 averna,

62 4154 124 4211 iieu
142 4157 231 4211 miser
248 4154 254 4210 l
272 4155 321 4211 illa
336 4155 400 4211 dies
423 4155 494 4210 mihi
511 4172 576 4227 quea
598 4157 744 4210 tormenta
759 4153 883 4225 parabit,
939 4158 974 4214 iit
988 4158 1065 4214 circe
1079 4161 1179 4229 potum
1196 4154 1319 4222 nimius,
1333 4153 1502 4218 ventrisque
1514 4149 1643 4217 voracis;

61 4244 115 4309 Qui
132 4244 233 4301 laevum
250 4263 302 4319 per
316 4246 371 4302 iter
385 4263 501 4319 semper
516 4249 622 4301 deuexa
632 4258 760 4313 secutus,
937 4246 1073 4305 vindicta
1087 4245 1231 4318 gaudens,
1246 4251 1274 4300 et
1287 4242 1402 4298 vincere
1415 4255 1531 4311 semper
1545 4237 1698 4304 anhelans,

63 4333 211 4392 illecebris
227 4336 335 4403 carnis,
353 4342 487 4408 superata
503 4340 611 4401 mente,
626 4334 743 4390 vacavi:
938 4342 993 4394 Per
1007 4337 1050 4393 iae
1064 4341 1152 4407 atque
1167 4335 1248 4389 nolas
1260 4331 1382 4403 cupiens
1397 4327 1520 4402 implere
1535 4326 1611 4399 qnod
1629 4329 1730 4398 optuit

60 4423 150 4495 Cujus
167 4426 194 4481 in
211 4442 297 4482 omne
313 4430 393 4483 nelias
409 4427 535 4482 intentio
552 4434 683 4496 prompta
694 4421 841 4492 cucurrit3
938 4425 990 4481 cui
1006 4423 1077 4480 nihil
1094 4422 1240 4491 illicitam,
1256 4420 1333 4493 quod
1350 4418 1436 4475 dulae
1450 4419 1500 4484 eil,
1516 4432 1582 4473 esse
1595 4415 1721 4470 videtur.

59 4517 150 4583 ⁰⁰l⁰⁸
165 4532 239 4582 ⁰9⁰⁵
256 4519 350 4572 tirius
366 4533 382 4571 α
398 4516 519 4572 crimine
531 4514 613 4571 nulla
626 4513 750 4570 redemit
767 4510 774 4568 Ι
901 4516 926 4584 Ii
943 4516 969 4573 lt
986 4515 1059 4572 lucie
1072 4513 1212 4577 renitens,
1228 4515 1400 4582 secretaque
1412 4505 1652 4575 eordidacelane,

59 4600 88 4660 Si
108 4609 222 4660 tantum
236 4606 338 4676 justus
355 4607 429 4661 {leue
443 4611 500 4671 eet,
517 4603 622 4676 pietate
638 4611 758 4673 remota,
938 4605 1061 4662 Mendax
1075 4609 1163 4675 atque
1178 4617 1294 4673 procax,
1310 4617 1362 4656 neo
1379 4598 1449 4655 iurti
1466 4596 1589 4654 crimine
1602 4607 1710 4666 purus:

59 4691 147 4749 Nulla
164 4693 233 4749 mihi
251 4697 339 4749 venie
355 4709 423 4764 spen
439 4700 493 4759 est,
508 4691 578 4746 mihi
597 4691 678 4746 nulla
689 4692 795 4749 salutis
939 4695 1012 4752 Hinc
1026 4692 1115 4750 lucris
1127 4691 1258 4756 inhians,
1274 4688 1422 4761 hinnigne
1437 4686 1569 4743 libidinis
1583 4702 1616 4740 ar
1627 4688 1702 4752 leus,

59 4782 114 4838 Sed
132 4782 198 4855 quia
209 4782 330 4853 justitie
344 4780 457 4837 Domini
474 4780 630 4836 clementia
647 4797 714 4852 pare
728 4786 783 4852 est,
938 4784 1091 4852 Garrulus,
1102 4782 1274 4838 inconstane
1288 4797 1296 4846 ς
1311 4783 1340 4835 at
1353 4787 1417 4850 post
1429 4777 1596 4832 malatesta
1606 4772 1762 4842 superbus,

62 4873 145 4941 (Nam
161 4889 215 4927 aua
227 4872 295 4942 jure
310 4886 364 4926 eoo
381 4871 496 4943 repetit,
509 4870 618 4924 laxatve
629 4866 757 4924 licentur.
938 4874 989 4931 iiis
1004 4876 1118 4929 armata
1134 4871 1219 4928 matis
1236 4871 1380 4927 eubvartit
1396 4866 1505 4923 femina
1525 4865 1691 4932 mundum3

57 4956 180 5022 C⁰nier0
199 4976 245 5016 mc
263 4959 375 5015 llomini
392 4959 513 5030 supplex
531 4974 597 5014 reus
612 4957 650 5013 ad
667 4958 813 5029 pietatem,
938 4961 1151 5021 Feminndulce
1163 4963 1285 5027 malum,
1297 4958 1404 5031 pariter
1416 4957 1498 5013 larue
1509 4962 1762 5028 atquevenenum,

58 5046 114 5112 Oui
129 5050 209 5118 iuste
224 5050 366 5105 damnare
381 5053 487 5120 potest,
503 5054 531 5102 ar
547 5062 664 5119 parcere
679 5047 726 5102 cai
743 5046 823 5117 vati,
937 5052 1021 5110 uelle
1036 5052 1132 5106 linens
1147 5050 1278 5122 gladium
1293 5062 1343 5103 eor
1357 5046 1488 5102 contenit
1504 5051 1534 5100 et
1547 5043 1726 5116 sapientum.

56 5140 153 5210 thue
169 5138 237 5194 velit
252 5139 346 5210 rogito
363 5136 432 5192 mihi
454 5135 593 5194 semineci
611 5136 752 5207 misereri,
938 5141 1007 5207 Quis
1022 5138 1113 5196 suasit
1129 5139 1223 5211 primo
1243 5137 1365 5193 vetitum
1381 5139 1501 5206 gustare
1518 5132 1656 5207 parentii

57 5229 149 5294 Quem
164 5225 218 5281 deo
230 5226 397 5298 discerpsit,
412 5242 498 5297 quem
513 5226 610 5293 vipera
623 5241 699 5282 saeva
713 5227 883 5296 momordit,
939 5229 1066 5287 Femina.
1083 5230 1154 5291 Quis
1169 5232 1281 5298 patrem
1301 5230 1385 5281 natae
1400 5223 1502 5280 vitiare
1517 5221 1634 5292 coegit?

57 5316 151 5382 Quem
169 5315 244 5371 latro
260 5317 443 5381 vulneribus,
460 5315 618 5389 spoliatum
630 5321 718 5388 veste,
734 5317 852 5389 cecidit,
941 5319 1072 5379 Femina.
1089 5318 1161 5384 Quis
1177 5320 1280 5373 l'urtem
1296 5314 1454 5389 spoliatum
1471 5314 1551 5372 crine
1566 5311 1710 5386 peremit3

57 5404 172 5461 Levites
186 5405 294 5477 sprevit
305 5421 370 5462 moa
384 5405 475 5477 flagra
490 5405 641 5474 sacerdos;
939 5408 1068 5474 Femina,
1084 5424 1149 5480 que
1166 5408 1267 5463 matris
1282 5404 1445 5461 cumulavit
1465 5404 1588 5461 crimine
1603 5405 1725 5469 crimen,

57 5493 117 5552 Nec
130 5494 289 5568 quiequam
306 5496 376 5552 tulit
391 5494 531 5554 auxilium
548 5495 604 5553 aab
620 5497 713 5552 morto
723 5493 847 5567 jacenti.
938 5502 1147 5572 Incestumquc
1161 5512 1280 5572 gravem
1295 5494 1419 5571 graviori
1434 5495 1511 5553 aede
1527 5489 1645 5550 notavit.

56 5582 100 5642 ’l'u
117 5598 236 5658 queque
249 5585 275 5643 si
291 5585 412 5658 transis,
428 5585 581 5645 bominum
598 5581 759 5642 mitissime
773 5593 884 5662 anama,
938 5589 1010 5657 Quis
1023 5587 1113 5648 David
1128 5593 1278 5658 unctum,
1293 5585 1456 5661 sapientem
1471 5582 1538 5657 qaia
1556 5580 1745 5661 &lemnum
