3802 6030
109 256 186 318 teet

628 251 722 313 VITA
744 251 776 312 S.
800 247 1029 313 nuenoeobt
1052 251 1330 323 OONFESSORIS.

1734 264 1812 329 1138
1859 258 1862 265 ’

108 389 218 445 iacitct
231 386 450 458 deprecationes
473 400 575 441 eornm
605 385 734 450 exaudit,
756 386 864 456 gratias
890 401 934 441 rc·
951 388 977 455 Α
994 388 1128 458 quadam
1154 390 1284 465 paralysi
1313 394 1415 450 morbo
1440 394 1550 451 irretita
1569 414 1586 452 a
1602 396 1679 453 notis
1693 400 1813 470 prolato

109 462 250 531 pendens,
265 476 331 514 com
350 462 484 515 uniuerso
500 458 640 512 comitatu
658 475 712 513 soc
725 460 814 513 nobili
831 461 858 512 iu
871 473 933 512 cem

108 533 352 600 demandauerat
371 536 464 586 locum
480 546 538 600 qao
554 527 729 584 tendebatet
745 530 936 585 voluntasdi·

108 607 231 676 rigebat,
249 619 483 676 prosperocureu
503 604 688 656 laetabundus
710 610 849 671 pervenit.

203 698 217 764 ᾗ
235 692 306 750 lllV.
324 695 361 750 Dc
377 690 523 749 buurmolo
538 710 554 747 u
568 693 691 764 febribus
708 690 834 748 liberato.

146 785 258 840 lntcrce
273 791 337 839 erat
347 785 464 852 qnidam
477 799 553 854 ager
564 781 682 837 nomina
695 781 873 837 illummolus
883 781 934 854 qui

107 868 250 928 quartano
267 856 392 911 labriam
406 866 472 927 typo
483 856 610 925 graviter
620 855 829 920 insectabitur,
845 867 871 910 et
883 858 934 910 iliu

106 930 314 983 macerationis
327 927 458 982 molestia
475 925 678 981 alliciebatur:
694 923 826 997 quotdie
837 931 934 981 anteiit

105 1015 173 1054 euin
187 1000 246 1053 baec
256 1015 332 1053 aava
342 998 432 1068 pestis
448 997 644 1053 miserabilem
656 997 828 1068 languidum
840 998 934 1069 gravi·

103 1077 149 1126 tar
164 1075 290 1136 vexarat,
306 1083 334 1124 et
351 1070 430 1123 nulla
448 1072 563 1137 panitae
581 1069 710 1123 ramelia
725 1068 846 1137 adipisci
865 1085 930 1139 pos·

108 1147 164 1209 set,
180 1142 283 1196 morbo
300 1149 423 1212 urgente
434 1141 468 1195 ad
483 1141 585 1194 mortis
597 1140 723 1196 conlloia
734 1138 868 1210 conipclli
880 1156 933 1197 coe·

107 1215 151 1285 pit
166 1231 173 1280 ς
188 1217 309 1282 jamque
324 1212 353 1267 io
370 1228 507 1284 supreme
526 1213 592 1266 vita
622 1212 812 1275 constitutus,
838 1228 932 1267 virum

106 1285 156 1340 ilci
174 1302 223 1354 per
238 1285 436 1340 internuntios
462 1282 534 1355 petit
560 1289 592 1337 ot
608 1285 653 1338 sui
681 1282 784 1338 misere
799 1283 933 1351 dignare·

110 1357 227 1422 tur.0ui
244 1355 581 1427 cjosirreuiediabilibus
593 1354 933 1426 doloribuscompassus,

106 1428 205 1486 eleum
221 1444 305 1483 sacra
317 1429 517 1483 bencdictione
532 1428 678 1482 sancitum
695 1436 803 1497 egroto
819 1428 932 1494 direxit,

108 1508 195 1568 atnoe
212 1516 280 1570 ungi
298 1501 431 1570 pracepit
444 1514 451 1552 :
463 1515 521 1569 quo
533 1508 661 1570 accrpto,
672 1504 703 1553 ul
718 1507 759 1554 est
773 1500 932 1566 delibutos,

106 1574 206 1637 inacta
222 1580 325 1626 cuncta
335 1571 463 1641 langoris
476 1571 702 1640 maismacense
713 1572 845 1627 redditos
858 1572 932 1627 mol·

106 1646 146 1701 tis
161 1646 257 1699 denuo
273 1643 342 1698 vixit
357 1644 454 1697 stiriis.

159 1722 175 1797 ξ
191 1721 251 1778 ttV.
268 1724 305 1778 lle
318 1721 417 1794 praello
431 1720 602 1777 eatitairaitu
618 1721 722 1777 luinini
735 1721 873 1779 restituta.

142 1808 174 1865 ln
189 1811 289 1864 eodem
307 1825 425 1880 quisquis
440 1824 514 1880 pigo
530 1809 731 1878 andegavensi
746 1810 840 1879 puella
852 1826 923 1882 ques·

107 1882 174 1937 dani
193 1897 304 1936 nomina
321 1881 506 1936 baldetrudis
524 1884 702 1948 morabatur,
717 1896 782 1952 qua
802 1881 842 1935 ita
869 1886 931 1937 erat

107 1954 222 2009 lumine
245 1953 397 2008 iaculorum
415 1955 560 2011 abilicata.
577 1959 609 2005 ut
633 1953 713 2006 oinni
729 1954 931 2023 desperatione

110 2027 227 2081 addicta
242 2042 310 2097 spos
327 2024 440 2079 ridendi
450 2026 477 2077 in
491 2032 661 2095 perpetuum
673 2025 807 2095 denegari
819 2026 929 2080 videre·

110 2100 258 2165 tur‚cojcs
274 2096 929 2167 parantesorbiiaiicuadatauiesincouspectu

105 2173 144 2240 pii
163 2169 257 2223 Patris
273 2169 446 2240 Magnobodi
460 2167 756 2237 statuentessupptici
772 2171 868 2223 animo
884 2185 930 2224 ro·

104 2242 245 2313 gtiauaat.
263 2247 294 2295 ut
308 2256 391 2309 opem
403 2239 521 2293 modetia
534 2246 606 2293 neta
618 2255 678 2294 soie
691 2241 931 2311 cont'crredigne·

106 2319 198 2367 rator.
217 2312 346 2376 Quorum
365 2311 554 2381 petitionibus
568 2326 669 2365 aureas
693 2313 929 2375 accommodans,

105 2383 254 2455 iidemque
268 2400 368 2440 eorum
394 2384 579 2445 carnonam
597 2381 739 2437 orationis
767 2383 930 2439 munimina

103 2472 273 2517 conversus.
303 2472 429 2511 cernuos
445 2454 603 2509 lloiniuum
623 2457 762 2509 exorabat
778 2454 881 2510 sete
898 2462 930 2510 ut

103 2527 204 2583 lumen
222 2527 323 2599 puella
339 2526 574 2597 restitueret‚qni
592 2525 755 2581 abeaoutto
768 2526 930 2582 natiuitatis

103 2602 214 2657 editum
231 2611 379 2656 curaverat
392 2614 511 2654 cacurri.
524 2597 576 2653 ltlo
589 2606 684 2669 ituqoa
697 2598 727 2652 in
745 2601 797 2652 bac
812 2599 852 2653 ita
864 2614 931 2669 per·

103 2678 257 2727 serenante
274 2687 368 2741 prece,
387 2670 524 2740 paulatim
541 2671 628 2739 caepit
645 2668 738 2740 piena
752 2670 860 2724 clausis
873 2671 930 2741 pal-

105 2744 199 2798 nitare
216 2743 388 2806 luminibus,
405 2743 497 2796 donec
510 2742 590 2796 enini
606 2741 732 2795 cecitate
747 2741 880 2813 depulsa.
892 2741 928 2796 ad

103 2814 253 2883 integrum
263 2816 366 2870 sortita
377 2820 474 2869 lumen
485 2814 588 2869 viatico
599 2813 715 2885 proprio
723 2822 878 2885 parentum
889 2822 931 2869 at·

107 2887 174 2959 tigit
189 2890 275 2942 l'orcs.

251 2967 265 3034 ἓ
279 2963 347 3021 Xlll.
365 2965 402 3019 lle
416 2981 507 3020 monii
527 2962 610 3019 aridii
624 2963 778 3019 Domnioli.

137 3055 190 3109 Sati
205 3053 281 3108 inter
295 3055 350 3108 ista
361 3069 379 3125 q
389 3052 480 3106 uidam
491 3053 607 3107 nomine
620 3050 930 3124 Domnioluslongasva

103 3126 242 3182 obsessus
256 3126 425 3180 lollriuitatc
441 3140 558 3178 manuni
569 3129 724 3178 arelactaui
740 3124 852 3195 absque
863 3138 930 3195 ope·
946 3122 969 3191 C

105 3200 145 3253 ris
161 3199 276 3269 negotio
294 3200 351 3251 l'ere
366 3205 501 3250 assuetus
514 3200 576 3248 aret
593 3211 599 3248 ι
614 3195 676 3249 sols
696 3211 820 3262 asisinus
836 3195 930 3267 ligura

104 3269 194 3337 huius
211 3271 333 3323 artubus
348 3267 454 3329 inerat.
470 3267 519 3322 sed
531 3268 660 3320 ut'ticecie
676 3266 788 3321 ruboris
800 3274 828 3321 et
839 3266 927 3322 seusi-

104 3341 175 3396 bilie
190 3340 271 3409 vigor
280 3342 387 3395 absens
399 3337 475 3393 iutai
488 3338 604 3392 sarcina
616 3336 875 3408 alicujuamateriie
887 3337 928 3392 illi

105 3413 281 3467 adhaerebat.
298 3409 445 3483 agnitioni
468 3412 565 3480 itaque
592 3409 853 3480 praestantissimi
874 3409 928 3465 viri

104 3491 308 3556 presentatus,
338 3482 392 3537 olei
418 3482 578 3537 lomentum
610 3481 767 3545 benedixit,
788 3497 822 3536 uo
847 3482 929 3537 arido

106 3555 255 3609 mandavit
269 3571 302 3608 ex
319 3571 391 3608 ense
406 3568 526 3623 perungi
536 3571 543 3619 ;
555 3553 604 3621 qui
615 3551 724 3607 salubri
739 3553 930 3609 medicamine

105 3626 208 3681 linitus
224 3628 370 3695 extempio
386 3627 479 3680 virtus
496 3628 694 3679 iiicmbrorom
709 3624 870 3680 virentibus
881 3642 928 3681 ve·

105 3701 163 3764 nis,
174 3715 207 3753 aa
219 3698 246 3751 in
261 3699 363 3753 robora
374 3695 605 3751 coalescentibus
620 3697 716 3751 nervis
726 3695 821 3752 redire
831 3698 930 3768 coepit,

106 3771 245 3842 omnique
261 3769 431 3839 compagine
446 3768 604 3821 soliditatis
621 3768 747 3823 insertas
762 3771 864 3825 numito
880 3785 928 3824 va·

106 3839 237 3897 latudine
250 3842 284 3895 ad
303 3857 357 3894 sun
373 3839 523 3909 repedavit
535 3843 664 3895 ovanter.

106 3931 120 4000 5
134 3931 223 3987 XVII.
240 3931 277 3985 lle
297 3928 419 3984 nominis
433 3931 462 3982 in
478 3928 622 4052 rosselione
632 3944 784 4000 pauperum
798 3930 931 4004 multipli-

480 4015 512 4054 cat
529 4015 562 4054 ts.

143 4091 214 4154 Ouid
232 4095 330 4144 nutem
349 4087 471 4143 relcram
488 4086 523 4140 de
539 4084 678 4140 incllabili
695 4086 856 4144 divinitatis
873 4089 929 4143 nii·

107 4162 203 4215 riculo
219 4160 296 4232 qiod
337 4176 369 4214 er
383 4174 449 4214 euin
467 4158 683 4229 Omnipotantls
696 4159 790 4221 aretia
809 4176 931 4231 opcrarn

106 4231 225 4302 dignata
240 4237 295 4286 est.
318 4177 392 4287 Flam
408 4246 473 4285 cum
491 4236 621 4301 tempore
653 4232 793 4300 quodam.
811 4240 931 4302 urgente

105 4303 190 4357 l'ainis
206 4303 311 4368 insilia,
329 4305 364 4357 ad
382 4301 550 4367 virumllei‚
565 4301 652 4356 atilli
669 4310 840 4358 consuetum
856 4309 930 4369 erat,

106 4374 224 4445 agmina
240 4374 580 4446 pauperamunntqueaa
590 4373 712 4429 diversis
724 4376 796 4432 locis
807 4378 931 4432 contine·

993 462 1124 528 pontilici
1150 466 1179 517 in
1205 473 1327 535 grabato
1352 468 1492 535 detortur,
1515 485 1578 539 quie
1594 471 1635 523 ite
1657 480 1719 525 erut
1734 471 1815 528 oniiti

986 538 1160 604 compagine
1179 546 1298 591 artuum
1322 538 1477 604 dissoluta,
1503 550 1534 593 ot
1549 541 1686 596 oiunibus
1708 547 1814 599 ciliciis

987 609 1105 657 amissis
1120 606 1201 660 soliis
1214 610 1310 663 vitalis
1322 611 1445 679 spiritus
1458 610 1594 666 aiibclaic
1605 615 1717 684 absque
1728 631 1813 685 nago-

986 675 1027 726 tio
1044 676 1190 731 videratur
1206 695 1212 733 :
1230 697 1318 749 quam
1339 683 1384 734 vir
1414 682 1528 736 llomiui
1555 686 1683 752 intuens,
1701 688 1812 740 miseri·

986 750 1084 799 cordia
1100 757 1208 812 motae,
1221 753 1367 807 altissimo
1380 753 1446 821 lirpi
1463 771 1512 822 pro
1522 757 1585 821 ejus
1595 766 1813 824 recuperatione

986 832 1086 886 preces
1102 819 1205 874 otlerra
1221 826 1336 877 studuit
1352 841 1358 879 :
1375 829 1482 896 quibus
1497 827 1651 897 completis
1663 826 1700 882 ad
1712 831 1812 883 mulie-

987 904 1046 942 rem
1068 892 1222 953 accadens.
1238 900 1450 964 appretiansaiu
1464 915 1583 953 iiianum
1600 902 1679 953 illius
1695 904 1731 954 ab
1752 902 1811 956 imo

985 960 1099 1015 eleuare
1116 969 1261 1033 pracepit.
1281 974 1317 1021 itt
1332 967 1382 1021 illa
1398 969 1510 1040 ubsque
1524 986 1606 1024 mora
1621 986 1813 1037 coiisoraens,

986 1033 1067 1085 omui
1083 1030 1203 1105 langore
1219 1036 1328 1106 fugato,
1344 1038 1501 1095 incolumis
1517 1041 1629 1095 reddita
1645 1048 1812 1115 aetateque

987 1102 1099 1157 nullius
1114 1106 1213 1178 indiga
1228 1109 1325 1163 solatii
1342 1125 1408 1165 cum
1424 1113 1573 1183 inopinato
1589 1113 1695 1184 gaudio
1711 1115 1747 1169 ad
1759 1132 1814 1171 sua

986 1189 1103 1230 reseres
1117 1183 1173 1232 est.

1129 1255 1230 1325 extit.
1247 1259 1284 1315 tta
1299 1260 1431 1318 Lodooaec
1447 1262 1523 1318 uisui
1548 1264 1685 1320 restituto.

1022 1333 1085 1392 Non
1101 1334 1185 1409 lunge
1202 1343 1639 1413 posttemporeciecusquidsm
1654 1344 1808 1403 lodoveus

986 1407 1121 1462 orbitatis
1137 1410 1314 1465 latebrarum
1328 1414 1412 1466 nubis
1428 1414 1558 1469 irretitus
1569 1424 1657 1469 vitam
1669 1420 1812 1474 araitinoi

985 1492 1048 1533 sam
1057 1495 1124 1534 com
1136 1483 1238 1537 exsilio
1248 1486 1433 1555 docetiatnpni
1448 1485 1496 1539 tali
1509 1492 1606 1540 aditus
1618 1488 1740 1558 periurio
1751 1496 1811 1545 toto

983 1552 1049 1604 visu
1068 1550 1224 1621 flagitabat,
1247 1561 1279 1608 ut
1291 1558 1401 1626 absque
1416 1557 1555 1613 dilatione
1573 1561 1721 1629 pontilicis
1739 1578 1811 1631 pras·

985 1629 1151 1678 sectaretur
1163 1629 1371 1695 coiispactibus
1387 1643 1393 1681 :
1411 1644 1498 1697 quain
1515 1630 1617 1685 ol'dnas
1634 1632 1812 1701 importunis

985 1698 1049 1762 eius
1065 1694 1327 1751 acclamationibus
1340 1700 1423 1753 laetlto
1435 1699 1530 1754 allecti
1547 1704 1580 1755 nd
1599 1701 1745 1758 medicum
1763 1721 1811 1761 en·

944 1759 968 1823 Β
982 1761 1142 1820 luberciino
1158 1770 1287 1824 lomento
1303 1774 1467 1824 sanandam
1490 1772 1633 1827 adducere
1661 1776 1810 1844 compuls-

983 1843 1122 1892 sunti’ro
1133 1854 1191 1910 quo
1203 1841 1325 1895 orationi
1340 1844 1558 1908 incumbebant
1573 1848 1602 1898 et
1616 1850 1754 1915 pertusus
1769 1849 1811 1901 t'a·

983 1907 1027 1962 eie
1055 1908 1250 1980 lecrpinaruin
1282 1913 1385 1978 imbre,
1415 1917 1514 1983 togate
1542 1917 1681 1971 cecitatis
1714 1928 1809 1984 iiocta,

983 1995 1016 2034 ac
1031 1981 1091 2035 sole
1107 1984 1279 2039 adveniente
1294 1993 1426 2054 optatum
1442 2001 1518 2041 cieco
1542 1990 1672 2043 restituit
1694 1987 1808 2045 vitandi

984 2067 1104 2106 munus.

1036 2131 1125 2203 dxli.
1143 2133 1179 2188 De
1198 2131 1393 2188 nrrliidiuuonc
1417 2132 1600 2191 Pictuuiensis
1615 2137 1753 2195 Ecclesia.

1018 2213 1158 2269 l‘roeterca
1172 2212 1397 2269 archidiaconus
1415 2216 1535 2286 qnidam
1551 2217 1740 2273 t’ictevicnsis
1756 2218 1807 2275 Ec·

983 2280 1088 2348 clesiu,
1106 2301 1229 2339 sumina
1242 2286 1441 2356 simplicitatis
1457 2291 1509 2350 vir,
1522 2289 1640 2343 nomine
1654 2292 1808 2360 agialeus,

983 2353 1104 2409 nimiam
1131 2356 1206 2411 boati
1226 2358 1279 2411 viri
1299 2358 1348 2425 (ob
1377 2358 1540 2413 sanctitutis
1569 2376 1628 2416 sua
1658 2362 1809 2434 privilegia

983 2424 1148 2482 clientelam
1167 2430 1346 2497 possidebat.
1369 2434 1421 2486 llio
1445 2447 1512 2486 cuin
1537 2433 1647 2487 enormi
1677 2432 1807 2492 dentium

984 2498 1120 2552 molestia
1134 2498 1267 2555 clanculo
1286 2501 1452 2572 pontitlccm
1464 2504 1708 2562 ailieneinnotuit
1723 2506 1807 2575 lugu·

983 2567 1028 2624 bri
1044 2569 1133 2625 relata
1147 2572 1377 2628 immensitatem
1387 2574 1663 2646 discriiiitniequam
1677 2579 1807 2647 patieba-

982 2648 1031 2694 tur
1046 2642 1123 2696 iatrs
1139 2653 1223 2698 antra
1238 2644 1321 2706 oris:
1337 2661 1424 2710 cuius
1444 2644 1596 2701 doloribus
1619 2664 1695 2716 sape
1711 2651 1807 2708 dictus

983 2715 1112 2782 pontilbx
1127 2730 1299 2784 compassus
1316 2717 1431 2787 signum
1447 2726 1553 2771 sancta
1568 2734 1663 2774 crocis
1679 2719 1808 2776 recolan-

982 2788 1054 2838 dom
1070 2801 1159 2853 super
1174 2786 1305 2840 dantium
1320 2790 1417 2842 leucas
1430 2789 1612 2859 imprimens.
1622 2792 1658 2845 ab
1674 2795 1753 2846 cinni
1767 2794 1808 2848 in·

982 2859 1190 2911 commoditate
1204 2874 1256 2913 ora
1270 2859 1404 2913 absolvit.
1422 2860 1464 2915 lta
1479 2862 1616 2917 sanitatis
1633 2862 1716 2917 titulo
1734 2880 1806 2933 pria·

984 2927 1128 2996 munitus,
1144 2929 1179 2982 ad
1205 2930 1312 2995 locum,
1328 2929 1364 2985 de
1393 2946 1451 3000 quo
1475 2940 1593 2987 venerat
1618 2949 1704 3003 ager.
1721 2936 1806 2991 ratiit

983 2998 1302 3069 alacer3quideinuiii
1331 3014 1500 3056 maritorum
1530 3019 1652 3058 suorum
1682 3005 1806 3061 interue-

985 3068 1083 3123 niente
1111 3070 1259 3140 opinione,
1277 3072 1451 3139 praesulatus
1466 3074 1549 3137 apice
1571 3077 1754 3130 decorandus
1770 3079 1806 3131 ub

985 3140 1128 3195 universis
1143 3143 1261 3210 eligitur
1274 3142 1400 3210 pontit'ax
1411 3145 1504 3214 plebis
1514 3145 1548 3199 uil
1568 3144 1727 3216 regendum
1739 3165 1806 3203 ann·

982 3218 1032 3265 rtis
1050 3211 1150 3266 matris
1168 3212 1299 3266 Ecclesiae
1322 3221 1443 3280 statum,
1460 3224 1491 3268 iit
1521 3222 1620 3286 postca
1648 3215 1808 3274 declaravit

981 3283 1086 3338 1414
1100 3292 1221 3338 eventus
1237 3283 1344 3346 dianus
1365 3289 1419 3340 beo
1434 3296 1461 3341 et
1485 3287 1599 3343 actione
1614 3302 1804 3361 conspicuus.

1104 3363 1117 3431 ἓ
1131 3360 1202 3418 xxi.
1220 3362 1255 3418 lte
1269 3364 1381 3420 bomine
1399 3366 1570 3420 correctione
1582 3370 1689 3423 sanato.

1017 3441 1077 3497 Sub
1092 3444 1193 3497 codem
1210 3443 1300 3497 turma
1314 3448 1444 3512 tempore
1457 3445 1544 3499 hoino
1555 3445 1606 3517 qui
1617 3448 1806 3519 nuncupaba-

982 3519 1029 3568 tur
1046 3512 1215 3578 Naneenus,
1232 3530 1267 3569 ex
1284 3513 1390 3585 predio
1406 3512 1614 3573 Vermcnteiise
1625 3528 1804 3590 procreatus,

982 3590 1113 3641 omnium
1131 3587 1352 3658 impugnatione
1368 3587 1535 3643 damonum
1552 3589 1708 3647 intestatos
1721 3608 1806 3647 scits·

983 3658 1068 3713 lraiur
1082 3657 1202 3720 diutius.
1216 3657 1265 3728 qul
1278 3660 1402 3715 nimium
1415 3660 1484 3715 loris
1497 3675 1530 3714 uo
1541 3661 1722 3718 vinculorum
1734 3678 1806 3720 eon·

974 3730 1165 3791 ,catenatione
1175 3733 1252 3784 ouini
1263 3741 1392 3800 tempora
1402 3732 1526 3786 nodatos
1541 3734 1574 3787 ad
1592 3735 1685 3791 virum
1698 3736 1744 3791 itai
1757 3737 1808 3792 eii·

983 3803 1100 3855 ducitur
1113 3802 1153 3855 ita
1178 3809 1274 3855 mente
1291 3802 1443 3858 tricostus
1458 3818 1468 3857 :
1482 3803 1532 3875 qut
1551 3820 1675 3860 cernane
1691 3808 1805 3877 plasme

983 3870 1088 3926 Cbristi
1104 3888 1207 3926 errrore
1222 3889 1252 3928 re
1263 3880 1402 3942 temptam
1419 3875 1459 3929 ita
1473 3876 1584 3932 inimici
1596 3878 1658 3932 lrau
1670 3883 1695 3932 lc
1705 3883 1806 3934 otisass

983 3959 1061 4007 som,
1077 3945 1165 3998 altius
1177 3945 1373 4015 ingemiscens
1388 3947 1424 4002 ad
1440 3948 1672 4018 omnipotentem
1691 3951 1806 4006 ltomiul

982 4017 1113 4087 conlegit
1127 4016 1477 4089 adiuiniculomsupplex
1490 4019 1650 4090 deprecans
1667 4037 1701 4075 nc
1712 4022 1806 4076 bosti-

983 4099 1113 4169 pertinax
1125 4094 1295 4158 potestatem
1312 4105 1398 4143 suam
1419 4091 1573 4145 teterrimus
1595 4090 1806 4149 dominationis

983 4173 1012 4213 ta
1028 4157 1178 4213 hominem
1194 4166 1348 4224 exerceret,
1368 4176 1419 4231 pro
1435 4176 1491 4232 qno
1506 4161 1540 4215 ed
1564 4166 1657 4217 terras
1684 4163 1805 4218 veniens

983 4237 1108 4285 mortem
1124 4230 1224 4285 subire
1241 4248 1297 4287 non
1314 4232 1473 4286 horruerat.
1487 4233 1559 4295 Ouid
1575 4233 1675 4286 moltis
1687 4234 1806 4289 moror?

983 4300 1119 4356 Oratione
1134 4301 1258 4371 expleta,
1275 4319 1341 4358 mcx
1356 4308 1519 4357 iitssnctus
1535 4301 1577 4357 vir
1588 4302 1728 4372 perduelli
1743 4321 1805 4359 ver·

983 4379 1047 4427 sato
1063 4374 1180 4426 natatui
1198 4372 1226 4427 in
1243 4389 1361 4435 corpora
1375 4376 1571 4428 comminatus
1583 4377 1674 4429 estub
1686 4376 1721 4429 ab
1734 4375 1806 4431 luia·

104 4453 179 4513 rent,
195 4453 225 4501 ct
239 4448 245 4500 i
252 4463 311 4516 pec,
329 4463 409 4502 more
424 4447 522 4510 solitu,
537 4453 569 4499 ot
582 4442 704 4514 dapsilis
724 4445 845 4520 largitor
860 4453 928 4502 abs·
983 4443 1051 4515 gine
1068 4444 1115 4499 llel
1130 4444 1260 4498 velocius
1274 4443 1618 4500 abscederatlllcstiitim
1630 4443 1667 4500 ad
1679 4446 1805 4503 nibilum

104 4533 160 4589 qao
176 4518 471 4587 reprncrnstinutiunc
484 4532 604 4588 agapem
627 4516 746 4584 taciens,
763 4519 929 4575 necessarie

88 4594 252 4660 :ernguliab
268 4589 321 4645 Cui
338 4607 402 4644 cum
419 4589 447 4643 in
464 4589 618 4658 stipendiis
638 4604 739 4644 eorum
758 4606 814 4645 non
833 4589 927 4646 modi·

103 4675 169 4718 cum
186 4677 373 4716 nummorum
390 4659 557 4731 supplesset
580 4676 747 4722 numerum.
767 4664 803 4717 ad
824 4664 927 4718 alenda

102 4749 159 4787 non
183 4734 328 4796 deiiceret,
350 4748 444 4802 osqiie
458 4730 495 4786 ed
523 4732 684 4789 satietatem
711 4749 814 4789 omnes
830 4734 927 4791 relecti

102 4811 181 4858 sunt.
199 4807 388 4870 Quibuscum
402 4802 489 4857 alacri
505 4804 841 4870 aieruntitiiie‚ctti›ntuli
857 4822 927 4874 pon·

102 4874 189 4929 tillcis
204 4892 350 4930 summam
369 4890 556 4929 nummorum
569 4873 821 4946 indigentiamque
835 4880 926 4931 t'uerat

101 4947 129 5001 in
146 4946 220 5001 cibis
234 4947 382 5009 eacntium
400 4944 570 5000 distributa.
586 4946 735 5001 diiultcatii
756 4952 926 5010 repererunt

100 5033 166 5087 quie
181 5016 599 5084 erogandoconsumo-issent.
616 5017 667 5080 Oui
683 5020 875 5073 admiratione
886 5025 926 5074 et·

100 5090 246 5148 tanitico
264 5106 329 5143 rum
347 5091 530 5153 ncceilontue,
543 5095 574 5140 ut
584 5104 628 5140 raa
642 5103 700 5142 erat
714 5092 923 5148 innotuerunt:

100 5160 922 5231 siquidemcentiimquinipuuaintaainpliosinvuntiennt‚

100 5248 187 5302 quiam
202 5234 230 5285 in
243 5240 362 5299 sumptu
376 5248 533 5301 egenorum
543 5231 689 5286 distributi
699 5234 921 5289 denumeraren·

98 5308 156 5356 tur.
174 5305 210 5357 tlt
225 5302 272 5358 itlc
291 5321 346 5357 nun
359 5302 495 5358 clationis
507 5301 723 5374 iyuoataviiua.
735 5305 798 5359 suis
810 5306 923 5361 meritis

98 5375 260 5439 ascribens,
280 5376 329 5431 sed
347 5375 509 5430 ctemruiia
527 5375 575 5431 nit
589 5373 750 5447 imputans.
768 5392 801 5430 ex
817 5376 920 5433 intime

946 4490 967 4556 Β
983 4518 1110 4570 redactis
1122 4516 1346 4586 prestigiissuis
1359 4531 1393 4570 ex
1405 4515 1525 4571 obsessa
1535 4517 1688 4572 discedens
1697 4514 1804 4574 demo·

983 4586 1085 4642 niucus
1100 4595 1206 4649 utente,
1224 4595 1337 4655 recepta
1353 4589 1441 4642 totius
1462 4587 1636 4643 valetudinis
1664 4595 1802 4661 expertus

981 4675 1048 4715 com
1065 4658 1264 4713 benedictione
1281 4657 1425 4722 pontilicis
1440 4675 1590 4730 regressus
1603 4663 1659 4716 est.

1052 4744 1069 4819 ξ
1082 4745 1168 4801 xxti.
1186 4745 1222 4799 lle
1235 4745 1355 4800 muliere
1376 4763 1462 4802 muna
1475 4747 1587 4803 declara
1600 4747 1726 4805 solidato.

1016 4823 1073 4880 Nec
1088 4826 1158 4880 ittail
1175 4823 1322 4879 silentium
1338 4842 1441 4882 censeo
1470 4829 1546 4898 quod
1562 4828 1679 4884 cuidam
1697 4828 1801 4900 puella

980 4911 1014 4952 sn
1030 4912 1100 4968 agro
1115 4895 1194 4968 quad
1209 4899 1295 4968 volgo
1307 4900 1481 4955 (latiarinnse
1492 4897 1649 4973 [nicanori
1659 4902 1800 4976 scansam]

980 4973 1094 5030 nocant.
1111 4985 1242 5022 evertisse
1257 4967 1386 5025 conticit.
1404 4970 1442 5025 tta
1473 4974 1593 5037 etenim,
1610 4980 1643 5027 ut
1664 4975 1803 5029 omuibus

980 5042 1028 5110 qui
1046 5044 1116 5094 tunc
1129 5039 1270 5099 temporis
1285 5042 1458 5107 superstites
1478 5043 1609 5101 aderant.
1624 5044 1697 5099 satis
1722 5062 1801 5101 cirin·

979 5117 1092 5182 partum
1111 5111 1216 5165 habeta
1223 5128 1244 5169 r.
1258 5111 1389 5166 molestia
1400 5121 1693 5174 iiiscctante.manuin
1705 5116 1803 5172 dexte·

978 5200 1039 5237 rain
1056 5183 1202 5237 amiserit.
1219 5181 1285 5245 Qua
1300 5182 1385 5247 lonae
1402 5186 1549 5241 intervallo
1569 5188 1709 5257 temporis
1726 5189 1800 5243 banc

978 5254 1802 5329 injiirinuineintirttrajiitanspatitioneajmimpetrante,

977 5327 1012 5379 ed
1031 5328 1148 5380 beatum
1165 5341 1241 5393 sape
1258 5327 1439 5396 prelibatum
1456 5329 1606 5385 ilelataest
1622 5330 1802 5398 pertineam,

977 5397 1025 5468 qui
1042 5397 1139 5452 oleum
1160 5412 1248 5452 sucre
1274 5399 1482 5456 benedictionis
1507 5418 1631 5456 munera
1656 5404 1800 5457 insariam

83 5447 196 5502 carde
211 5456 294 5503 antro
310 5447 419 5516 pretias
432 5464 532 5519 egens,
548 5448 667 5502 omnino
683 5450 736 5503 sub
750 5446 866 5505 silentio
878 5454 920 5505 le·
975 5471 1125 5525 dextoram
1141 5467 1243 5537 pueppffi
1260 5486 1421 5538 perungere
1437 5475 1577 5528 sanxit„
1592 5489 1650 5543 quo
1666 5472 1801 5528 omnium

80 5534 165 5593 ugare
177 5519 269 5585 ,iussit
287 5536 293 5575 :
311 5519 431 5574 cavabat
446 5520 525 5575 eninr
539 5521 688 5587 ¹iactiintiue
704 5522 816 5576 vitium.

80 5657 86 5663 ,
144 5598 249 5658 lm
264 5601 279 5672 5
296 5597 392 5656 lell.
410 5599 447 5657 lla
462 5600 580 5656 malim
592 5600 751 5673 paralytica
762 5604 869 5659 iuncta

974 5540 1180 5597 iatlrmitatum
1196 5541 1321 5598 nexibus
1334 5548 1444 5616 crepta.
1457 5543 1545 5615 jusso
1562 5543 1708 5613 puntillcis
1725 5542 1802 5599 sani·

973 5614 1045 5670 tatis
1074 5626 1195 5685 compos
1219 5612 1256 5668 ad
1279 5629 1334 5669 sus
1355 5613 1496 5687 repedare
1519 5613 1611 5670 saluit
1629 5614 1799 5681 incolomis,

79 5728 85 5741 .
130 5677 191 5739 linc
216 5680 316 5755 itaque
339 5679 473 5754 prodigio
494 5678 547 5738 viri
572 5678 625 5737 Del
649 5679 762 5739 meritis
783 5681 825 5739 ita
838 5685 918 5756 pete·
973 5683 1168 5757 magnificans
1181 5682 1289 5741 Christi
1305 5684 1457 5751 virtutem,
1476 5685 1629 5759 saumque
1642 5684 1698 5742 viri
1713 5689 1800 5745 ello·

95 5748 192 5824 lectis,
215 5748 311 5811 denuo
339 5749 421 5810 alind
448 5750 649 5826 subsequitur.
675 5751 782 5811 Mulier
808 5753 916 5813 etenim
971 5755 1049 5814 mino
1063 5769 1232 5814 concessam
1248 5753 1424 5825 hujusmodi
1438 5756 1617 5816 facultatem.
