3802 6030
139 203 218 267 1041

19 294 23 301 ¹
140 336 337 395 ssneonnln
366 334 420 390 hoe
448 331 687 404 quidemomnes
708 329 851 401 tollimur,
880 329 961 404 quod
977 332 1005 400 Α

140 432 335 486 mortemnon
366 421 571 492 prospicimus.
605 421 711 492 blegne
742 422 964 492 persejusjsm

141 515 281 590 preteriit
293 532 299 581 ;
312 510 456 585 quidquid
466 510 644 566 aetetieretro
659 515 797 578 sst,mors
810 515 888 567 tenet
901 511 967 582 (14).

142 605 210 662 ldeo
235 604 290 674 lige
305 601 334 656 in
364 601 462 656 snimo
480 607 506 655 te
531 599 593 656 sine
622 599 721 674 ulique
749 599 969 657 intermissione

145 690 274 764 quotidie
290 688 376 744 mori.

178 782 223 838 57.
239 781 371 837 Secundo
387 795 476 836 oeusn
488 782 543 846 est,
559 778 628 850 quis
643 778 863 836 emorhnbendi
879 779 969 835 virtu·

143 875 190 929 ies
199 868 317 926 investit
328 868 470 925 Honsrros
486 885 493 924 ι

181 957 305 1016 Perdidit
319 973 415 1021 arma,
432 957 522 1014 lorum
536 956 649 1013 virtutis
663 954 797 1022 deseruit,
811 957 861 1027 qui

179 1031 293 1102 Semper
307 1031 338 1085 in
352 1029 478 1099 arependa
492 1031 621 1098 tertiani,
635 1036 661 1083 et
676 1029 805 1082 obruitur
819 1043 849 1084 re
852 1068 906 1083 .....

180 1102 252 1160 Num
265 1117 354 1171 neque
366 1101 501 1158 diuitibus
516 1100 683 1169 continpunt
697 1099 799 1170 paudia
814 1098 903 1155 solis:

29 1186 35 1205 .-
64 1202 66 1207 .
180 1176 234 1232 ttae
247 1172 319 1232 eicit
332 1171 418 1241 mab,
434 1188 482 1244 que
496 1181 578 1228 actus
610 1170 787 1243 moriensque
800 1170 902 1242 tetellit
915 1169 972 1242 tte)

144 1263 229 1321 Siout
243 1260 316 1318 dicit
330 1277 445 1318 everus.
463 1260 644 1318 inserens:

626 197 713 260 VEN.
737 196 974 261 HlLleBEliTl
995 197 1201 262 OENOMAN.
1224 197 1350 261 EPISO.

1770 196 1855 262 1048

1124 332 1220 390 Nudus
1234 335 1325 388 castra
1340 338 1411 400 peta,
1426 340 1453 387 et
1466 332 1612 403 transtupa
1621 328 1743 388 dicdum

1162 409 1260 460 Purles
1276 405 1405 474 linquere
1418 407 1503 473 prelia
1509 442 1587 459 .......

1167 516 1245 532 .......
1263 476 1329 530 bene
1343 484 1391 536 est,
1406 478 1454 530 cui
1465 476 1532 530 deus
1542 475 1640 530 obtulit

1163 548 1264 613 Percu,
1280 546 1351 617 quod
1364 549 1432 601 satis
1445 551 1496 609 est.
1513 563 1601 600 manu

1126 620 1236 687 Pauper
1243 636 1315 674 earm
1324 634 1379 673 non
1393 628 1443 684 est,
1460 621 1507 673 cui
1522 634 1617 674 rerum
1631 620 1754 689 suppetit
1768 635 1848 688 susus,

1126 692 1157 746 Si
1172 694 1262 746 ventri
1278 690 1384 758 bereri
1399 692 1482 745 lateri
1495 696 1547 758 est,
1560 691 1797 774 pedibusquetuis
1807 694 1851 750 nil

1126 763 1241 820 Dicitice
1249 769 1378 836 poterunt
1392 763 1497 834 rcpales
1512 762 1616 817 addere
1628 777 1718 834 mapus
1737 765 1810 836 (54).

1021 851 1193 908 benennon:

1057 940 1160 997 Crescit
1169 956 1249 996 amor
1261 942 1371 996 nummi
1384 947 1521 1013 quantum
1531 941 1590 1009 ipsa
1605 940 1721 1011 pecunie
1736 944 1849 1015 erucii,

1057 1014 1089 1069 Et
1103 1014 1196 1068 minus
1211 1012 1283 1068 banc
1296 1018 1382 1084 aptat.
1397 1015 1508 1083 quinon
1525 1012 1605 1068 babet
1607 1052 1661 1071 .....

1059 1125 1138 1140 .......
1152 1101 1218 1140 nam
1232 1085 1305 1140 dices
1320 1084 1369 1155 qui
1382 1083 1446 1156 peri
1459 1082 1521 1140 uult

1058 1157 1091 1212 lit
1103 1157 1157 1212 cito
1172 1156 1232 1212 uult
1245 1155 1307 1228 fieri
1319 1156 1385 1229 (55).

1058 1245 1104 1302 60.
1120 1246 1228 1310 Quinte
1242 1262 1333 1303 ceusu
1351 1249 1397 1302 est
1413 1245 1511 1315 timor,
1527 1261 1616 1319 quem
1632 1245 1744 1303 invehit
1760 1262 1852 1320 pecu·

183 1351 259 1411 liade
272 1349 382 1417 babeas,
393 1349 496 1423 quierit
510 1365 602 1417 nemo,
617 1350 888 1421 redopertetbabere
902 1347 971 1423 (46).
1024 1334 1083 1392 115³·
1098 1335 1115 1391 J
1119 1350 1256 1392 ulbertus
1271 1351 1277 1391 2

146 1445 296 1499 Honorius
308 1456 315 1496 :

182 1531 215 1587 ut
229 1546 316 1600 penus
326 1538 352 1585 et
363 1530 464 1595 uirtus,
478 1528 536 1584 nist
544 1544 608 1585 eum
623 1543 663 1598 re,
679 1526 764 1583 vilior
777 1527 843 1598 alpe
856 1526 971 1600 esitii).

183 1618 263 1676 Nibil
277 1623 322 1675 est
350 1618 424 1674 setis
453 1615 612 1674 cumiculi
636 1620 780 1689 quonium
796 1615 905 1674 hebens
919 1616 972 1685 sis,

50 1764 53 1769 .
154 1709 253 1782 inquii
265 1708 438 1764 inveniris:

69 1844 72 1851 .
190 1800 335 1926 quantum
348 1799 463 1871 quisque
476 1812 527 1852 suo
540 1810 718 1852 nummorum
731 1805 820 1854 seruat
830 1797 860 1853 in
873 1813 938 1853 arec

208 1876 306 1925 autum
318 1869 400 1924 babet
414 1880 440 1924 et
454 1868 518 1939 fidei
521 1907 574 1924 .....

191 1941 238 1997 llil
248 1940 328 1996 babet
343 1939 453 2011 inseite
467 1947 617 2010 paupertas
630 1937 729 1995 durius
742 1940 771 1994 in
786 1954 815 1995 se

189 2012 277 2082 Quam
291 2011 362 2083 quod
376 2013 510 2067 ridiculos
524 2010 648 2066 bomines
661 2013 731 2082 tacit
746 2008 812 2084 (48).

154 2104 303 2159 lionnrrus
316 2116 324 2156 ι

223 2193 358 2260 Mapnum
371 2205 505 2260 pauperes
515 2188 693 2260 approbrium
703 2189 779 2254 iubet

316 2260 430 2330 Quidvis
440 2270 466 2317 et
479 2266 570 2330 tacere
587 2265 614 2316 et
628 2263 691 2332 poti

186 2334 220 2391 et
232 2348 316 2406 penus
330 2341 357 2388 et
370 2333 493 2405 saraiam
507 2334 604 2403 reqina
619 2331 830 2404 pecuniudonat

190 2405 297 2471 Virtus,
312 2417 399 2475 tamo,
410 2404 501 2470 decus,
513 2403 612 2458 diuino
626 2406 800 2474 bumanaqus
813 2401 941 2472 puicbris

187 2475 298 2532 Divitiis
310 2483 419 2545 parent,
434 2491 502 2556 quas
516 2479 564 2546 qui
577 2478 775 2540 construxerit,
794 2474 844 2531 itte

189 2545 289 2602 thrus
300 2547 364 2612 erit,
379 2549 472 2616 sortes,
483 2545 704 2618 iustus‚sapiens
713 2548 836 2614 etiom‚et
847 2562 897 2603 ree
910 2545 975 2620 (49).

193 2633 248 2704 (58.
266 2634 322 2691 Sed
338 2638 432 2690 totum
449 2633 504 2689 hoo
520 2632 549 2688 in
565 2635 836 2691 contrariumdedit
850 2634 892 2690 illi
906 2651 913 2704 ς
927 2653 978 2707 pro

155 2727 313 2786 uirtutibus
324 2723 402 2779 enim
418 2722 502 2778 nll‘srt
512 2722 637 2794 pecunie
649 2723 753 2778 vitium
770 2728 798 2778 et
811 2721 978 2795 iufamium,

155 2833 218 2894 que
233 2811 372 2873 esttertie
386 2828 476 2868 censs
487 2813 692 2869 contemnendi
707 2829 784 2880 esm,
800 2811 902 2870 nudius
915 2830 980 2887 poe-

156 2913 218 2965 tem
231 2907 394 2962 tnvnnsmn
407 2918 414 2958 ι

192 2996 288 3052 Primo
302 2990 462 3062 pereqrinos
478 2990 608 3064 obsequia
620 2994 740 3062 pecunia
752 3008 838 3050 mores

190 3064 301 3129 intulit,
311 3071 339 3120 et
352 3067 428 3135 turpi
439 3065 582 3135 [reperunt
595 3065 696 3120 secuta
711 3064 779 3119 lucu

194 3137 306 3196 bivitise
320 3134 420 3193 molles
433 3136 501 3208 (50).

161 3225 309 3275 sucinos:

506 3318 583 3335 .......
600 3278 720 3336 cenanda
735 3279 861 3338 uirorum

191 3357 345 3424 Paupertas
358 3350 470 3423 supitur
484 3351 551 3422 (51).

163 3442 308 3502 Hnssrrus
321 3455 328 3493 ε

323 3510 452 3566 Fecunda
465 3509 557 3577 culpee
571 3510 677 3565 seculo
691 3513 803 3580 nuptias

324 3578 639 3652 Primuminquiaauere
648 3585 800 3650 etpenuset
813 3583 979 3656 tamasim).

194 3671 276 3737 Quod
305 3667 444 3726 nobilitas
471 3668 510 3725 sit
524 3667 608 3725 nulle
636 3685 672 3726 ex
686 3671 821 3744 pecunie,
838 3679 983 3733 monstret

163 3761 215 3832 qui
226 3758 296 3817 dicit
307 3758 448 3813 llonsrrus
461 3773 468 3811 ι

328 3846 402 3901 Licet
412 3846 545 3917 superbus
559 3847 684 3903 ambules
697 3850 826 3919 pecunia,

327 3921 450 3974 Fortuna
461 3922 617 3975 conmutat
632 3935 718 3990 penus
733 3921 801 3995 (53).

192 4006 238 4065 59.
254 4007 363 4073 Quarto
372 4023 459 4063 cause
471 4007 593 4080 estquis
605 4025 734 4066 umorem
747 4011 869 4069 bebendi
883 4013 982 4072 nullos

158 4096 247 4156 solist
262 4103 402 4171 questus,
419 4111 500 4163 uem,
516 4101 549 4152 ut
563 4095 652 4154 hebet
666 4101 830 4157 Hosnrrus:

571 4224 626 4242 .....
642 4187 770 4257 superbe·

369 4259 503 4313 Crescunt
516 4256 633 4326 diuitiae,
649 4264 743 4315 tamen

339 4329 429 4386 Curle
443 4332 531 4386 nescio
546 4329 613 4399 quid
626 4346 733 4400 semper
747 4332 820 4388 cbesl
834 4336 877 4390 rei

339 4401 510 4458 Crescentem
519 4401 643 4471 sequitur
656 4419 724 4460 curo

471 4472 608 4546 ldojorque
623 4475 744 4541 sumes...

340 4545 445 4613 Quanto
459 4549 573 4617 quisque
586 4546 643 4602 srbi
657 4545 740 4617 plura
754 4551 907 4620 nepuucrit,

198 4616 216 4672 d
232 4614 286 4672 diis
299 4615 383 4688 plura
396 4619 487 4686 teret:
502 4617 722 4690 nilcupientium

206 4705 251 4776 44)
265 4707 365 4761 Senes.
380 4700 466 4777 Epist.
483 4707 495 4759 1
543 4715 584 4762 ost
600 4708 663 4764 init.

208 4775 253 4842 ts)
268 4779 378 4844 Horat,
395 4778 501 4845 ripist.
520 4723 564 4842 46,
580 4778 624 4834 67.
641 4783 671 4835 et
685 4779 757 4838 ibid.
776 4779 819 4849 tr,
833 4782 862 4837 9.

208 4845 254 4920 40)
269 4846 416 4913 Juvenal,
431 4863 489 4911 xiv,
504 4848 570 4902 206.

194 4920 250 4992 (47)
266 4916 376 4983 Horat..
392 4936 424 4986 ιι,
440 4918 495 4973 Sat.
517 4920 544 4983 5,
560 4918 587 4973 8.

197 4991 255 5061 (48)
270 4987 418 5056 lunensi,
429 5005 472 5052 ιιι,
489 4989 540 5044 143
555 4994 584 5044 et
599 4989 661 5048 152.

157 5132 175 5185 3
193 5062 246 5186 (gib)
262 5064 374 5128 floret,
391 5076 422 5115 ιιι
438 5059 487 5116 od.
507 5060 590 5115 21-
605 5075 613 5116 ι
630 5062 721 5134 Epist.
737 5064 765 5135 6,
780 5063 825 5125 36.
842 5098 874 5113 -
887 5085 908 5128 11
920 5069 978 5129 Sne.

178 5173 184 5196 ‚
219 5151 247 5187 o.

192 5203 248 5268 (50)
262 5200 408 5267 Juvenal,
424 5201 520 5260 ν.298.

192 5271 251 5346 (51)
267 5271 385 5338 Lucem,
401 5289 421 5340 1,
438 5271 500 5328 tus.

190 5342 249 5411 (52)
264 5346 373 5411 floret,
390 5358 432 5399 ιιι.
450 5342 498 5402 Od.
514 5344 541 5400 6.

193 5413 251 5490 (63)
266 5413 357 5479 idem,
373 5413 457 5484 lipod.
478 5416 504 5482 4,
519 5417 547 5473 5.

160 5556 195 5616 tu
208 5556 273 5615 init.

194 5628 253 5705 (55)
266 5627 400 5690 lurensi.
414 5643 472 5703 ιιι,
487 5629 539 5690 tii
553 5634 583 5691 et
598 5632 649 5690 t'tb

1060 1445 1154 1500 Pauca
1170 1446 1233 1500 licet
1245 1448 1337 1515 portes
1351 1444 1462 1514 arpenti
1479 1445 1592 1501 vasculo
1605 1447 1679 1515 puri,

1060 1519 1146 1572 Nocte
1161 1515 1213 1572 iter
1226 1518 1366 1586 impressus
1379 1517 1504 1588 pladium
1514 1525 1677 1589 contumque
1693 1515 1816 1585 timebis,

1061 1589 1095 1644 Et
1109 1594 1190 1643 mate
1205 1587 1240 1642 cd
1267 1589 1364 1643 lunam
1378 1589 1536 1657 trepidabis
1548 1590 1699 1645 arundinis
1722 1594 1854 1646 umbram

988 1694 1013 1761 B
1063 1660 1190 1717 Centabit
1204 1675 1305 1715 vacuus
1320 1675 1431 1716 carrum
1446 1661 1557 1716 latrone
1571 1660 1699 1717 vietor...

1066 1771 1120 1787 .....
1136 1731 1232 1787 ttuera
1246 1740 1284 1787 est
1297 1734 1394 1801 mnpni
1407 1735 1532 1789 custodia
1544 1748 1642 1789 census
1653 1733 1722 1805 (56).

1063 1822 1108 1878 61.
1125 1822 1211 1878 Sexte
1225 1837 1313 1877 cnusn
1328 1826 1383 1888 est,
1400 1822 1471 1895 quie
1493 1821 1556 1878 vult
1579 1824 1752 1881 seruitutem
1766 1840 1848 1895 qure-

1029 1910 1130 1968 reuiis.
1146 1909 1228 1967 Unde
1239 1915 1403 1968 Honsrrus:

1064 2010 1182 2080 imperat
1195 2014 1243 2065 cut
1257 2011 1340 2066 seruit
1349 2008 1466 2065 cottena
1476 2012 1589 2074 pecunia
1602 2013 1710 2081 arcique,

1065 2081 1155 2138 Totum
1164 2081 1250 2153 dipna
1271 2081 1350 2154 sequi
1358 2085 1459 2153 potius,
1469 2098 1552 2155 quam
1565 2083 1664 2141 ducere
1677 2087 1775 2154 sunem
1786 2082 1854 2156 (57).

1030 2171 1139 2228 Idcirco
1154 2171 1299 2227 assentior
1315 2171 1444 2227 dicenti:

1064 2262 1097 2316 lit
1111 2259 1184 2316 mibi
1212 2275 1264 2326 res,
1279 2276 1334 2316 non
1354 2276 1398 2317 me
1418 2261 1498 2316 rebus
1511 2276 1665 2333 supponere
1689 2279 1774 2320 eonor
1788 2261 1855 2335 (58).

1030 2350 1098 2417 Quis
1114 2365 1180 2405 oum
1197 2348 1238 2404 its
1253 2348 1330 2404 sint:

1137 2452 1194 2509 Non
1209 2451 1394 2520 possidentem
1409 2453 1498 2509 multa
1514 2457 1660 2510 vacaveris

1138 2524 1216 2579 lieete
1231 2524 1336 2579 beatum
1353 2543 1361 2591 ;
1379 2524 1481 2580 rectius
1495 2531 1609 2595 occupat

1173 2595 1277 2651 Nomen
1293 2594 1375 2661 beati,
1391 2599 1439 2667 qui
1453 2597 1568 2653 deorum

1174 2666 1332 2722 bluneribus
1343 2670 1484 2734 sapienter
1494 2671 1547 2733 uti,

1139 2739 1297 2809 Duramque
1311 2739 1393 2794 callet
1405 2756 1562 2809 pauperiem
1576 2739 1641 2807 pati

1139 2810 1275 2884 Peiusquc
1290 2809 1361 2866 letto
1379 2812 1519 2882 ptaqitium
1533 2812 1611 2869 timet
1625 2812 1693 2886 (59).

1069 2918 1232 2975 Sunscnrs
1260 2917 1385 2974 Honeste
1404 2918 1478 2974 enim
1500 2935 1547 2974 res
1576 2919 1641 2975 leta
1674 2923 1854 2993 pauperies:

1035 3007 1087 3064 illo
1100 3024 1169 3064 vero
1184 3024 1243 3064 non
1258 3013 1303 3063 est
1318 3014 1485 3082 peupertns,
1501 3010 1527 3064 si
1543 3009 1607 3066 lete
1635 3015 1691 3067 est.
1706 3010 1760 3067 Cui
1790 3028 1857 3069 com

995 3062 1018 3130 c
1036 3101 1206 3173 paupertate
1234 3099 1307 3155 bene
1336 3098 1478 3168 convenit,
1495 3100 1575 3156 dives
1589 3103 1643 3155 est.
1661 3101 1774 3174 Pauper
1801 3106 1857 3167 est,

1034 3205 1092 3245 non
1109 3189 1160 3261 qui
1176 3204 1278 3261 perum
1294 3187 1391 3253 hebet,
1407 3188 1458 3244 sed
1475 3190 1525 3261 qui
1541 3188 1627 3260 plure
1642 3191 1855 3263 comissimis

1035 3277 1186 3335 divesileri
1208 3293 1264 3333 non
1282 3277 1686 3350 estpecuuiseedjioiendum‚
1708 3280 1761 3336 ssd
1776 3279 1858 3354 eopi-

1036 3369 1120 3425 ditnti
1136 3371 1182 3424 est
1196 3366 1420 3424 detrahendum.
1438 3399 1472 3409 -
1488 3390 1502 3418 s
1526 3369 1703 3427 Brevissima
1717 3372 1798 3429 enim
1812 3376 1859 3432 vie

1036 3458 1071 3512 nd
1087 3457 1255 3512 divisissent
1265 3457 1433 3514 divitiorum
1448 3461 1858 3531 contemptnsnc0ntemnoro

1036 3561 1163 3617 nemque
1178 3544 1277 3601 omnis
1292 3543 1399 3617 aliquis
1425 3550 1531 3618 potest,
1548 3547 1656 3604 habere
1678 3566 1737 3606 non
1753 3557 1857 3625 potest.

1038 3665 1071 3676 -
1084 3657 1098 3684 n
1119 3633 1185 3690 ldeo
1201 3633 1374 3706 locupletior
1388 3640 1449 3691 eret
1465 3639 1606 3709 Diogenes
1622 3654 1743 3710 nocuus,
1759 3642 1859 3699 omnin

1037 3725 1206 3797 possidente
1229 3723 1404 3781 Alexondro.
1436 3725 1504 3781 Plus
1533 3727 1612 3783 enim
1627 3736 1699 3794 eret,
1716 3731 1794 3801 quod
1812 3730 1858 3788 hio

1037 3811 1128 3870 nollet
1142 3812 1284 3885 occipere,
1300 3830 1386 3886 quem
1411 3816 1487 3886 quob
1504 3815 1559 3872 iste
1574 3820 1674 3888 posset
1688 3819 1769 3876 dere.
1785 3821 1859 3886 Ouid

1038 3904 1273 3976 relertqunntum
1290 3903 1331 3958 illi
1348 3904 1376 3959 in
1394 3922 1472 3974 oron,
1489 3907 1677 3979 quantumin
1694 3908 1859 3982 horreisjs·

1036 4000 1112 4063 cent,
1127 3994 1152 4049 si
1182 3993 1277 4050 alieno
1292 3993 1437 4066 imminet,
1454 3997 1478 4051 si
1495 4013 1552 4052 non
1577 3997 1701 4070 quesite
1715 3999 1767 4054 sed
1784 4015 1859 4072 qnae·

1037 4083 1860 4160 rendncomputetiQuissitdiritiurummodus‚qussrisi

1036 4169 1164 4237 Primus,
1180 4171 1286 4226 habere
1297 4171 1374 4243 qnod
1391 4188 1509 4228 necesse
1524 4178 1569 4230 est
1584 4193 1591 4244 ;
1607 4174 1769 4246 proximus,
1783 4177 1860 4249 quod

1038 4261 1160 4318 setisesl
1179 4291 1212 4300 -
1238 4261 1369 4317 Porobilo
1384 4267 1481 4319 nutem
1498 4266 1526 4318 et
1541 4263 1707 4336 oppositum
1723 4266 1859 4338 estquod

1037 4359 1141 4409 neluru
1151 4350 1296 4407 desideret
1309 4352 1359 4406 :ed
1372 4369 1552 4424 supervacue
1562 4354 1687 4410 sudetur
1694 4395 1805 4416 .....
1820 4359 1857 4414 sd

737 4405 884 4475 mmm
999 4436 1021 4503 1)
1035 4457 1157 4498 menum
1173 4443 1227 4508 est,
1244 4440 1321 4510 quod
1338 4440 1411 4496 setis
1426 4446 1471 4497 est
1485 4444 1552 4514 (60).
1570 4465 1584 4492 »

1070 4532 1211 4588 Bornos:
1229 4553 1242 4580 ιι
1254 4530 1358 4587 Peneis
1374 4532 1451 4587 onim
1466 4533 1657 4606 minimisque
1672 4539 1857 4595 noturseon·

1034 4625 1114 4678 tento
1128 4623 1173 4676 ost
1187 4618 1253 4690 (61).
1270 4638 1283 4668 n

1070 4711 1116 4779 (56
1140 4709 1259 4778 Μιιιιι,
1276 4708 1309 4763 19
1323 4724 1394 4782 seqq.
1413 4741 1445 4751 -
1458 4726 1518 4778 niv,
1533 4710 1596 4767 303.

1070 4783 1114 4847 tbi
1141 4779 1251 4848 Horeb,
1267 4797 1276 4835 ι
1291 4781 1377 4851 Epist.
1396 4781 1438 4848 10,
1455 4781 1499 4835 lb.

1069 4854 1126 4923 (58)
1146 4854 1233 4920 idem,
1250 4852 1320 4907 ibid.
1341 4854 1364 4915 1,
1382 4852 1425 4916 19,
1443 4854 1490 4908 ubi
1505 4852 1664 4912 submittere
1678 4855 1780 4917 hebes.

1070 4926 1125 4995 (59)
1142 4923 1233 4990 Idem,
1250 4938 1277 4977 tv
1289 4921 1337 4978 bit.
1352 4922 1379 4980 9.

1070 4997 1125 5067 (60)
1140 4995 1252 5063 Senem,
1277 4995 1363 5064 uptst.
1376 4995 1405 5060 2,
1420 4994 1469 5050 sub
1483 4993 1536 5068 fin.
1552 5025 1587 5038 --
1604 4997 1688 5070 Epist.
1701 4999 1748 5056 62.
1766 5031 1800 5044 ·-
1821 5002 1855 5058 be

1034 5069 1122 5140 benet.
1138 5082 1164 5133 r,
1176 5067 1201 5120 4.
1219 5096 1253 5107 -
1281 5065 1405 5134 lepisti}
1424 5068 1472 5122 cit.
1494 5099 1529 5109 -
1543 5066 1628 5137 Epist.
1644 5071 1709 5128 lad
1724 5072 1790 5142 fin„
1807 5071 1853 5129 ubi

1035 5139 1097 5193 loeo
1125 5140 1278 5208 oppositum
1307 5137 1415 5209 legitor
1440 5141 1611 5206 expositum.
1629 5141 1724 5198 Locus
1739 5146 1853 5202 medius

1033 5212 1165 5280 ejusdem
1182 5209 1297 5265 Sensum
1312 5224 1376 5264 erse
1391 5209 1515 5276 videtur,
1530 5215 1584 5267 etsi
1601 5215 1673 5269 mibi
1690 5214 1853 5285 incomper·

1033 5282 1212 5337 tus.Conier.
1229 5287 1324 5335 lernen
1340 5279 1422 5335 illum
1439 5297 1504 5336 cum
1524 5287 1656 5340 Varronis
1664 5287 1815 5358 sententia,
1824 5305 1852 5344 ιι.

1033 5354 1103 5408 408:
1121 5374 1135 5401 ιι
1151 5352 1201 5407 Vis
1215 5367 1279 5407 esse
1290 5350 1394 5406 dives?
1409 5351 1453 5407 Nil
1466 5354 1622 5422 cogitando
1632 5356 1685 5411 tibi
1696 5357 1853 5425 adiumenti

1033 5423 1099 5479 eliis
1110 5424 1222 5478 demus.
1232 5443 1247 5472 n
1258 5421 1314 5477 Gir.
1326 5438 1443 5495 quoque
1458 5428 1733 5499 Excerpteseneoe,
1743 5433 1852 5505 quibus

193 5486 250 5556 (54)
275 5484 367 5552 ldem,
395 5501 426 5544 ιιι
442 5485 490 5546 bd.
506 5489 550 5544 2t.
567 5519 601 5532 -
615 5504 648 5549 ιιι
662 5491 731 5550 idid.
748 5492 791 5552 16.
807 5511 866 5554 -ι
891 5495 976 5572 Epist.
1031 5494 1155 5550 titulus:
1173 5494 1209 5550 be
1223 5499 1386 5565 paupertate
1400 5494 1479 5551 liber.

1067 5568 1122 5634 (ott
1139 5566 1232 5635 Roob,
1248 5568 1327 5622 bons.
1340 5566 1413 5638 pbil.
1424 5583 1456 5638 ιι,
1472 5584 1515 5641 pr.
1530 5568 1549 5624 5
1563 5567 1632 5628 niro.
1645 5571 1723 5637 med.
