3802 6030
1881 44 1888 85 i

152 122 156 129 ⁵
1871 102 1888 157 ¹l

148 228 227 297 eree
641 216 732 279 vus.
756 208 995 276 einnesueu
1016 205 1214 271 oenones.
1238 202 1365 268 seren.
1514 214 1517 219 ·
1762 196 1842 263 ree
1864 162 1887 383 ξ

150 368 247 439 Atque
261 364 367 421 timore
378 358 428 416 Dei
444 357 480 413 ds
493 371 573 413 more
587 355 694 412 venant
707 350 837 425 requiei;
995 339 1135 415 Adstitit
1149 337 1247 407 elteri,
1262 335 1412 410 vololtqus
1424 337 1525 394 iovem
1540 331 1692 402 reuereri3
1740 422 1748 435 ι
1885 414 1888 419 ¹

153 457 303 522 ementes,
318 447 413 514 stulti,
430 445 523 520 gratie
538 447 662 519 pereunt
676 447 706 501 et
720 440 819 512 inulti,
1033 433 1125 499 Quem
1140 429 1219 502 leges
1234 428 1344 501 patrias
1359 425 1468 484 violare
1482 425 1587 484 videns
1602 420 1784 481 tdstbatbias

153 545 300 615 iusteque
315 556 405 598 esosa
421 537 501 595 necis
517 536 592 593 liunt
607 552 662 592 sus
674 532 800 591 sabbets
815 529 908 588 oseis.
1034 519 1138 578 Obviat
1151 518 1279 588 ottones,
1294 516 1498 601 miserumque
1509 515 1769 616 reverberatflsnse,
1884 534 1889 617 p

156 636 210 691 His
226 632 349 703 aliisque
365 629 451 685 malis
467 627 547 684 luror
563 625 678 683 addidit
692 621 854 697 imperialis
1037 610 1191 683 laudeque
1203 606 1342 681 prestare
1357 608 1535 664 mactantem
1552 607 1662 661 maetas
1676 619 1708 660 tu
1722 618 1783 674 ars,

156 723 172 782 J
177 738 247 780 usse
261 719 390 778 uetando
405 716 586 789 esuie,quem
594 715 716 772 miserat
730 712 788 769 bue
802 711 838 768 ab
850 706 983 766 Athenis.
1036 701 1072 757 dt
1085 701 1120 756 ds
1132 696 1283 771 sacrilegis
1297 696 1422 769 aliquos,
1433 711 1500 753 cum
1512 694 1614 768 judios
1627 693 1707 767 regie

157 811 277 869 Primus
293 810 329 867 ab
343 808 427 866 altari
443 813 570 864 statuam
586 805 664 862 lovis
679 803 728 860 ille
741 800 840 860 levari.
1038 789 1179 862 Falsaque
1193 787 1333 846 laieorum
1345 787 1484 861 frangent
1500 784 1658 844 simulacre
1669 784 1803 842 deorum.
1889 828 1893 837 .

157 904 191 962 ln
217 901 385 975 temploque
400 897 463 956 dari
479 897 535 954 sibi
551 895 648 964 thura,
664 908 814 966 suumque
827 892 860 964 [s.
879 890 985 947 Deum·
1041 880 1091 937 ilis
1106 878 1299 936 hortamentis
1313 877 1428 936 animus
1442 875 1551 935 solidat
1563 875 1621 934 sibi
1635 874 1754 950 gentis:

738 981 820 1057 [qne]
837 978 935 1039 voeari
1041 969 1095 1026 Cui
1109 969 1199 1027 deeus
1212 972 1259 1025 set
1271 983 1359 1038 euru,
1372 967 1417 1025 eui
1432 965 1489 1034 lex,
1504 965 1551 1023 oui
1565 965 1661 1023 vivere
1670 965 1752 1038 jure,

162 1084 293 1158 Imperat
307 1080 420 1148 ediet03
437 1082 615 1152 patrumque
629 1078 726 1132 tenore
741 1071 841 1129 reliotn
1041 1060 1155 1119 Am⁰d⁰
1166 1059 1311 1132 imbitur
1326 1056 1410 1126 mibi,
1426 1059 1839 1132 m0q00ffl0⁰⁸ti¹10⁸0l1⁰⁸¹⁰t

161 1176 205 1231 Ad
222 1175 338 1231 libitum
352 1171 555 1245 reginardus
570 1166 720 1223 volumina
733 1163 818 1238 legia,
1042 1151 1158 1211 Pr⁰⁵i¹ll
1172 1150 1220 1209 hit
1235 1149 1332 1218 (Utilis
1348 1150 1437 1208 tebni
1452 1150 1606 1224 illirium
1622 1148 1745 1220 “utilite

162 1263 291 1323 Sabbata
307 1261 450 1335 quaeerit,
466 1259 616 1330 festosque
631 1255 694 1312 dies
706 1251 879 1326 reprobavit.
1044 1253 1174 1324 cumque
1187 1250 1274 1308 demo
1278 1290 1385 1308 .....

167 1355 250 1422 Quod
266 1352 321 1409 tuit
336 1350 524 1408 immundum
537 1346 600 1404 lieri
611 1346 697 1418 jubet
712 1345 817 1401 amodo
833 1339 989 1398 mundum·
1045 1347 1082 1405 Se
1095 1345 1208 1403 sociare
1221 1346 1286 1403 aeni
1300 1346 1431 1420 gaudent
1441 1343 1541 1418 plures
1555 1342 1655 1402 alieni.

168 1451 225 1501 Lex
240 1442 325 1516 qoosi
342 1458 401 1498 non
416 1445 504 1506 esest,
520 1437 557 1495 sit
568 1462 576 1507 t
588 1434 773 1494 eireumeisio
788 1435 902 1504 eeeset;
1046 1435 1165 1494 'retibus
1181 1435 1301 1503 auditis,
1317 1433 1368 1507 qui
1383 1436 1561 1509 praefuerant
1574 1433 1744 1504 samaritis,

166 1531 378 1603 Antiochisqns
394 1530 457 1585 deis
473 1527 507 1584 tit
521 1526 550 1581 in
567 1525 704 1584 omnibus
723 1539 775 1582 era
788 1521 903 1596 plateis.
1047 1525 1193 1584 Omnibus
1207 1524 1320 1596 acuitis,
1333 1525 1421 1581 stiam
1436 1524 1562 1582 denibus
1574 1523 1737 1592 Solomitie,

169 1621 210 1679 De
225 1620 321 1677 vetitis
337 1619 424 1676 rebus
439 1616 479 1674 ibi
495 1631 640 1689 quemque
655 1613 824 1687 quibusque
837 1609 941 1669 diebus
1049 1616 1118 1675 lenti
1135 1615 1262 1673 multum
1276 1614 1399 1673 veniunt
1410 1615 1466 1673 hoe
1478 1614 1606 1673 dedeeua
1619 1613 1726 1684 nterim,

169 1710 343 1769 Suaridones
357 1709 477 1776 volunt;
492 1710 520 1763 et
534 1722 584 1762 eos
600 1705 649 1778 qui
665 1702 734 1760 talia
749 1702 864 1771 nolunt,
1013 1705 1108 1794 BSed
1123 1704 1242 1762 modies
1257 1703 1346 1775 genti,
1363 1719 1428 1777 qus
1443 1703 1520 1761 iesse
1534 1702 1634 1761 labore
1644 1701 1767 1775 meanti,

170 1806 264 1876 Atque
279 1799 546 1859 reformidantium
562 1795 766 1869 turpiajusse,
776 1792 936 1851 trucident.
1052 1793 1106 1851 Tot
1120 1793 1215 1851 lueret
1228 1791 1325 1868 poenis
1339 1792 1447 1851 sillicta
1466 1792 1538 1850 loeis
1554 1791 1661 1851 olienis

170 1893 225 1958 Qui
240 1889 356 1964 generis
370 1889 453 1955 oleri,
470 1889 520 1961 qui
532 1888 618 1945 olere
638 1885 737 1943 laudis
751 1884 841 1951 avari,
1053 1885 1096 1943 0b
1112 1901 1217 1942 nausea
1233 1882 1353 1941 multas.
1368 1882 1451 1941 Tune
1467 1900 1523 1942 non
1539 1888 1602 1941 erat
1617 1882 1677 1941 ulle
1693 1881 1815 1941 laeultae

170 1983 225 2050 Qui
240 1980 329 2051 lirul,
344 1979 467 2037 stabiles
482 1979 597 2035 animoa
613 1975 742 2032 babosrs
752 1973 863 2042 viriles,
1053 1975 1135 2032 Belle
1148 1973 1208 2049 peti
1224 1972 1319 2047 gentis
1333 1979 1421 2031 tante
1437 1975 1534 2042 modo,
1550 1979 1671 2048 temque
1689 1974 1820 2047 potentie.

170 2072 224 2139 Qui
237 2074 305 2144 poet
318 2070 466 2140 virtutem,
482 2085 542 2126 non
557 2064 655 2124 earnis
670 2064 729 2123 iere
745 2064 892 2132 salutem
1054 2066 1130 2137 Ergo
1140 2062 1239 2121 ditioni
1255 2063 1384 2137 lugiunt,
1401 2064 1555 2137 caveisque
1569 2064 1677 2122 reolusi

173 2162 227 2229 uui
243 2167 359 2236 patrum
370 2176 477 2230 mores,
489 2163 646 2234 patresque
661 2155 812 2231 sequendo
828 2153 950 2229 priores,
1055 2156 1168 2213 Extono
1182 2154 1263 2212 mille
1277 2155 1336 2212 lere
1355 2171 1488 2228 proderes
1503 2171 1534 2213 se
1548 2155 1734 2215 nuntiauere.

175 2254 208 2311 ut
223 2257 399 2327 peesatnres,
415 2255 444 2308 et
458 2248 599 2322 temporis
615 2247 704 2319 buius
719 2247 845 2303 bonores
1057 2245 1135 2311 Quos
1150 2244 1191 2302 ibi
1202 2247 1363 2318 compertos
1377 2243 1439 2300 adit
1453 2242 1556 2314 bostis,
1573 2242 1673 2318 ibique
1686 2248 1824 2317 repertos,

175 2341 328 2401 Nouuibili
344 2341 477 2415 pendunt
492 2338 688 2406 selummodo,
703 2337 754 2393 sed
772 2333 1002 2408 reprehendunt.
1058 2334 1194 2408 Dumque
1205 2334 1273 2406 jure
1288 2333 1399 2404 solunt,
1412 2333 1559 2391 offendere
1572 2333 1705 2393 Sabbata
1719 2335 1830 2404 nolunt,

178 2432 265 2490 'lates
280 2431 398 2503 abjecti,
414 2430 483 2503 quie
498 2445 555 2486 non
572 2431 707 2501 poterunt
722 2425 798 2482 male
813 2423 901 2492 lleoti,
1059 2424 1207 2497 Compulit
1217 2424 1284 2498 igne
1298 2424 1384 2493 mori,
1399 2424 1525 2497 vitesque
1540 2424 1621 2481 dedit
1636 2423 1763 2482 meliori.

177 2522 251 2578 Sunt
263 2521 408 2576 interlecti
422 2536 429 2589 ;
446 2520 496 2575 sed
513 2518 550 2575 ob
564 2518 617 2573 hoo
632 2532 723 2590 super
736 2514 845 2571 etbera
859 2511 934 2570 vesti
1060 2515 1111 2572 ilie
1132 2514 1173 2572 ita
1188 2513 1345 2583 deinnetis,
1361 2512 1407 2572 lex
1421 2517 1466 2572 set
1479 2514 1548 2571 dats
1566 2518 1668 2587 poetes
1682 2515 1796 2574 eunetis

178 2609 239 2667 Sub
253 2624 323 2665 sene
337 2607 449 2665 erudeli
467 2622 600 2662 meruere
616 2606 724 2679 petatio
740 2603 813 2660 omli.
1060 2604 1188 2663 sabbeta
1198 2620 1234 2663 ne
1250 2609 1378 2675 servent,
1394 2609 1497 2663 eontra
1510 2621 1585 2679 quos
1599 2605 1664 2664 bue
1674 2607 1754 2665 mala
1765 2606 1870 2677 terrent,

178 2697 237 2755 Nes
251 2697 378 2754 tolerent
392 2696 445 2766 illi,
462 2698 513 2752 sed
533 2711 644 2752 meroes
660 2695 746 2750 eorde
762 2691 873 2767 pusilli,
1061 2695 1116 2751 Sed
1132 2694 1209 2752 sieut
1223 2694 1339 2764 vellent,
1355 2695 1495 2754 adversus
1510 2694 1586 2754 balla
1600 2695 1756 2767 rebellent,

178 2788 232 2857 Qui
249 2787 363 2844 suntin
379 2788 490 2842 mundo
505 2785 593 2842 veluti
611 2785 710 2859 pales,
726 2784 770 2842 vel
785 2784 909 2852 erundo,
1062 2783 1177 2855 Proque
1197 2782 1260 2840 suis
1275 2782 1364 2841 rebus
1379 2784 1463 2841 lestis
1478 2799 1610 2858 pugnare
1625 2784 1740 2844 diebus.

178 2879 393 2949 Exsultsutque
410 2878 493 2933 novis
508 2882 537 2932 et
549 2881 677 2947 aguntur
691 2876 809 2933 turbine
822 2872 948 2948 quovis:
1063 2871 1148 2930 Illius
1160 2873 1272 2930 Hebrei
1283 2874 1325 2930 sie
1340 2872 1436 2932 hostia
1447 2880 1550 2932 sancta
1564 2874 1634 2947 diei,

180 2969 235 3036 Qui
248 2968 343 3023 radies
359 2971 469 3036 serent,
486 2972 514 3022 et
529 2981 594 3021 eum
607 2965 648 3022 sol
665 2969 771 3022 estuat
787 2976 881 3022 arent.
1064 2962 1148 3036 Legis
1163 2962 1328 3036 legitimum
1342 2963 1490 3021 sustensi
1507 2980 1644 3039 rumpere
1656 2965 1797 3038 primum.

180 3057 214 3115 Hi
231 3058 288 3114 sito
304 3056 410 3113 muteti
420 3060 573 3113 eeeseront
586 3055 741 3130 impietati,
1022 3098 1044 3167 c
1064 3051 1165 3109 Gentis
1180 3051 1331 3125 relliquias
1346 3069 1485 3111 revooene
1498 3054 1616 3112 iterum.
1633 3054 1821 3125 biatbatbiaa,

181 3146 312 3205 Gentiles
328 3145 410 3214 loeti,
428 3147 513 3202 modo
529 3152 643 3218 sponte,
660 3147 807 3219 modoque
820 3144 914 3203 enaoti
1064 3146 1219 3217 exstinxit,
1238 3147 1359 3221 planxit,
1373 3149 1574 3223 servandeque
1589 3149 1719 3209 Sabbata
1732 3152 1839 3221 sanxit;

186 3237 265 3296 Faeti
281 3235 415 3309 gentiles,
432 3238 541 3310 retoge
554 3252 606 3310 p‚er
620 3237 726 3293 seoule
740 3234 824 3292 viles.
1065 3236 1162 3310 thue
1176 3237 1260 3295 labor
1273 3242 1364 3309 esset,
1378 3239 1429 3296 sed
1446 3239 1471 3296 ai
1486 3237 1569 3297 bellis
1582 3255 1660 3313 opus
1673 3245 1764 3312 esset,

223 3326 280 3384 Nee
295 3327 407 3401 petitur
421 3331 537 3384 tentum
553 3326 635 3384 furor
647 3330 676 3383 et
692 3325 788 3383 rabies
804 3325 1011 3383 dominantum
1064 3327 1144 3385 bella
1158 3327 1246 3386 linere
1260 3332 1383 3402 putent;
1397 3345 1449 3402 pre
1463 3334 1744 3406 temporetempore
1759 3333 1867 3390 mutent:

187 3417 295 3475 taliter
308 3434 455 3492 oppresse
472 3415 550 3472 mela
562 3414 635 3488 legis
649 3414 679 3471 in
695 3414 818 3472 urbibus
833 3430 917 3473 esset
1064 3417 1264 3492 Exemploque
1278 3422 1395 3491 patrum
1410 3423 1527 3476 teneant
1540 3420 1666 3495 vestigia
1680 3422 1812 3490 tratmm,

188 3511 286 3578 Vieoe,
300 3507 421 3566 castella
436 3505 635 3562 circumsonet
649 3503 706 3560 ista
719 3502 856 3576 procella.
1064 3509 1102 3562 Ut
1118 3522 1169 3579 pro
1185 3504 1248 3579 lege
1264 3507 1349 3576 mori,
1365 3523 1484 3565 summo
1500 3511 1652 3581 reputetur
1665 3509 1782 3575 honori.

187 3601 230 3656 Ad
247 3616 352 3656 causas
367 3600 441 3654 tales
455 3598 592 3652 statuunt
604 3594 674 3650 loris
687 3593 826 3652 oldeieles
1064 3599 1179 3668 Parque
1194 3595 1256 3669 puri
1270 3597 1333 3654 selo
1347 3597 1487 3654 reddatur
1500 3595 1594 3671 glorie
1607 3597 1691 3657 emin.

186 3689 241 3754 Qui
257 3687 348 3743 multe
364 3701 433 3742 eura
445 3684 618 3757 perquirent
631 3682 749 3756 singule
763 3701 834 3742 rure
1064 3686 1148 3743 Tune
1163 3684 1252 3742 lortee
1271 3684 1390 3760 quique,
1407 3693 1526 3760 propter
1539 3686 1615 3746 male
1639 3689 1741 3763 gentis
1754 3695 1870 3763 utreque,

186 3780 320 3844 Quaerere
335 3775 480 3847 pervices
496 3774 590 3846 legem
603 3773 647 3830 vel
663 3773 737 3847 legis
752 3776 874 3832 emises.
1064 3774 1079 3832 J
1085 3774 1153 3848 uugi
1170 3773 1300 3848 quotidie
1314 3775 1493 3833 festinabunt
1507 3776 1698 3850 Matbethlee3

187 3865 319 3930 Quadam
334 3879 402 3920 vero
417 3862 464 3919 die
479 3863 577 3920 tlodin
593 3863 688 3921 risum
706 3863 873 3922 Metbotbiae
888 3865 946 3939 (78)
1064 3866 1143 3931 Quos
1158 3883 1242 3924 amor
1255 3866 1390 3925 internus
1405 3869 1534 3942 pietatis,
1550 3886 1690 3944 amorque
1704 3877 1840 3946 paternus

182 3954 269 4011 Venit
281 3952 438 4025 Apellsnns
450 3953 542 4023 judex
557 3952 645 4010 bomo
660 3953 790 4012 demone
805 3955 910 4028 plenos
924 3972 932 4024 ;
1065 3956 1175 4027 Fortes,
1191 3973 1310 4014 seouros
1324 3957 1366 4015 ita
1376 3958 1494 4029 lecerat,
1508 3975 1541 4016 eo
1556 3959 1597 4016 ita
1609 3960 1711 4029 durus,

184 4045 217 4102 ut
234 4043 305 4116 quia
321 4043 357 4099 de
372 4040 447 4098 ville
462 4042 591 4099 dominis
606 4051 667 4099 erut
681 4044 814 4115 optimus
828 4043 889 4114 ille,
1065 4043 1102 4102 Ut
1117 4044 1216 4118 requie
1231 4050 1338 4118 spreta,
1354 4045 1402 4102 vili
1420 4047 1558 4119 tenuique
1572 4048 1662 4120 dista,

183 4136 314 4192 Advoeet
328 4137 415 4204 atque
432 4137 531 4189 monet
545 4134 578 4189 ut
592 4132 679 4188 tbure
692 4131 756 4189 tovi
772 4149 827 4190 sua
840 4134 938 4191 donet.
1064 4134 1873 4213 Summumquisquebonumpetriampntatseseleennu.

184 4227 262 4293 Ques
274 4221 479 4281 immunditias
489 4226 641 4279 execratus
656 4221 845 4291 llletbetbiss,
1064 4224 1110 4280 Nil
1126 4228 1188 4281 erut
1200 4240 1346 4292 escarum,
1363 4225 1470 4283 domus
1484 4231 1514 4283 et
1531 4231 1625 4296 toros,
1640 4234 1728 4288 antra
1742 4231 1873 4296 terarumt

185 4315 359 4383 subridens,
375 4312 491 4386 inquit:
509 4311 540 4368 Si
555 4312 645 4383 legem
663 4310 791 4386 quisque
804 4311 946 4386 relinquit
1064 4312 1170 4371 Neuter
1184 4313 1357 4387 preclarum
1373 4320 1547 4389 reputantur
1561 4334 1645 4392 aquea
1664 4319 1840 4393 pluviarum,

186 4407 250 4468 Non
266 4422 319 4479 ego
329 4403 493 4472 dimittam
511 4402 587 4459 tanti
599 4418 656 4459 non
671 4402 783 4459 estimo
794 4401 894 4475 vitem,
1065 4402 1109 4459 Fit
1123 4402 1206 4474 nigra
1220 4403 1282 4460 sole
1296 4420 1374 4471 earo,
1391 4404 1457 4462 sitis
1471 4413 1516 4466 eat
1530 4407 1645 4482 ingena,
1661 4426 1742 4484 aqua
1757 4427 1822 4471 raro

189 4497 222 4555 Ut
237 4493 444 4570 preservande
458 4507 611 4550 oonserver
624 4492 660 4549 ad
672 4491 729 4548 ista
744 4491 881 4551 uelanda.
1027 4471 1051 4538 D
1067 4491 1203 4549 Crinibus
1217 4493 1344 4550 exooetie
1359 4495 1445 4552 modu
1460 4495 1531 4566 sole,
1543 4497 1609 4571 gelu
1625 4500 1715 4559 modo
1727 4502 1832 4571 noeto,

186 4586 228 4642 l'u
244 4585 403 4643 simulacre
417 4582 505 4652 soles,
523 4582 573 4639 ssd
588 4598 647 4639 uon
662 4596 715 4654 ego
727 4582 773 4639 vet
788 4596 854 4639 mea
868 4580 974 4656 proles.
1065 4586 1155 4640 Peene
1168 4581 1325 4658 multiplici
1339 4582 1438 4658 legum
1455 4587 1623 4646 orueiantur
1636 4590 1750 4649 amieis

186 4674 239 4731 Hie
254 4675 341 4732 bomo
356 4688 423 4730 oum
437 4672 513 4729 netis
528 4671 624 4730 studio
641 4672 754 4730 terrens
767 4672 886 4746 pietstis
1065 4672 1123 4730 Neo
1137 4678 1237 4731 tamen
1252 4673 1347 4733 existi
1364 4675 1455 4733 oritur
1469 4678 1656 4751 querimonia
1671 4681 1780 4754 tristis,

187 4764 286 4821 Flebat
300 4762 430 4836 quotidie
445 4760 560 4818 venisse
574 4761 637 4819 dies
652 4763 792 4832 teremie,
1065 4762 1651 4837 Cordequeblaspbemomatemurmnret
1660 4770 1789 4832 obtusis
1798 4785 1874 4839 neue,

184 4856 256 4911 Cum
272 4850 431 4924 paucisque
446 4850 531 4907 bonis
549 4866 602 4922 pro
618 4851 725 4910 damno
739 4851 904 4927 relligionis
1066 4850 1145 4909 Felix
1159 4852 1322 4911 antidotum
1338 4858 1421 4912 senet
1435 4856 1575 4929 patientia
1587 4862 1694 4918 totum.

183 4948 312 5015 Tamque
327 4939 479 5012 repentina
493 4939 594 5011 patris
610 4940 773 5014 templique
787 4943 883 5000 ruine.
1065 4941 1148 4998 Tslsa
1162 4959 1231 5017 ergo
1246 4943 1308 5001 viss
1319 4945 1462 5018 populum
1481 4947 1582 5005 doouit
1595 4948 1788 5020 ltatbatbias,

185 5027 360 5103 lltnltipliees
373 5031 502 5100 questus
518 5028 606 5084 debet
621 5034 723 5100 utpote
735 5029 807 5088 nivis
822 5030 973 5101 honestus,
1067 5030 1169 5089 lm
1187 5031 1270 5089 Talia
1286 5034 1357 5090 dnm
1371 5033 1442 5091 vixit
1455 5034 1532 5105 teeil,
1549 5036 1745 5113 ieoiendeque
1760 5040 1841 5100 dixit

183 5120 238 5176 sed
255 5134 323 5174 eum
340 5118 470 5174 teutones
484 5122 514 5173 et
529 5117 676 5175 emioitlss
690 5124 719 5175 et
735 5118 859 5178 bonores
1066 5121 1117 5179 lile
1131 5138 1279 5181 summam
1295 5139 1405 5195 rerum,
1422 5125 1548 5198 spirans,
1567 5133 1697 5186 extrema
1712 5131 1840 5200 dierum,

185 5207 287 5268 ml
303 5205 349 5263 llll
363 5208 552 5280 sponderent,
568 5221 621 5262 nee
636 5205 703 5278 plus
719 5224 808 5281 qnam
823 5224 897 5267 saxa
912 5225 1010 5269 meve·
1065 5210 1184 5270 Dimisit
1198 5214 1288 5285 natis,
1303 5229 1378 5287 quos
1391 5215 1427 5272 de
1441 5215 1521 5273 uultu
1537 5217 1656 5292 pietatis

250 5339 261 5352 .
869 5297 956 5373 [rent
1064 5302 1112 5359 Sin
1122 5302 1207 5378 prins
1222 5303 1372 5374 instruxit,
1387 5309 1417 5361 et
1432 5304 1542 5364 sdbee
1556 5308 1693 5383 exempla
1707 5312 1835 5372 reduxit

187 5389 312 5458 Quidam
328 5387 363 5446 de
379 5387 439 5446 vita
452 5389 588 5445 metuens
601 5386 693 5446 miser
707 5387 838 5448 Israelita
1065 5392 1139 5450 'lota
1155 5391 1224 5452 mali
1240 5393 1334 5454 moles
1349 5411 1403 5454 nos
1415 5395 1548 5472 resploit,
1567 5413 1584 5456 o
1599 5412 1667 5460 mes
1681 5400 1805 5477 proteat

221 5542 279 5618 (78)
292 5541 382 5601 lindio
410 5537 502 5599 visum
515 5541 693 5612 sutelis,
706 5541 737 5599 id
751 5545 799 5601 eat
809 5541 861 5601 ubi
876 5540 1028 5602 bebtubet
1042 5542 1232 5606 Metbatbiae.
