3802 6030
98 230 175 290 eros
685 203 1203 288 srsronrauuuesusreru.

135 366 224 436 Ignea
238 376 326 432 quem
343 359 473 434 gelidum
486 375 561 415 sous
576 358 646 415 Iscit
660 356 795 415 calidum.
935 354 962 421 Α
1013 356 1096 414 Unde
1108 359 1228 417 subesse
1242 360 1303 418 scio
1321 376 1374 418 uos
1388 360 1476 418 elicui
1491 362 1585 432 vitio;

98 454 169 509 inde
184 448 360 523 reiulgentcs
374 447 475 506 stellas
494 448 654 504 multumve
668 450 848 519 trequentes,
975 444 1068 510 Quare
1084 446 1204 519 pollutis
1221 451 1281 507 beo
1297 451 1337 508 sit
1349 452 1396 508 uia
1411 451 1508 525 prime
1521 452 1640 522 solutis,

134 538 324 612 HisqueNoto
340 540 526 610 pariterque
542 537 597 607 vie,
612 536 691 609 quod
707 538 746 593 eit
760 534 825 591 iter.
1011 534 1047 592 Ut
1062 545 1127 609 poet
1143 546 1261 612 peccota
1275 543 1401 615 quisque
1417 541 1532 600 lavetur
1548 559 1646 616 aqua:

99 633 170 688 llinc
187 647 250 686 men
267 629 390 685 miretur
405 644 499 692 mens,
516 644 582 683 cum
598 626 670 683 coelo
685 625 827 699 rapietur,
976 624 1086 698 Nempe
1100 637 1318 689 sacramentum
1334 634 1426 691 venire
1440 633 1522 691 debit
1539 634 1591 692 boo
1606 634 1801 705 elementum,
1892 640 1895 644 '

133 720 214 778 Unde
227 724 336 790 queant
348 719 448 790 superi
463 715 639 773 constabiles
655 715 729 785 fleri,
1011 714 1066 771 Sed
1081 733 1147 775 vere
1162 736 1280 777 sacrum
1295 722 1352 778 tels
1367 721 1408 778 eit
1423 727 1455 778 ut
1469 723 1629 780 leucorum.

96 809 134 869 Ut
150 826 205 865 non
219 808 375 864 volvantur
388 808 489 875 simul,
508 807 566 863 imo
581 822 635 862 uec
651 807 830 861 moveantur.
975 802 1115 877 Quisquis
1132 810 1251 882 purgerl
1264 810 1338 868 beue
1354 810 1415 868 vult
1429 815 1458 868 et
1472 812 1632 885 puriilcerI,

131 899 211 956 Talis
226 914 292 954 cum
309 898 435 965 videam,
452 896 569 952 credide
586 902 619 950 ut
634 894 769 951 doleam:
1010 893 1057 950 SIc
1073 911 1104 950 se
1118 897 1291 969 sanctificet,
1307 905 1336 957 et
1350 904 1454 974 quater
1467 901 1523 959 boo
1537 902 1668 976 replicet.

95 987 147 1045 Hic
163 1003 240 1043 nuuc
255 986 423 1057 languesco,
439 985 489 1040 sed
506 984 545 1040 ibi
561 986 693 1056 gaudens
705 982 865 1054 requiesco,
975 981 1123 1055 Quidquid
1139 985 1258 1058 deliqui,
1273 991 1422 1048 Iiabumet
1435 996 1574 1065 purgetur
1589 992 1694 1066 iniqui,

131 1081 194 1145 Quo
209 1076 272 1132 eine
292 1074 343 1129 lite
358 1075 454 1147 quire,
470 1090 527 1145 que
542 1075 606 1130 sine
623 1079 705 1129 nocte
721 1073 795 1128 dies.
1011 1071 1096 1130 Dilue
1110 1080 1256 1133 secretum
1271 1078 1412 1152 deprecor
1424 1080 1500 1137 bono
1512 1098 1565 1155 per
1579 1098 1698 1155 equum.

95 1169 179 1224 Hunc
194 1174 289 1223 temen
305 1164 341 1222 ad
356 1165 498 1220 mundum
515 1163 588 1220 mibi
603 1178 669 1218 cum
687 1161 774 1218 luerit
796 1158 922 1216 redeuu·
975 1161 1085 1218 Taliter
1099 1162 1209 1222 equtis
1224 1182 1348 1224 summe
1364 1168 1439 1227 dubo
1453 1169 1530 1228 done
1545 1169 1665 1239 solutis,

790 1249 886 1322 [dum,
1013 1251 1105 1326 Regni
1120 1257 1252 1328 perpetui
1268 1273 1385 1331 semper
1399 1258 1510 1316 bonore
1521 1260 1589 1316 imi.

132 1347 213 1403 Tunc
229 1349 306 1401 certe
321 1342 417 1411 doleo,
434 1347 494 1399 tem
510 1343 568 1399 cito
583 1342 660 1414 quod
673 1340 779 1397 redeo!
978 1341 1112 1400 Pluribus
1125 1344 1303 1404 instruerem
1318 1363 1369 1405 uos
1384 1348 1509 1406 simodo
1521 1348 1800 1422 tempusbeberem,

94 1437 168 1495 Num
184 1437 261 1492 bons
276 1441 426 1490 tuntarurn
440 1451 507 1490 cum
531 1433 634 1490 desero
650 1432 833 1503 deIIcisrum,
1012 1437 1096 1490 Nunc
1111 1434 1182 1492 dum
1198 1437 1379 1509 protrahitur
1393 1454 1503 1507 sermo,
1518 1439 1582 1496 dies
1598 1439 1721 1512 rapitur.

128 1526 183 1583 Vix
200 1525 295 1600 potior
311 1525 436 1582 reditum
452 1525 549 1580 caruis
564 1524 600 1580 erl
615 1523 778 1580 Interitum.
976 1523 1067 1579 corde
1082 1525 1132 1580 sed
1149 1525 1275 1594 intento,
1291 1544 1357 1585 mes
1370 1544 1455 1601 gens,
1468 1527 1591 1586 retinere
1602 1533 1750 1587 memento

94 1620 176 1676 Unde
191 1633 356 1675 recusarem
375 1617 496 1684 reditus,
516 1621 544 1672 et
559 1631 616 1671 uon
633 1628 805 1682 remearem,
1011 1611 1095 1670 Sicut
1109 1614 1241 1688 disposui
1257 1616 1376 1691 elngule
1391 1634 1456 1691 que
1473 1617 1572 1675 docui.

126 1713 185 1765 Nec
200 1709 344 1763 mundum
358 1714 498 1778 peterem,
509 1721 561 1762 vos
576 1703 632 1760 nisi
647 1703 811 1776 diligerem.
939 1732 963 1800 B
978 1698 1014 1758 Ut
1028 1701 1175 1762 libertatis
1189 1705 1231 1763 its
1244 1708 1391 1778 jucturam
1407 1709 1544 1776 caveatis,

91 1796 152 1854 Vos
168 1795 240 1853 mibi
255 1796 386 1861 eudorIs,
401 1811 452 1851 uos
467 1796 538 1853 estis
553 1809 642 1851 cause
664 1792 784 1849 doloris.
1012 1792 1098 1849 Liber
1113 1800 1145 1850 ut
1159 1795 1188 1850 iu
1205 1795 1322 1868 proprio
1337 1797 1464 1871 quisque
1476 1799 1517 1855 siI
1530 1797 1661 1856 arbitrio.

130 1886 224 1952 Ouure
239 1885 390 1958 percipite,
406 1901 478 1958 gens
493 1900 568 1954 mea,
584 1882 712 1941 sollicite
980 1881 1056 1937 Nem
1072 1883 1098 1938 ei
1112 1883 1254 1942 sIovulIIs
1267 1888 1371 1943 vestris
1386 1887 1547 1945 consistere
1557 1888 1658 1955 cultis,

90 1976 166 2043 Quid
184 1974 269 2032 modo
284 1975 425 2031 vidissem
440 1991 507 2031 curn
533 1979 635 2046 raptus
656 1973 694 2029 ad
717 1971 778 2028 alta
804 1969 926 2027 inissem
1014 1971 1116 2029 Cernis
1132 1981 1198 2046 post
1214 1975 1328 2032 obitum
1345 1981 1415 2033 tunc
1430 1977 1506 2034 dsbo
1521 1978 1696 2050 pollicitum.

127 2064 162 2120 et
178 2064 257 2137 quod
269 2080 323 2135 ego
340 2079 451 2136 promo,
467 2062 548 2119 disce
564 2061 660 2117 fidelis
675 2061 774 2116 bomo.
978 2064 1045 2118 Rrec
1060 2069 1217 2135 postquem
1233 2065 1316 2134 dixit,
1332 2081 1405 2139 gene
1420 2066 1546 2139 simplex
1559 2066 1645 2124 leude
1662 2081 1770 2123 curiora

93 2152 238 2210 Mundum
253 2155 440 2221 damnemus,
457 2154 540 2208 sivos
554 2151 636 2225 prIus
649 2149 847 2223 excipiamus3
1014 2149 1140 2220 Intonat,
1157 2153 1279 2224 udieoIIs
1294 2154 1447 2226 plausibus
1461 2155 1574 2227 ebsque
1589 2169 1690 2211 mora:

128 2242 159 2298 Si
174 2259 225 2299 voe
238 2242 414 2315 excipimus,
431 2241 531 2298 omnia
544 2240 738 2311 despicimus.
981 2241 1071 2313 Inque
1087 2244 1207 2298 modum
1223 2243 1331 2301 tonitru
1346 2248 1449 2300 tantus
1464 2243 1530 2301 serit
1548 2242 1657 2302 retbere
1682 2242 1805 2315 clamor,

91 2332 167 2399 Quid
185 2332 261 2389 colat
275 2331 438 2388 burnanurn
457 2331 550 2387 nescit
564 2346 657 2403 genus
673 2335 705 2386 ut
720 2330 904 2386 malesanum
917 2329 925 2383 3
1015 2335 1161 2394 Quantum
1176 2329 1303 2389 Iunonis
1318 2333 1374 2389 sub
1389 2333 1460 2390 Jove
1476 2333 1569 2390 nescit
1583 2349 1677 2390 emor.

132 2422 236 2479 mr
252 2421 349 2479 Nescit
364 2420 435 2495 quid
451 2421 549 2488 iaciat,
565 2419 658 2476 multe
672 2420 740 2476 licet
754 2418 849 2476 iaciat.
1272 2420 1414 2478 CANTUS
1433 2421 1508 2479 x111.

96 2514 155 2567 Vos
174 2527 267 2583 genus
286 2510 424 2580 electum,
441 2526 492 2567 vos
506 2509 546 2565 nil
564 2509 661 2565 ieritis
677 2508 731 2563 nisi
744 2512 873 2580 rectum,
978 2507 1052 2574 Quid
1067 2508 1138 2565 lucis
1153 2508 1201 2566 his
1212 2511 1333 2567 monitis
1346 2511 1491 2568 scelerum
1502 2514 1601 2584 caput,
1612 2510 1709 2568 hostie
1721 2508 1806 2569 dius·

129 2597 188 2656 Vos
204 2616 306 2656 verum
321 2598 424 2671 sepitis
438 2600 571 2655 membre
585 2597 662 2654 socri
674 2596 789 2670 capitis.
1014 2598 1120 2655 Brutos
1136 2603 1223 2672 etque
1234 2600 1322 2658 rudes
1334 2600 1406 2657 dum
1421 2598 1557 2673 laqueare
1569 2599 1698 2658 studesl

93 2688 140 2745 llli
155 2694 365 2762 constringunt
380 2707 411 2746 se
426 2688 550 2763 legibus,
566 2695 595 2746 et
610 2689 666 2746 sibi
683 2690 808 2761 dogunt,
977 2688 1032 2744 Sed
1049 2688 1169 2759 metuis,
1185 2689 1283 2758 credo,
1298 2689 1427 2746 crudeIIs
1443 2694 1471 2746 et
1485 2689 1576 2763 impie
1591 2688 1699 2762 predo,

135 2784 170 2836 Et
183 2798 254 2837 noro
267 2783 335 2853 jura
350 2784 461 2848 creent,
478 2781 507 2836 in
522 2780 629 2851 quibus
644 2783 674 2836 et
687 2783 816 2852 pereunt.
1013 2776 1055 2834 Ne
1069 2777 1151 2835 solus
1168 2794 1280 2851 pereas,
1297 2780 1376 2853 quod
1392 2778 1518 2836 misime
1532 2779 1649 2836 tImess.

98 2868 158 2924 Vos
173 2870 289 2942 euperIs
302 2870 388 2943 groti,
405 2887 456 2927 vos
472 2870 604 2925 liberisue
624 2869 711 2935 beuti,
977 2866 1050 2924 Nem
1067 2871 1097 2922 Iu
1113 2868 1245 2939 privetus
1260 2884 1318 2924 non
1334 2867 1391 2924 ibis
1406 2872 1435 2925 et
1450 2867 1651 2926 incomitatus.

131 2958 189 3015 Vos
205 2961 282 3016 lleus
297 2961 440 3016 innocuos
455 2960 580 3015 estimet
594 2976 659 3015 esse
674 2973 756 3015 suos.
1014 2956 1075 3014 lmo
1090 2957 1177 3012 turbe
1191 2962 1243 3013 tue
1257 2974 1315 3014 nou
1330 2957 1385 3015 erit
1397 2958 1519 3029 exigue;

94 3049 140 3108 llii
157 3048 264 3105 sublsti
282 3066 361 3105 nuno
376 3055 474 3105 esseut
489 3052 518 3105 et
532 3048 691 3121 reprobati,
977 3044 1035 3103 Nec
1052 3044 1153 3101 multis
1169 3047 1256 3102 ennis
1271 3049 1323 3102 tus
1337 3048 1444 3102 serviet
1458 3046 1502 3103 iro
1516 3047 1662 3120 tyrannis,

131 3136 288 3194 venissent
302 3138 399 3195 medis
414 3138 443 3194 ui
461 3154 525 3194 mee
539 3137 669 3194 cousiIIe.
1009 3133 1066 3191 Nec
1080 3139 1132 3191 tue
1145 3135 1223 3206 quod
1238 3136 1341 3206 querit
1354 3135 1413 3191 vita
1432 3136 1571 3208 pereooIs
1585 3137 1650 3194 erit.

94 3228 249 3286 Nemeum
266 3228 439 3284 damnande
453 3232 554 3300 gentes
568 3236 665 3282 essent
677 3225 866 3296 medicandus,
971 3225 1076 3282 1208
1091 3223 1167 3281 Ultio
1183 3225 1290 3294 divine,
1307 3225 1377 3281 dum
1394 3229 1424 3283 tu
1439 3226 1562 3299 gaudes,
1578 3225 1699 3300 inopiae

131 3318 181 3375 Sic
194 3334 259 3373 mee
274 3319 351 3391 quod
369 3318 468 3374 deruit
480 3317 582 3390 lingue
597 3316 693 3373 locuta
705 3317 777 3373 luit:
1007 3315 1073 3373 Jsm
1090 3322 1118 3372 te
1133 3316 1301 3388 proveniet,
1318 3333 1372 3374 nec
1388 3315 1492 3374 leviter
1506 3318 1606 3376 feriet:

96 3407 194 3465 Certus
208 3407 345 3476 coelestis,
362 3408 432 3479 quie
445 3406 486 3463 nii
501 3408 613 3464 nescire
629 3405 760 3475 potssIIs,
972 3405 1077 3478 Sicque
1090 3408 1210 3479 repente
1224 3405 1323 3478 cades,
1338 3404 1486 3479 generalis
1499 3410 1529 3465 et
1544 3407 1633 3465 unice
1646 3405 1757 3479 eludes,

134 3497 216 3564 Quod
235 3497 274 3554 eit
289 3495 444 3569 magnilica
460 3494 561 3570 religio
578 3494 690 3568 cubico,
1009 3496 1075 3554 lum
1092 3512 1207 3571 quoque
1222 3496 1308 3569 digne
1323 3497 1395 3554 dilis
1409 3497 1477 3554 euls
1492 3497 1551 3555 tuis
1566 3497 1691 3556 meritis.

98 3585 158 3643 Vos
173 3586 229 3658 ipsi
245 3586 338 3655 scitis,
355 3590 392 3653 et,
409 3587 506 3654 credo,
523 3590 624 3642 notere
640 3583 772 3657 potestis,
974 3592 1012 3644 Te
1029 3591 1193 3646 membrum
1208 3588 1325 3644 Soteuae
1339 3587 1428 3645 cbaos
1442 3587 1574 3645 sorbebit
1588 3588 1686 3646 ineue.

137 3678 216 3731 Hunc
231 3683 346 3748 gentem
363 3674 473 3731 noviter
488 3691 573 3731 nosse
587 3674 691 3732 solutis
705 3674 769 3729 iter.
1011 3678 1047 3734 ut
1061 3678 1144 3750 qussi
1161 3682 1189 3733 te
1204 3676 1295 3746 sitiet,
1308 3682 1438 3734 torturus
1450 3677 1548 3734 omnis
1562 3676 1636 3735 hiet.

101 3762 139 3822 Ut
153 3764 325 3822 discernstis
340 3763 417 3838 quod
433 3765 525 3820 bonor
536 3781 625 3819 sucre
637 3763 784 3834 nouitatis,
975 3767 1039 3835 Eis,
1055 3766 1164 3834 leuiore,
1180 3768 1250 3838 quir
1266 3767 1391 3825 desistes
1406 3767 1570 3838 cumulere,

134 3853 208 3909 Cum
221 3854 269 3909 vix
282 3860 441 3910 extremum
459 3853 613 3926 contigerit
632 3852 762 3925 Lybiem,
1011 3855 1065 3920 Oui
1081 3855 1134 3911 tibi
1155 3859 1220 3926 post
1234 3856 1346 3914 obitum
1363 3856 1529 3914 fructiferos
1542 3857 1698 3931 gemitum,

98 3943 170 4001 'leun
185 3943 242 4000 cito
255 3943 378 3998 dilluodi
396 3960 452 3998 non
470 3958 555 4014 posse
565 3940 727 4013 peruitirue
737 3939 851 4013 muudi,
976 3947 1011 4004 ut
1026 3945 1091 4012 tibi,
1107 3961 1179 4017 gens
1191 3945 1296 4017 stulte,
1311 3953 1448 4019 superest
1461 3949 1596 4006 conlusIo
1612 3949 1714 4022 multe,

133 4032 216 4099 Quod
232 4048 320 4089 nemo
334 4032 434 4088 docuit
449 4031 561 4087 discere
573 4031 640 4104 quis
650 4028 764 4102 potuiti
1012 4036 1070 4092 Nec
1085 4035 1138 4091 tibi
1153 4033 1255 4090 letitia
1270 4051 1387 4108 semper
1402 4037 1458 4094 orii
1472 4039 1561 4095 socia.

97 4120 181 4179 llnde
197 4137 298 4195 precor
312 4124 385 4192 genti
397 4139 467 4178 seno
483 4122 598 4178 doctore
611 4120 732 4189 carenti,
976 4127 1071 4185 Cursu
1085 4141 1212 4197 neroque
1227 4124 1306 4181 brevi
1318 4126 1445 4198 spetium
1460 4126 1628 4186 decurrltur
1641 4129 1703 4197 reri,

134 4220 226 4271 Detur
240 4215 335 4272 edbuo
351 4216 490 4287 spolium,
507 4231 563 4285 quo
578 4215 702 4271 redimet
712 4211 825 4270 villum.
1012 4219 1079 4273 Post
1093 4213 1173 4287 quod
1188 4212 1304 4271 finitum
1320 4217 1401 4272 vadit
1419 4217 1455 4272 ed
1472 4217 1635 4274 interitum.

99 4302 924 4377 Sed,puto,ridebuntpostquemsecronostrevidebuut²
977 4307 1108 4377 cumque
1123 4308 1175 4360 tuo
1190 4302 1343 4360 ldabumet
1357 4303 1489 4360 Plutonis
1506 4305 1624 4362 uictima
1638 4306 1701 4375 des,

139 4394 175 4452 Ni
190 4395 247 4451 cito
261 4393 433 4467 poeniteent,
450 4393 551 4463 iudice
566 4409 612 4450 me
627 4397 755 4466 peresut.
1013 4394 1183 4467 Errorisque
1198 4394 1242 4451 tui
1257 4394 1378 4467 premia
1393 4393 1545 4467 percipies.

99 4487 134 4540 ut
149 4485 192 4540 sic
208 4485 396 4552 damnentur,
412 4487 444 4538 ut
461 4486 598 4554 perpetuo
614 4483 799 4540 crucientur:
939 4475 963 4540 ll
1276 4484 1412 4543 usurus
1425 4485 1502 4544 XIV.

133 4575 184 4633 llic
198 4572 246 4629 ubi
261 4570 397 4639 conticuI,
413 4571 455 4627 sic
470 4571 586 4643 superis
601 4570 706 4643 pisoni
976 4581 1047 4636 cum
1060 4579 1124 4650 iem
1139 4576 1379 4645 oreuIssetirsus,
1394 4578 1424 4630 et
1437 4573 1712 4636 dolusinvslulsset.

98 4664 154 4731 Qui
169 4663 241 4719 mibi
258 4665 391 4719 decretus
406 4661 485 4716 locus
500 4667 546 4717 est
561 4661 624 4717 sine
636 4662 693 4718 line
703 4663 832 4735 quietus,
1010 4667 1068 4724 Nec
1083 4667 1184 4724 sceleri
1200 4669 1294 4722 metes
1309 4667 1430 4737 poneret
1444 4664 1592 4738 impletos,

135 4754 169 4810 Ut
181 4752 294 4824 quoties
308 4752 425 4807 redeam
441 4756 556 4824 sceptra
572 4750 629 4822 poli
646 4754 771 4807 teneam.
974 4757 1056 4815 'l'uno
1070 4756 1288 4813 destructerum
1305 4753 1448 4812 clamores
1464 4755 1667 4813 scelestarum.

98 4847 149 4898 Per
163 4858 216 4915 ego
232 4841 358 4897 vincenti
374 4858 425 4913 per
435 4840 541 4896 eaecuie
551 4840 777 4912 cunctipotenti,
1012 4850 1047 4903 At
1061 4845 1211 4901 ltabumot
1225 4844 1369 4902 oomInus
1382 4844 1513 4903 intuitus
1527 4845 1645 4905 lucinus

131 4933 203 4990 Cum
215 4951 273 5007 quo
290 4933 372 4989 solus
384 4948 438 5005 ego
454 4937 559 4987 cuncte
575 4931 700 5002 regende
715 4947 794 5003 rego.
974 4935 1061 4992 Saevit
1076 4935 1105 4991 in
1121 4938 1269 4992 auctorem
1285 4933 1416 5002 sceleris,
1429 4940 1603 5007 tentumque
1617 4935 1746 4994 lurorem

98 5024 174 5097 Ergo
188 5026 322 5098 gaudete,
338 5029 534 5096 preceptisque
552 5032 649 5078 nostra
667 5026 761 5078 tenete
1013 5026 1112 5098 [lignis
1129 5027 1313 5097 persequitur
1326 5023 1492 5098 euppIIciis.
1508 5027 1601 5098 lgilur

133 5113 210 5171 Cum
229 5113 320 5169 multo
337 5113 455 5180 stude,
471 5114 579 5185 quippe
596 5113 695 5185 procul
706 5109 796 5169 oubio
973 5113 1058 5171 Solus
1070 5115 1105 5170 ad
1122 5130 1257 5170 surorum
1272 5129 1334 5180 rex,
1350 5114 1476 5187 primum
1492 5115 1567 5172 lucis
1582 5114 1620 5173 ed
1645 5118 1746 5174 boram

95 5208 155 5260 Vos
169 5203 311 5271 exsltrbo,
329 5203 400 5257 rnibi
417 5220 465 5258 vos
480 5218 533 5275 ego
548 5200 750 5271 consimilabo,
1011 5204 1164 5278 Egreditur
1178 5204 1274 5270 tacite,
1290 5203 1363 5259 iorte
1378 5219 1482 5260 cerens
1496 5207 1614 5262 comite.

136 5294 186 5350 illc
199 5294 268 5350 Inibi
285 5298 310 5349 si
328 5292 438 5348 meritis
449 5291 617 5348 consimiles
632 5291 723 5346 eritls·
975 5293 1010 5352 itt
1024 5294 1170 5349 medileus
1186 5291 1247 5346 ibet
1261 5291 1394 5365 cogitans
1410 5308 1474 5364 quoe
1490 5294 1629 5366 dogmata
1643 5293 1763 5369 scribut,

96 5386 126 5444 ei
144 5384 228 5458 pleno
244 5399 336 5456 purus
350 5382 398 5438 vix
412 5398 477 5439 esse
493 5385 587 5453 potest
603 5382 769 5450 moriturus,
1009 5387 1044 5439 iit
1058 5382 1127 5455 quid
1144 5397 1208 5438 erae
1224 5380 1327 5438 doceet
1341 5383 1419 5438 unde
1434 5382 1498 5440 suls
1514 5383 1635 5457 placeat.

134 5479 256 5550 Propter
269 5474 368 5532 cernis
382 5489 468 5541 onus,
485 5472 555 5528 dum
573 5470 748 5542 nequitesse
759 5471 866 5542 bouus,
974 5473 1028 5530 Sed
1045 5489 1125 5531 mors
1140 5473 1278 5543 instabat,
1294 5488 1358 5545 ques
1370 5473 1553 5531 creerisiese
1567 5473 1692 5546 regebat

98 5565 191 5625 Iiemu
206 5565 261 5623 sub
277 5564 333 5623 boo
348 5577 435 5621 onere
449 5561 525 5617 velet
539 5573 669 5632 unquem
684 5559 867 5636 lebecerere,
1010 5562 1191 5621 Preuenieus
1206 5560 1294 5619 bodIe
1306 5561 1446 5634 dogmata
1460 5561 1600 5634 perfidie.
