3802 6030
71 226 149 287 ttttt
339 223 555 288 MARBODUS
579 225 828 288 tununensis
850 222 1071 287 episcopus
1097 255 1133 267 -
1154 221 1509 288 euertrtuttcuut.
1702 206 1781 294 itte

69 360 278 432 Divitibueque
294 359 352 416 reis
368 375 424 416 nou
440 357 682 416 tollunterimine
697 375 816 428 nomeu,
913 361 939 427 Λ
953 355 1175 430 imperitando
1191 355 1383 430 perit,seeleri
1402 358 1496 431 placet
1511 377 1562 417 ore
1577 378 1744 439 munusque

104 451 160 509 Sed
176 467 251 523 quos
266 448 312 506 len
327 450 458 517 demunt,
470 454 566 520 eeqnet
584 449 688 505 hebere
699 449 766 504 diis.
986 447 1474 520 Vendere‚quemquoinopem‚tem
1484 449 1776 524 pudetesseprobum

69 544 142 600 Hine
157 545 201 598 est
215 542 291 612 quot
305 540 429 612 populus
444 557 551 595 nurum
568 540 651 611 quusi
664 555 774 596 numen
787 539 896 596 udones
950 544 1012 597 Non
1029 539 1127 612 egitur
1143 539 1284 594 mirumsi
1300 538 1458 610 quiequam
1477 546 1622 610 prevuset
1636 560 1738 602 eteore

104 633 201 689 Audet
215 631 244 686 in
257 631 389 703 ignotum
406 645 481 702 sepe
496 632 596 685 venire
608 631 698 685 netes.
988 629 1104 686 Divinos
1120 633 1198 685 vetes
1212 627 1322 684 nullius
1338 645 1402 685 esse
1419 635 1512 703 putet.

65 724 174 796 Speque
190 720 261 779 lucri
279 721 364 776 toties
376 723 515 776 excedere
523 721 573 792 jus
589 725 617 774 et
630 719 786 775 honestum
949 716 1039 783 Quem
1056 718 1233 773 comitantur
1248 720 1477 790 opoesupientie
1492 736 1559 776 rere
1581 721 1711 796 reliquit,

102 811 239 875 Sustulit,
256 815 288 865 ut
308 812 399 879 gretie
411 811 474 880 ‚jem
486 812 639 877 iuvetesee
656 825 749 863 reum.
982 807 1105 876 Semper
1121 807 1279 863 mobilibus
1294 807 1464 864 incomitata
1480 809 1574 864 bonis.

446 1022 1391 1237 MARBOMJS

128 1306 938 1501 REDONENSIS
1011 1307 1706 1500 EPISCOPUS

657 1663 739 1758 AD
773 1661 1166 1760 NOVISSIMAM

58 1841 525 2009 MARBODI
596 1839 1233 2010 REDONENSIS
1304 1841 1766 2010 EPISCOPI

342 2077 968 2203 oeusouuouou
1020 2077 1482 2201 emmonem

595 2274 1210 2402 PRAEFATIUNCULA.

103 2535 275 2618 Merbodi‚
299 2535 563 2605 Redonensise
592 2535 719 2626 isoopi‚
737 2534 909 2624 petriam,
943 2533 1139 2623 originem,
1175 2535 1325 2611 statum,
1346 2531 1463 2601 vitem
1490 2535 1525 2601 et
1545 2534 1694 2619 scripte,
1719 2535 1757 2604 in

562 2559 680 2696 iseum
701 2625 779 2728 ejus
799 2644 934 2693 novem
954 2623 1153 2692 editionem
1171 2622 1280 2691 relert
1305 2625 1407 2690 Dom.
1438 2622 1618 2691 Antonius
1642 2625 1757 2693 Beeu·
1891 2694 1896 2707 ,

57 2626 338 2717 praemonitione
354 2625 399 2692 ed
420 2647 558 2715 opuseu

56 2717 207 2803 gendre.
230 2714 329 2783 Nihil
351 2714 596 2805 adjiciendum
618 2719 827 2795 statuimus,
850 2712 923 2782 nisi
946 2711 1056 2782 verbe
1074 2710 1257 2803 quedem,
1275 2710 1332 2781 vel
1351 2710 1578 2792 brevissime,
1595 2713 1639 2781 de
1661 2714 1757 2784 notis

55 2810 93 2874 et
107 2805 236 2873 additis
252 2802 296 2873 ed
316 2803 412 2873 hunc
427 2806 663 2874 novissimam
681 2805 894 2875 editionem.

104 2899 136 2964 1ο
153 2893 330 2984 Epistoles
348 2895 484 2984 excipit
502 2901 551 2965 De
565 2897 678 2966 tribus
693 2894 849 2964 inimicis
860 2894 973 2973 Liber,
990 2913 1034 2961 ex
1054 2895 1091 2960 P.
1110 2894 1290 2981 Hommey
1308 2892 1558 2981 supplemento
1573 2912 1656 2983 peg.
1677 2894 1759 2963 546-

97 3075 132 3142 2⁰
149 3076 231 3143 Post
250 3073 372 3141 Vitem
393 3076 428 3140 S.
448 3073 679 3159 Magnobodi,
697 3072 858 3162 episcopt
879 3071 1168 3160 Andegevensis,
1186 3073 1222 3139 et
1236 3072 1320 3138 ente
1342 3068 1539 3139 Historiam
1563 3067 1755 3160 Theophili

55 3163 263 3242 metricam,
281 3184 324 3232 ex
345 3162 442 3230 tonte
458 3162 707 3244 Bolleudieno,
730 3161 939 3231 addidimus
957 3182 965 3230 ι

100 3256 133 3320 1⁰
148 3252 267 3320 Vitem
302 3255 337 3318 S.
368 3251 556 3335 Guelterii‚
592 3273 655 3322 seu
694 3252 865 3332 Genterii,
902 3249 1043 3320 ebbetis
1081 3252 1116 3318 et
1135 3245 1307 3317 cenonioi
1328 3246 1526 3335 stirpensis
1546 3246 1584 3316 iu
1600 3245 1750 3320 dioeoesi

55 3340 256 3411 Galliarum
276 3341 533 3408 Lemovicensi.
547 3343 739 3427 (Boncnun.
758 3343 796 3408 tl
819 3340 915 3410 Meii.

97 3434 134 3500 2ο
151 3431 272 3501 Vitem
292 3436 327 3498 S.
346 3430 517 3499 Florentii
538 3433 652 3519 (loia,
672 3434 717 3500 22
731 3430 913 3519 Septemb.

97 3524 131 3590 3⁰
156 3520 558 3589 Intercermineverie
580 3526 615 3589 et
644 3523 723 3611 post
758 3540 897 3610 poeme.
929 3519 982 3586 De
1013 3526 1119 3605 raptet
1135 3518 1244 3597 Dine,
1279 3514 1448 3607 quaedem
1476 3514 1746 3602 subjunximus,

52 3609 217 3680 nondum
236 3610 342 3689 edite,
361 3631 379 3676 e
396 3629 465 3676 ms.
483 3610 609 3680 codice
624 3609 826 3679 Turonensi
845 3627 884 3678 ιιο
899 3612 963 3678 117
984 3628 1068 3677 nov.
1086 3609 1122 3676 et
1137 3611 1200 3678 tet
1216 3610 1287 3676 vet.
1309 3615 1423 3675 erute.

97 3703 123 3768 l.
147 3703 318 3769 Doctrinae
332 3702 596 3768 commendatio.

96 3788 136 3858 ll.
154 3793 313 3860 lt'imium
325 3808 369 3856 ne
384 3791 482 3857 crede
500 3791 655 3858 mulieri.

95 3882 152 3947 lll.
173 3882 269 3948 Galli
278 3881 418 3965 suetam
434 3901 455 3943 a
464 3880 559 3965 pallo
571 3880 769 3966 probatum.

95 3966 151 4037 lV.
171 3976 221 4038 De
235 3971 383 4059 quodum
394 3973 548 4036 Hervoeo.

95 4058 137 4126 V.
154 4064 203 4128 De
218 4058 404 4145 Leopmdo.

94 4147 156 4216 Vl.
177 4150 305 4216 Domus
321 4155 484 4236 paterna.

93 4238 167 4305 Vll.
183 4243 229 4307 De
243 4237 425 4306 abbatibus
440 4238 548 4307 nimis
569 4235 847 4324 indulgentibus.

93 4325 186 4393 Vlll.
201 4333 252 4397 De
266 4327 432 4396 Aristotel
455 4375 461 4390 .

93 4412 153 4485 tx.
173 4416 440 4487 Guarmemclns.

93 4506 137 4572 X.
154 4510 266 4595 anoe
281 4509 435 4594 poetice.

94 4595 153 4662 ΧΙ.
179 4595 244 4663 Vas
263 4601 430 4680 fractum.

93 4685 166 4751 Xtt.
182 4685 347 4774 Elopinrn
361 4685 517 4761 Milonis,
535 4683 710 4754 moneohi
730 4686 765 4753 S.
791 4681 906 4753 ttbini
929 4681 1219 4770 senegaliensis,
1246 4678 1331 4749 dein
1347 4678 1508 4769 episcopi
1529 4678 1748 4751 Praenestinl

50 4772 117 4841 sub
136 4773 280 4842 Urbano
298 4795 403 4863 pnpe.
422 4775 461 4841 ll.
484 4771 575 4839 tllud
597 4774 760 4841 eruimus
776 4794 819 4842 ex
838 4771 972 4841 Annei.
990 4769 1175 4840 Benedici.
1199 4773 1285 4838 tom.
1303 4770 1345 4838 V.
1363 4769 1402 4836 in
1423 4770 1580 4860 append.
1600 4790 1635 4859 p.
1666 4772 1744 4841 670.

93 4866 127 4928 4⁰
146 4870 195 4934 lle
210 4867 427 4933 ornamentis
448 4865 642 4940 erectorum,
664 4866 721 4946 §l
739 4869 789 4931 Dc
803 4863 1017 4948 repetitione,
1035 4862 1113 4948 post
1126 4861 1217 4927 duos
1233 4858 1433 4928 versiculos
1453 4881 1460 4927 :

350 4957 395 5013 'lu
414 4951 489 5010 mihi
507 4969 571 5027 rex,
586 4951 662 5011 milri
678 4952 739 5018 tex,
757 4951 833 5010 milri
847 4953 912 5018 lux.
930 4950 1004 5011 mihi
1021 4950 1097 5023 dux,
1115 4949 1193 5010 mihi
1208 4950 1333 5028 vindex,

350 5037 393 5092 'l'e
404 5034 484 5099 colu,
499 5037 529 5090 te
544 5031 650 5106 leudo,
668 5037 697 5090 te
708 5031 888 5105 eloriticens
902 5031 959 5092 tibi
975 5031 1105 5109 plaudo,

49 5114 116 5181 Sex
136 5112 225 5180 elios
239 5111 441 5181 versiculos
462 5110 617 5178 ineditos
632 5131 674 5177 ex
692 5131 759 5178 ms.
795 5110 922 5180 codice
953 5110 1155 5180 Turonensi
1179 5129 1221 5177 no
1235 5113 1300 5179 117
1312 5109 1514 5200 edjeeimus
1531 5131 1539 5188 ;
1557 5108 1582 5178 ii
1598 5108 1746 5201 quidem

48 5205 134 5269 suut
149 5201 315 5289 elegiaci,
334 5201 393 5268 sed
412 5202 449 5267 in
472 5204 593 5267 nostro
610 5199 736 5269 codice
761 5200 900 5289 priores
915 5202 1080 5291 proxime
1095 5205 1310 5290 sequuntur.

92 5294 127 5358 5⁰
143 5293 180 5356 ln
201 5310 264 5357 me.
282 5290 407 5359 codice
426 5291 559 5356 Toron.
582 5297 621 5354 n⁰
634 5292 701 5358 222
717 5294 786 5357 vet.
809 5296 844 5358 ct
859 5297 898 5357 n⁰
914 5293 980 5360 656
996 5309 1078 5357 nov.
1103 5292 1331 5377 lapidariam
1355 5287 1570 5357 inscribitur
1596 5290 1663 5358 sub
1688 5310 1750 5357 no·

49 5379 151 5448 mine
168 5378 378 5458 Hildeberti.
400 5379 467 5446 isto
484 5377 591 5445 modo
608 5398 616 5445 :
633 5379 788 5448 Libellus
799 5381 922 5449 domni
938 5378 1144 5461 Hildeberti
1163 5383 1435 5450 Cenomanensis
1455 5381 1610 5466 episcopi
1631 5381 1674 5447 de
1697 5381 1750 5449 di·

50 5471 158 5538 uersis
178 5470 502 5556 tintorislape'olnrn,
519 5466 635 5535 Codex
652 5467 725 5547 ille,
742 5467 829 5536 olim
868 5468 1031 5539 ecclesiae
1068 5471 1372 5558 metropolitane,
1406 5489 1505 5536 nunc
1545 5471 1667 5536 eutem
1692 5468 1747 5538 bi·
1865 5488 1873 5497 ·

50 5557 179 5646 lilioth.
199 5559 298 5628 urbis
313 5557 517 5635 Turouioae,
539 5556 706 5646 cutelogo
722 5557 896 5627 inseritur
919 5556 1149 5628 oGuillelmo
1168 5563 1285 5628 louen
1299 5565 1334 5628 et
1347 5558 1492 5626 Victore
1526 5553 1745 5636 d’Avennes‚

51 5647 533 5813 zenonicisturonensilnus,
555 5651 732 5736 tanquam
747 5668 832 5735 opus
847 5648 1066 5751 clepiacam;
1083 5647 1180 5752 unde
1194 5649 1430 5756 suspicentur
1448 5643 1545 5714 docti
1576 5651 1745 5749 suctores

87 5752 215 5811 utores
229 5742 338 5812 litter.
356 5737 495 5816 Gallia,
513 5742 588 5807 tom
603 5739 660 5821 XI,
677 5758 713 5829 p.
740 5741 818 5826 394,
834 5757 925 5828 opus
940 5736 1140 5810 Hildebertr
1162 5744 1212 5811 De
1237 5737 1426 5830 lapidibus,
1457 5755 1536 5806 esse
1564 5734 1664 5807 allud
1697 5757 1742 5809 ee
1853 5806 1859 5811 .
