3802 6030
99 184 134 247 η
609 178 823 245 Mustio
842 184 895 244 AD
917 183 1052 246 NDVAM
1079 184 1308 250 uolrlohltat.
1766 191 1806 253 30

101 317 134 389 in
152 315 276 405 flciori
292 315 496 399 Britannia,
514 313 652 405 scripta
666 313 734 383 luit
748 314 848 385 circa
867 337 1009 386 annum
1027 322 1135 399 1125:
1157 320 1319 388 secunda
1341 320 1618 409 responsionem
1642 322 1802 390 continet

102 407 140 478 ud
154 406 402 496 quaestionem
424 406 468 475 de
483 426 572 474 casu
596 404 728 473 morali
754 407 975 493 propositam
1007 429 1027 476 a
1049 409 1231 486 Marbodo,
1256 410 1460 478 [ledonensi
1484 412 1666 499 episcopo,
1685 416 1720 479 et
1738 414 1799 481 W.

102 497 358 586 lindegavensi
378 496 656 565 archidiacono.
681 496 746 563 ilic
773 498 978 565 notandum
999 497 1093 587 quod
1118 501 1154 565 D.
1173 499 1352 567 Aclrerius
1375 500 1472 567 hano
1497 502 1658 588 primum
1682 501 1797 571 edidit

103 588 294 676 epistolam
316 586 574 672 inspicerem,
595 584 839 673 camdemque
855 587 1026 656 Morbodo
1043 588 1169 656 tribuit
1188 609 1300 677 qoam
1319 589 1608 658 Hildebertinam
1622 591 1729 658 tradit
1755 594 1794 657 D.

104 676 349 765 Beaugendre.
365 676 515 744 Videtur
531 680 651 742 autem
682 675 828 764 penitus
852 676 1041 761 ignorasse
1069 683 1242 765 posterior
1266 679 1396 765 prioris
1425 680 1666 760 sententiam3
1690 701 1801 770 quam

104 767 127 835 si
141 767 386 856 comperisset
399 769 497 833 certe
512 763 755 833 discussisset.
779 769 818 831 ln
833 764 906 833 illis
930 786 1015 834 vero
1039 773 1230 835 auctorum
1248 768 1358 834 medii
1375 768 1443 835 ervi
1467 769 1645 837 intricatio
1661 774 1695 835 ct
1714 770 1802 838 satis

108 855 270 925 obscuris
290 854 567 944 questionibus,
583 873 749 921 errorum
767 852 847 922 lons
862 858 898 922 et
912 857 1013 943 origo
1029 856 1134 923 lacile
1154 856 1440 944 deprehenditur
1455 859 1489 923 in
1509 879 1549 925 eo
1565 856 1659 945 quod
1687 860 1756 925 scri
1788 897 1803 912 -

104 952 191 1014 tores
211 945 354 1034 antiqui
372 944 524 1013 nomina
540 963 635 1032 saepe
660 943 794 1031 saepius
815 963 858 1013 ac
873 944 944 1013 iere
965 966 1109 1034 semper
1130 967 1193 1034 per
1215 947 1350 1014 litteras
1368 946 1526 1014 initiales
1545 881 1798 1015 tantummodo

106 1035 304 1123 designent.
324 1036 363 1101 D.
391 1037 505 1102 Lucas
533 1031 721 1108 richerius,
746 1032 898 1121 scriptor
927 1034 1075 1124 quidem
1101 1035 1389 1114 oculatissimus,
1413 1037 1540 1104 videus
1567 1035 1723 1103 litterum
1749 1037 1798 1103 Μ.

107 1125 189 1213 legit
206 1125 405 1203 liutherius,
422 1122 510 1191 dom
527 1128 690 1191 econtra
707 1125 745 1190 D.
761 1127 844 1190 Ant.
865 1124 1099 1209 Deaugaudre
1112 1124 1196 1214 legit
1207 1127 1384 1207 Mercede,
1397 1125 1522 1216 sicque
1534 1146 1629 1191 unus
1640 1125 1800 1213 epistolio

108 1220 298 1291 auctorem,
316 1212 410 1281 alter
423 1222 670 1301 susceptorem
688 1211 905 1281 hlarhodum
923 1213 1063 1282 habuit.
1084 1214 1189 1281 Prior
1208 1222 1330 1282 autem
1347 1217 1491 1303 copiam
1506 1214 1630 1282 habuit
1646 1235 1664 1282 e
1683 1235 1795 1283 manu

58 1372 61 1377 .
109 1303 167 1372 viri
186 1302 392 1373 doctissimi
407 1301 646 1384 d'llerouva13
671 1303 848 1404 posterior
867 1324 985 1371 veroe
1011 1324 1123 1371 manu
1144 1306 1202 1372 Sle
1233 1304 1266 1370 lr.
1295 1303 1442 1385 Baluzii,
1472 1303 1676 1371 litterarum
1706 1303 1801 1393 peri-

109 1393 240 1462 tissimi.
261 1390 491 1461 Probabilius
511 1392 654 1459 videtur
670 1396 777 1459 istam
795 1392 984 1482 epistolam
1001 1414 1079 1461 esse
1101 1325 1402 1470 hildebertinam,
1419 1393 1598 1482 siquidem
1622 1392 1666 1461 de
1682 1394 1800 1482 seipso

109 1503 171 1550 non
192 1482 411 1572 praedicaret
425 1479 612 1549 Maronites
632 1483 698 1550 Dei
708 1483 824 1568 pratia
845 1484 1052 1550 uenerabilis
1070 1484 1304 1551 carilocensis
1320 1486 1515 1571 episcopua,
1539 1481 1626 1550 dum
1649 1481 1680 1549 ei
1703 1489 1799 1551 recle

110 1572 318 1640 scriberetur
332 1571 498 1640 Durbede
517 1573 581 1638 Dei
593 1574 711 1657 pretio
733 1573 927 1640 venerabili
944 1573 1166 1641 eredoaensi
1188 1575 1356 1659 episcopo.
1385 1575 1474 1640 Dum
1504 1578 1541 1639 D.
1567 1573 1800 1658 Dearrgcndre

108 1662 206 1750 igitur
227 1681 425 1728 censemus
441 1659 522 1728 illas
539 1660 676 1728 litteras
691 1660 736 1728 ab
753 1659 959 1729 Hildeberto
976 1668 1100 1729 nostro
1116 1659 1224 1729 luisse
1242 1663 1416 1750 scriptas;
1431 1683 1503 1751 quo
1520 1682 1603 1729 vero
1622 1668 1795 1747 tempore,

109 1752 295 1819 incertum.
314 1750 434 1817 Tertia
453 1749 605 1838 epistola
624 1751 760 1817 directa
782 1755 836 1817 est
850 1750 893 1817 ad
917 1753 971 1827 a,
990 1751 1023 1818 id
1053 1756 1107 1818 ost
1122 1751 1166 1817 ad
1195 1751 1392 1820 Ranullum
1427 1752 1641 1840 episcopum
1664 1750 1800 1817 Dunel-

109 1860 259 1909 mensem
285 1841 484 1926 (Durheml,
510 1859 610 1907 anno
635 1842 730 1910 1:199.
758 1839 860 1906 illam
891 1839 1016 1908 habuit
1039 1841 1155 1908 editor
1180 1841 1439 1908 Benedicti-nus
1462 1863 1482 1907 a
1502 1842 1601 1907 Dom.
1628 1840 1797 1927 Loyaute,

107 1930 295 1998 turonensi
312 1926 831 2020 sagacissimoantiquitalum
859 1929 1086 2013 indagatore,
1114 1932 1284 2017 quamvis
1306 1931 1382 2019 ipse
1412 1952 1484 1999 nou
1513 1931 1693 1998 invenerit
1715 1951 1797 1998 eam

54 2090 57 2115 Ι
108 2020 139 2109 in
154 2018 416 2107 manuscriptis
431 2017 622 2086 codicibus
641 2039 731 2107 quos
749 2037 822 2104 prae
839 2039 876 2085 se
904 2019 1225 2106 mullospossedit.
1248 2024 1332 2087 'ires
1356 2025 1479 2088 autem
1508 2018 1587 2086 illas
1611 2018 1797 2108 epistolas,

54 2118 57 2187 ἕ
109 2114 173 2199 post
190 2106 384 2198 epistolam
404 2109 447 2176 34
464 2106 525 2175 lib.
544 2127 595 2184 111,
614 2108 826 2177 immediate
842 2108 1056 2199 adjecimus,
1077 2107 1262 2196 sirpnum.
1280 2114 1335 2183 35,
1354 2113 1397 2178 36
1412 2118 1445 2177 et
1460 2114 1516 2187 37,
1533 2112 1799 2196 anteponentes

111 2205 215 2266 sutem
235 2197 273 2265 iu
293 2203 377 2266 nota
393 2199 568 2265 rnonr'tum
587 2199 623 2263 D.
648 2196 897 2280 Beaurrendre,
919 2197 1024 2264 itaut
1045 2187 1478 2291 no'tilirimliliepivriaW
1496 2197 1591 2285 apud
1623 2198 1800 2267 B··nedic·

112 2289 194 2355 linos
213 2293 378 2355 auctores
393 2289 556 2355 Historia
571 2287 664 2354 litter
683 2291 819 2369 Gallie,
840 2293 964 2374 aperto
983 2286 1187 2373 ,concordet
1206 2276 1216 2352 i
1221 2290 1388 2354 n‘no'slra
1403 2287 1604 2373 novissime
1625 2287 1796 2368 editione,

116 2396 187 2445 eum
207 2376 414 2443 editioueD.
435 2375 682 2463 Deaugendre.
1276 2448 1284 2460 ,
1577 2375 1601 2395 ⁰‘

149 2465 302 2553 Denique
320 2484 366 2534 cx
382 2465 581 2532 Anecuotis
612 2464 760 2533 Antonii
797 2462 1000 2542 liuralorii,¹
1026 2458 1372 2555 binas'ricee‘pimos
1388 2463 1562 2558 ,epistolas
1582 2462 1734 2532 ineditas
1753 2484 1797 2532 ex

113 2553 347 2622 llmbrosianis
361 2552 551 2623 codicibus
567 2554 612 2623 ab
628 2554 705 2642 ipso
722 2558 855 2631 erutas,
872 2573 964 2643 quas
981 2553 1042 2622 hic
1058 2553 1217 2642 adjectas
1230 2553 1406 2641 p'onimhs
1419 2553 1486 2641 suh
1499 2566 1591 2632 num
1619 2555 1670 2647 ,38
1686 2559 1721 2621 et
1739 2556 1795 2622 39.

113 2643 285 2711 Tresalias
302 2643 411 2733 prelis
426 2641 537 2710 simul
561 2643 750 2712 commisit
769 2644 826 2710 vir
852 2643 1100 2721 doctissimus,
1118 2645 1179 2711 sed
1204 2665 1290 2713 cum
1320 2644 1366 2711 ah
1400 2635 1534 2709 anton}
1557 2641 1797 2728 Decugendre

115 2732 234 2801 luerint
259 2734 339 2822 jam
366 2733 404 2799 in
434 2731 553 2800 lucem
582 2732 701 2810 editio,
728 2732 811 2800 illas
836 2731 962 2801 sedulo
995 2733 1219 2802 contulimus
1243 2738 1278 2800 et
1306 2731 1517 2798 invenimus
1544 2738 1726 2800 textuma
1757 2734 1798 2798 D.

113 2823 334 2909 Beaugendre
353 2820 491 2889 editum
515 2821 631 2890 multo
651 2843 729 2891 esse
752 2822 1033 2890 accuratiorem.
1064 2823 1204 2891 Etenim
1226 2827 1261 2888 in
1283 2822 1429 2910 epistola
1454 2821 1647 2889 Hildeberri
1664 2825 1697 2899 4,
1715 2841 1796 2910 quae

54 2936 64 2991 f·
113 2910 258 2980 estlDin
278 2910 520 2980 ambrosiano
534 2911 674 2988 codice,
692 2914 727 2980 et
745 2915 800 2987 40,
820 2910 882 2980 lib.
900 2931 939 2993 11,
963 2933 984 2999 p
1015 2916 1080 2981 145
1101 2912 1185 2981 edit.
1203 2916 1337 2978 Anton.
1358 2909 1603 2994 Deaugendre
1622 2908 1793 2999 plurima.

54 3006 61 3067 ἓ
112 3000 368 3089 reperiuntura
397 3001 594 3070 Muratcrio
628 3001 802 3070 mendosa
831 3001 1064 3089 transcripto.
1094 3004 1133 3068 ln
1166 3000 1375 3088 exemplum
1408 2998 1588 3067 adducere
1631 3000 1718 3067 satis
1752 2998 1800 3067 sit

54 3100 58 3139 ἱ
110 3090 284 3178 mouentia
308 3088 420 3158 verba
436 3109 473 3156 :a
504 3089 744 3169 Quibuscum
768 3090 866 3160 diem
895 3090 1029 3178 agendi
1045 3111 1087 3158 ex
1112 3098 1230 3160 vestro
1250 3090 1477 3157 dedissemus
1495 3092 1687 3178 praecepto,
1719 3088 1798 3177 ipsa

109 3181 264 3267 tgnesel
290 3199 355 3270 pro
377 3178 553 3247 brevitate
580 3181 768 3268 temporis,
791 3183 826 3248 et
850 3201 914 3269 pro
935 3180 1014 3248 loco
1037 3178 1080 3246 ad
1111 3201 1220 3270 quem
1246 3200 1330 3247 suos
1354 3177 1534 3247 deducere
1556 3199 1629 3245 non
1660 3180 1799 3267 poterat

107 3270 303 3352 advocatos,
326 3273 362 3336 et
391 3268 552 3337 maxime
575 3271 775 3340 Gnidonem
801 3269 844 3337 de
868 3268 1011 3339 Lavalla
1041 3270 1191 3337 lratrem
1215 3289 1323 3336 suum
1349 3288 1436 3335 cum
1466 3268 1599 3336 cernite
1627 3287 1797 3355 guerram

106 3355 302 3435 habentem,
333 3378 371 3425 se
401 3378 475 3427 non
503 3360 676 3448 possead
710 3380 861 3428 oausam
898 3360 1022 3428 venire
1054 3357 1296 3447 praetendit.»
1325 3360 1375 3423 lta
1411 3359 1449 3422 D.
1479 3357 1726 3443 Deaugendre,
1752 3375 1795 3423 ex

105 3446 485 3538 manuscriptocodice
513 3448 720 3517 Ebroiceusi
761 3450 821 3517 Sic
846 3470 931 3518 vcro
954 3454 990 3516 D.
1016 3449 1187 3517 Muralori
1205 3469 1211 3515 :
1232 3475 1246 3509 a
1266 3446 1403 3526 Quibus
1428 3466 1512 3512 com
1538 3449 1635 3513 diem
1662 3444 1796 3533 agendi

104 3556 142 3605 ex
156 3550 270 3605 neruo
284 3535 506 3605 dedissimus
528 3547 719 3628 precepto,
738 3538 815 3627 ipsa
833 3544 886 3613 A..
910 3558 974 3628 pro
995 3538 1169 3607 brevitate
1186 3538 1372 3624 temporis,
1395 3539 1430 3602 el
1447 3557 1510 3624 pro
1526 3534 1604 3603 loco
1620 3534 1664 3601 ad
1686 3554 1795 3623 quem

104 3647 184 3694 suos
207 3647 278 3695 non
298 3631 437 3715 poterut
462 3625 658 3696 advocatos
681 3627 827 3706 ducere,
849 3632 883 3696 el
910 3628 1070 3695 maxime
1095 3629 1154 3694 W.
1181 3628 1223 3695 de
1243 3628 1377 3694 Jorolle
1408 3624 1556 3694 tratrem
1580 3644 1688 3692 suum
1713 3643 1795 3691 cum

101 3716 230 3785 comite
243 3715 422 3786 Guerrino
440 3714 585 3796 habere,
602 3737 640 3785 sa
655 3717 701 3786 ad
717 3736 868 3785 causam
886 3737 960 3786 non
983 3737 1086 3806 posse
1102 3716 1227 3784 venire
1248 3714 1452 3804 praetendit.
1472 3742 1489 3776 a

143 3809 195 3873 hls
208 3806 375 3874 codioem
390 3810 427 3874 et
440 3805 588 3895 quidem
600 3809 750 3894 optimae
762 3812 870 3889 notae,
883 3805 1270 3883 Hildeberticoaevum,
1283 3804 1386 3873 nouis
1397 3802 1642 3892 suppeditavit
1653 3801 1796 3869 amicus

99 3898 132 3964 el
146 3895 327 3964 bonarum
342 3894 547 3964 litterarum
562 3896 852 3965 studiosissimus
870 3897 1032 3964 Andreas
1047 3895 1198 3964 Salmon
1221 3898 1456 3974 Turonensis,
1479 3894 1517 3960 in
1542 3914 1612 3983 quo
1638 3897 1794 3959 exaratae

99 3986 328 4075 reperiuntur
357 4004 405 4053 xo
431 3984 605 4074 epistolae.
638 3985 720 4053 illus
752 4007 882 4054 omnes
917 3985 1142 4055 contulimus
1170 4007 1255 4054 cum
1285 3983 1446 4074 epistolis
1474 3983 1552 4071 jam
1592 3981 1793 4070 impressis,

97 4074 310 4164 nullamque
343 4073 556 4142 invenimus
581 4075 773 4156 ineditam,
800 4076 971 4165 quamvis
998 4080 1123 4144 notam
1151 4075 1280 4144 ultima
1302 4075 1439 4164 pagina
1473 4074 1650 4140 insertam
1680 4090 1793 4138 manu

95 4162 247 4254 quidem
264 4184 335 4231 non
362 4163 506 4253 antiqui
529 4165 703 4246 auctoris,
728 4163 927 4253 legerimus
954 4164 1010 4233 his
1030 4166 1154 4235 verbi:
1180 4191 1196 4230 a
1226 4169 1363 4232 Desunt
1384 4163 1545 4248 epistulae
1571 4162 1615 4230 ab
1647 4162 1714 4228 uae
1739 4161 1796 4228 40·

93 4252 269 4344 usquead
289 4256 368 4323 83⁸³
382 4257 418 4321 at
443 4253 626 4328 ultimam.
663 4275 746 4343 quae
766 4275 895 4323 omnes
912 4253 1099 4344 impressae
1130 4255 1311 4323 habentur
1328 4254 1364 4320 in
1381 4252 1595 4320 Bibliotheca
1624 4256 1792 4329 Patriam

94 4342 176 4413 haec
198 4364 284 4412 varo
300 4363 378 4431 quae
403 4341 536 4433 incipit
556 4365 565 4411 τ
581 4348 795 4414 Successore
815 4345 1012 4433 confitebor,
1032 4366 1103 4413 non
1117 4345 1303 4412 invenitor
1318 4344 1413 4410 intra
1428 4343 1638 4430 impressas.
1654 4365 1669 4398 a
1685 4341 1794 4405 istam

92 4439 221 4503 autem
237 4431 430 4520 epistolam
446 4432 756 4520 deprehendimus
772 4434 949 4502 insertam
967 4435 1062 4502 inter
1081 4434 1253 4523 epistolas
1266 4433 1326 4501 lib.
1344 4452 1383 4500 ιιι
1400 4432 1466 4499 sub
1483 4450 1585 4497 num.
1597 4432 1650 4497 34.

137 4527 181 4591 ln
203 4527 304 4590 tomo
323 4523 382 4598 Xl,
398 4543 433 4611 p.
450 4524 530 4601 308,
547 4526 676 4591 Hister.
699 4526 802 4592 litler.
820 4523 946 4592 Gallie
961 4522 1080 4610 legere
1095 4530 1149 4591 est
1165 4525 1260 4591 hane
1278 4528 1400 4590 notam
1420 4543 1427 4586 :
1451 4549 1464 4583 a
1483 4519 1639 4587 Thomas
1666 4514 1799 4603 Bodley

91 4611 195 4681 dedit
209 4611 449 4680 Universitati
468 4612 678 4691 Osoniensi,
695 4612 790 4681 inter
803 4613 872 4680 alia
889 4634 1011 4701 opera,
1030 4614 1321 4702 manuscriptum
1334 4610 1500 4679 codicem
1518 4609 1554 4675 in
1569 4606 1796 4697 quoinserlae

91 4702 339 4771 inveniuntur
363 4703 428 4770 178
451 4702 615 4790 epistolae
642 4701 854 4778 Hildeberii,
887 4701 1175 4771 Cenomanensis
1209 4724 1226 4769 e
1256 4700 1379 4789 iscopi.
1400 4727 1414 4758 v
1438 4703 1476 4766 lit
1498 4700 1678 4788 prolertur
1706 4694 1798 4762 libor

92 4791 268 4862 Bibliolh.
287 4789 517 4879 Bodleyanae,
535 4813 569 4880 p.
585 4795 641 4866 92.
657 4800 694 4859 u⁰
710 4795 808 4861 1872.
825 4793 926 4861 Unde
937 4814 1019 4881 spes
1034 4794 1140 4860 nobis
1155 4724 1292 4859 altahir
1310 4811 1421 4858 novos
1433 4793 1477 4858 53
1493 4788 1662 4878 epistolas
1678 4784 1798 4886 Hilde-

91 4880 312 4952 bartinasin
335 4879 523 4969 poblicum
554 4882 792 4969 producendi.
823 4881 1018 4969 Epistulam
1045 4883 1281 4950 direximuse
1305 4880 1511 4948 'l'urouibus
1540 4897 1663 4945 misnae
1692 4878 1797 4976 M.³¹.⁰’

90 4993 152 5041 an.
186 4973 291 5053 1854,
317 4970 362 5037 ad
391 4970 509 5038 virum
535 4969 581 5039 el.
600 4974 642 5038 H.
660 4972 824 5053 Dilexe,
856 4969 1086 5040 bibliothecae
1115 4971 1329 5058 Bodloyanae
1359 4969 1633 5041 administrum,
1665 4984 1727 5053 qut
1759 4983 1797 5030 ιιι

91 5080 315 5151 responsum
338 5058 443 5127 nobis
476 5060 575 5130 dedit
604 5060 897 5149 manuscriptum
927 5061 1106 5142 codicem,
1124 5072 1163 5127 ιι0
1188 5063 1286 5130 1872.
1308 5080 1434 5147 seprio
1459 5056 1629 5125 manibus
1649 5053 1796 5128 habere,

89 5149 331 5241 quiquinque
343 5150 491 5218 tantum
508 5149 705 5219 Hildeberli
720 5149 893 5239 epistolas
912 5149 1118 5219 contineret
1133 5170 1289 5239 quarum
1307 5149 1418 5215 etiarn
1437 5147 1567 5216 ultima
1583 5145 1799 5233 imperfecta

90 5242 255 5309 videtur.
278 5237 365 5306 inde
381 5238 485 5307 venit
498 5260 599 5309 error
612 5240 709 5330 quod
729 5239 873 5307 incuria
893 5241 1144 5331 typographus
1160 5240 1213 5306 sio
1233 5237 1404 5305 mendose
1417 5235 1622 5324 impressit.
1646 5262 1660 5293 ι
1674 5231 1799 5298 Hilde-

91 5329 187 5399 berli
206 5327 371 5417 episcopi
387 5330 674 5399 Cenomanensis
689 5328 850 5420 epistolae
870 5333 944 5408 178,
964 5356 980 5391 ιι
999 5331 1076 5396 loco
1093 5330 1287 5397 Hildeberti
1301 5329 1462 5417 epistole,
1477 5321 1709 5394 l'oliocodicis
1724 5324 1798 5389 178.

92 5418 267 5511 Epistolae
287 5437 372 5486 vcro
388 5437 471 5507 quae
489 5419 526 5486 in
556 5419 683 5489 codice
713 5416 918 5508 Bodleyano
947 5418 1190 5486 inveniuntur
1210 5422 1294 5486 sont
1310 5416 1481 5485 editionis
1499 5419 1537 5483 D.
1565 5411 1801 5500 Beaugendre

92 5513 123 5596 7,
138 5516 175 5592 8,
200 5512 260 5589 18,
278 5510 319 5579 17
337 5508 376 5578 cl
392 5509 450 5589 25,
467 5512 503 5578 et
522 5508 636 5581 codex
650 5508 710 5580 ille
725 5512 894 5580 exaratus
909 5513 964 5579 est
982 5531 1110 5579 versus
1130 5510 1241 5579 linem
1264 5527 1314 5579 ιιι
1335 5506 1473 5578 secoli.
