3802 6030
402 242 611 306 SERMONES
630 243 684 303 DE
706 242 897 307 llIVilllSlS.
922 278 959 291 -
981 247 1033 307 An
1055 248 1270 311 PASTORES.
1647 255 1706 315 'tet

70 394 109 435 tm
124 378 190 449 ejus
206 376 327 435 unicum
342 378 580 437 Dominumdu
596 381 730 434 nestrum
743 378 757 433 i
769 400 783 427 »
798 382 827 434 et
840 380 869 448 Α
884 379 996 450 fatigari
1012 380 1139 454 populus
1149 381 1263 439 Domini
1273 382 1287 439 t
1297 385 1364 448 Qua
1374 384 1518 442 suotlstas
1528 389 1589 442 trae
1599 385 1704 456 dieta,

75 468 192 526 icerotis
208 485 215 525 :
233 491 246 518 u
262 469 367 538 credo,
385 491 399 519 s
413 469 485 526 Filio
502 485 550 525 res
571 466 733 542 obligastis.
755 468 825 525 Cum
878 469 988 542 quihus
1001 469 1138 543 peractis,
1153 472 1273 529 offertur
1286 471 1502 544 beneplacitum
1518 478 1574 532 Dee
1586 476 1703 533 sacrifl-

71 560 253 615 sdiceretur:
269 581 284 610 a
295 560 395 615 Credis
405 564 433 615 et
444 560 472 613 in
485 558 626 631 Spiritum
639 564 773 614 sanctum
785 558 800 613 ‘t
810 581 825 608 e
878 558 956 614 cium
973 558 986 614 i
1002 560 1098 616 Prima
1111 578 1182 617 sane
1195 562 1281 617 dieta
1296 562 1399 618 amalo
1415 563 1560 621 declinare
1570 571 1616 622 est
1631 586 1639 637 3
1656 583 1703 624 se·

70 650 280 722 rperponeretis
299 666 333 704 2«
351 650 453 717 Credo,
471 672 484 697 a
502 649 623 720 Spiritui
648 654 750 705 sancte
773 666 824 705 vos
878 649 984 717 cunda,
1002 649 1076 706 hene
1091 667 1175 723 agere
1189 656 1234 707 est
1245 671 1253 722 ;
1266 651 1359 720 tertie,
1372 652 1559 709 ascensiones
1573 654 1602 710 in
1614 657 1702 714 eorde

70 741 163 811 gestis.
192 740 281 795 Grave
306 738 395 793 nimis
411 745 454 794 est
469 756 485 793 a
502 739 636 811 pactione
652 737 823 808 hujusmodi
876 738 1031 811 disponere
1046 745 1100 795 eat.
1119 746 1156 797 Da
1172 743 1267 813 prima
1295 741 1452 814 Apostolus
1475 742 1518 799 sic
1533 744 1576 800 ait
1593 761 1600 800 :
1616 767 1631 797 a
1647 746 1701 811 Qui

71 831 122 886 ire.
134 829 163 883 Si
178 829 255 883 enim
272 828 349 882 Petri
364 827 540 892 mentimini,
560 827 729 883 nihilvehis
749 832 777 883 et
790 844 823 883 en
875 828 1030 885 iurabatur
1052 830 1111 901 jam
1135 848 1192 885 non
1222 831 1334 887 iuretur
1361 832 1469 903 (Epist.
1499 849 1536 902 rc,
1556 834 1699 906 28).»De

71 921 127 977 erit
141 936 203 992 que
220 920 401 991 promittitur
417 919 486 974 filiis
502 919 656 975 haereditus
672 939 679 988 ς
697 920 721 974 si
738 919 821 986 Filio,
873 918 1002 974 secunde
1016 919 1091 975 idem
1106 919 1200 976 dicit:
1222 942 1236 970 «ι
1255 920 1368 977 induite
1383 937 1433 977 ves
1448 924 1697 997 armamentum·-

72 1010 200 1082 proderit
211 1008 292 1065 vohis
308 1013 462 1078 assumpte
474 1008 821 1080 provehishumanitae,·
874 1012 1030 1081 maturam,¹
1048 1008 1109 1077 usi,
1135 1014 1165 1065 ut
1188 1008 1308 1081 possitis
1323 1015 1401 1066 stsre
1416 1011 1557 1068 adversus
1572 1012 1696 1070 insidias

71 1099 158 1154 iiritui
174 1106 286 1168 saincte,
302 1098 507 1169 exstinguetur
521 1113 585 1167 quae
601 1096 708 1152 dilluea
723 1100 768 1153 esi
790 1096 818 1151 in
873 1096 982 1154 diaboli
995 1098 1103 1170 (Ephes.
1120 1115 1158 1163 vr,
1184 1099 1238 1171 11).
1251 1118 1264 1143 ν
1279 1098 1406 1155 Tertium
1423 1100 1556 1156 Salomon
1573 1099 1602 1156 in
1618 1105 1697 1158 Ceo·

71 1190 133 1244 ihus
159 1188 263 1243 vestris
294 1188 433 1243 charitas.
456 1186 529 1253 Quia
541 1186 631 1257 igitur
647 1186 713 1241 fidei
731 1185 820 1256 huius
873 1186 938 1242 licis
953 1187 1134 1244 canticorum
1149 1189 1310 1255 admirans,
1327 1190 1378 1244 ait:
1397 1209 1408 1237 a
1427 1189 1550 1254 Quaeest
1564 1188 1615 1245 ille
1629 1206 1695 1262 quaa

71 1278 150 1334 iissio
163 1278 298 1342 tactaest,
309 1277 376 1346 ⁴ruis
388 1277 607 1332 inuitamentem
619 1275 746 1348 pesitum
762 1281 817 1343 eet,
871 1277 1056 1350 progreditur
1069 1277 1260 1334 sicutaurora
1270 1277 1476 1351 consurgens?
1490 1300 1504 1327 a
1519 1276 1694 1352 (Contenti.)

71 1365 224 1423 radiilcate
255 1365 367 1437 lapides
395 1365 513 1435 rutilos,
533 1364 815 1438 lapidespretiosus.
871 1367 900 1425 Si
916 1368 1161 1441 ergosecundum
1186 1367 1369 1440 Apostolum,
1398 1367 1497 1424 carnis
1517 1368 1693 1427 renuntiatis

71 1472 98 1511 m
117 1460 265 1512 structure
286 1453 359 1509 nihil
385 1455 510 1527 patietur
538 1454 671 1527 periculi,
698 1456 816 1527 quande
869 1455 1691 1529 operibusprimamlecistisdietamsijurtacumdam,

73 1562 108 1602 us
138 1544 291 1601 manifeste
315 1543 410 1599 veniet
435 1544 520 1613 (Psoi.
544 1561 618 1613 surr,
643 1544 670 1615 3)
686 1561 692 1609 ;
711 1566 724 1591 »
741 1543 814 1600 nihil
869 1544 1691 1618 nevumiuduitisheminem,quiseeundemDeumcrca·

71 1635 232 1702 ¹inciacum
243 1659 256 1686 α
269 1636 346 1709 ignis
360 1636 389 1692 in
404 1642 561 1708 conspeetu
573 1637 815 1707 ejuscxardescet
867 1639 976 1692 tuaest
991 1635 1021 1692 iu
1046 1634 1162 1707 justitia
1185 1643 1211 1691 et
1235 1636 1392 1691 sanctitate
1410 1651 1507 1706 vertas,
1527 1637 1687 1695 secundam

74 1731 106 1795 );
135 1749 145 1773 ι
168 1726 241 1781 nihil
265 1725 483 1789 commotionis,
507 1742 572 1780 cum
598 1748 611 1774 «
638 1724 668 1780 in
689 1724 850 1821 circuituB
867 1723 976 1780 lecistis
991 1724 1118 1781 dietam.
1135 1725 1164 1781 si
1181 1725 1353 1798 prophetem
1370 1725 1473 1793 secuti,
1498 1725 1687 1784 ascensiones

71 1817 229 1883 tempestas
244 1813 336 1869 velidi
354 1812 444 1884 (rete.)
461 1834 474 1859 n
491 1812 635 1868 desaeviet.
865 1814 894 1869 in
904 1813 991 1870 corde
1001 1817 1095 1870 restro
1109 1813 1425 1886 disposuistis,tertiam
1439 1812 1547 1870 lecistis
1557 1814 1686 1874 dietam.

71 1902 192 1977 sitaque
204 1903 346 1970 decursis,
363 1918 471 1975 quaecx
492 1901 658 1959 Christiana
678 1902 734 1958 side
760 1918 811 1958 re·
864 1902 1017 1977 hisigitur
1029 1902 1161 1974 expletis,
1184 1902 1342 1974 placebunt
1359 1903 1686 1964 Domioeseorillciava·

71 1992 144 2049 lohet
156 1991 337 2059 fraternitas,
353 1992 379 2046 id
393 1992 471 2065 qued
484 2009 518 2047 ex
529 1992 679 2048 secerdote
689 1992 811 2058 debetis,
864 1995 988 2050 suellis
1000 1994 1142 2050 Dominus
1165 1994 1341 2050 exercituum
1353 1994 1487 2051 exaudiet
1499 2000 1564 2051 veta
1576 2001 1685 2057 vestro.

71 2098 114 2137 ma
130 2082 237 2155 pugion
252 2099 302 2138 ves
317 2082 443 2138 decebit.
471 2080 608 2137 Offensus
625 2080 718 2154 primo
734 2080 812 2137 Deua
863 2086 897 2138 ln
906 2080 953 2138 his
962 2079 1039 2137 euim
1056 2081 1087 2136 lli
1101 2082 1201 2136 Judee
1213 2080 1404 2137 sanctificatio
1416 2080 1526 2153 ejusde
1540 2080 1585 2140 his
1595 2083 1685 2140 lsrael

72 2172 221 2237 pressione
247 2171 394 2243 originali,
412 2172 580 2244 frequenter
595 2171 751 2227 ellenrlitur
764 2187 810 2227 ac·
864 2170 895 2226 lit
911 2174 1041 2243 potestas
1057 2170 1128 2241 ejus.
1146 2174 1207 2227 lsta
1222 2169 1327 2242 triplex
1342 2170 1438 2237 dieta,
1454 2171 1522 2242 quia
1536 2176 1688 2245 precata·

90 2264 140 2321 llle
153 2264 244 2321 semel
271 2263 440 2334 commissa,
466 2263 560 2320 deleta
576 2268 619 2319 est
635 2262 748 2319 Christe
764 2280 812 2320 se·
864 2260 906 2317 ris
920 2259 1002 2317 vohis
1027 2259 1181 2328 incumbit,
1203 2276 1260 2331 pre
1287 2259 1399 2316 ceteris
1418 2259 1544 2334 exigitur
1558 2277 1575 2318 a
1588 2261 1686 2322 vehis.

72 2356 100 2409 io
129 2371 325 2424 erucepesse.
357 2354 422 2410 llaec
452 2359 525 2422 ectri,
551 2353 812 2425 quetidiedeieter
864 2353 935 2409 llinc
949 2351 1085 2427 estquod
1098 2350 1297 2409 sacrificantes
1312 2351 1437 2409 Domino
1452 2352 1687 2424 sacerdotea,hu·

76 2448 105 2499 to
116 2443 244 2516 quotidie
261 2444 289 2499 iu
307 2442 391 2499 saltari
407 2443 610 2499 irrituelateflt
622 2441 672 2498 ills
687 2458 809 2498 evacua·
862 2441 994 2515 jusmodi
1022 2441 1175 2498 dictarum
1207 2441 1382 2498 mentionem
1400 2441 1522 2511 iaciunt,
1535 2443 1687 2501 dicentes:

72 2575 78 2601 ,
109 2534 216 2588 missua
243 2540 287 2589 est
307 2532 336 2588 in
364 2532 504 2588 mnndum
526 2531 670 2599 Christus,
696 2535 771 2588 Deus
783 2537 812 2588 ot
865 2551 880 2581 a
896 2529 979 2587 Unde
993 2533 1177 2587 etmemeres
1193 2546 1246 2586 nos
1263 2529 1405 2601 tuiservi,
1420 2530 1471 2587 sed
1487 2535 1516 2587 et
1531 2530 1614 2602 plebe
1635 2536 1687 2591 tuo

72 2621 444 2690 i,hestiactsaoerrles;ut
472 2628 662 2677 evacuaretur
681 2622 811 2688 iste,er-
864 2626 965 2677 sancta
988 2620 1120 2691 ejusdcm
1152 2617 1267 2676 Domini
1296 2619 1389 2677 nostri
1411 2620 1482 2677 Jesu
1498 2620 1607 2677 Christi
1623 2624 1684 2678 tam

74 2728 107 2768 ur
122 2713 150 2767 iu
167 2712 296 2768 Ecclesia
308 2712 443 2767 minister
457 2713 568 2781 airuns,
586 2728 641 2766 nen
658 2713 743 2782 tiens,
759 2711 811 2767 sed
864 2711 1117 2784 heatepassieois,
1136 2710 1324 2767 riccuooetah
1335 2709 1435 2766 inieris
1448 2711 1685 2783 resurrectionis,

72 2821 101 2871 ις
119 2819 177 2858 non
191 2802 298 2871 hestia,
315 2803 365 2857 scd
382 2803 638 2875 sacerdotumque
652 2801 809 2873 protessie·
864 2802 914 2858 sed
925 2807 953 2856 et
970 2801 999 2857 in
1014 2800 1102 2858 coelos
1117 2799 1687 2874 glorioseascensionisotiarimuspre·

72 2897 153 2948 estre
168 2898 214 2948 est
229 2894 373 2948 celestem
386 2891 541 2947 saeriilciis
553 2891 667 2962 placare
679 2890 810 2963 indigna·
863 2890 949 2947 clerte
958 2890 1103 2962 majestati
1118 2895 1175 2946 ture
1185 2889 1221 2946 de
1236 2890 1295 2945 tuis
1310 2890 1397 2945 donis
1412 2906 1444 2945 ac
1459 2890 1537 2947 detis
1555 2890 1682 2947 hostiam

72 2999 97 3037 m
107 2981 571 3054 nestrumspectatministerium
581 2980 809 3054 permysterium
864 2998 966 3054 puram
980 2985 1009 3036 et
1024 2986 1143 3036 certam.
1156 3002 1171 3032 e
1182 2981 1229 3037 Sic
1239 2981 1317 3037 enim
1328 2980 1477 3037 reminisci
1493 2981 1601 3039 dehent
1614 2998 1687 3039 mer·

73 3071 132 3128 uici
149 3072 278 3143 corporis
301 3075 467 3143 peccateres
484 3071 512 3126 in
529 3070 657 3125 <livinum
676 3085 811 3125 revocare
863 3072 901 3127 tis
916 3076 945 3128 et
958 3072 1053 3126 crucis
1068 3072 1136 3126 lesu
1150 3070 1267 3136 Christi,
1285 3074 1317 3125 ut
1331 3072 1499 3143 sJusgratia
1511 3071 1687 3128 mortiticeut

72 3160 187 3217 rmNou
204 3178 306 3217 omnes
321 3168 419 3216 tamon
440 3160 514 3230 sarred
533 3160 622 3215 Deum
639 3158 809 3230 impetrent,
825 3134 849 3195 c
864 3170 891 3218 et
906 3161 1079 3232 eruoitlgant
1092 3176 1209 3216 caruem
1225 3176 1309 3216 suem
1325 3174 1393 3216 cum
1412 3158 1490 3216 vitiis
1505 3166 1533 3216 et
1548 3160 1685 3232 concupi·

72 3267 159 3321 inque
174 3267 226 3323 pre
237 3250 302 3307 aliis
327 3248 526 3321 interpellant,
543 3265 636 3320 neque
652 3247 729 3303 enim
745 3264 810 3303 om·
865 3250 1073 3318 scentiisauis;
1085 3248 1261 3304 sioracelere
1272 3248 1488 3304 renovationem
1498 3248 1687 3307 resurrectio·

72 3340 156 3397 heum
188 3340 302 3412 placent
331 3339 379 3413 qui
411 3345 466 3395 hee
491 3337 654 3394 immolant.
674 3335 811 3393 immolat
865 3337 1365 3411 nientajusexemplonspirentad
1387 3337 1687 3397 animereserrectie·

72 3446 171 3487 tresue
188 3430 255 3498 ;scd
274 3447 325 3502 per
341 3429 446 3486 isaiam
461 3430 533 3501 (cup.
549 3426 810 3498 censionarium
866 3446 934 3487 nem
946 3447 954 3498 ;
965 3429 1008 3486 sie
1020 3428 1164 3486 recordari
1183 3426 1316 3501 gloriose
1339 3427 1374 3483 ed
1390 3426 1479 3485 caeles
1494 3427 1687 3498 ascensionis,

72 3525 135 3576 ts«
152 3520 402 3591 l'ncinoresusqci
421 3518 492 3574 mihi
509 3518 809 3588 sacrificatumquam
865 3525 897 3578 ut
912 3518 996 3576 illum
1011 3518 1172 3587 imitentes,
1190 3515 1299 3574 scalam
1314 3533 1404 3588 quem
1419 3515 1493 3573 vidit
1510 3516 1612 3587 Jacob,
1639 3532 1687 3574 aa·

72 3625 155 3666 auem
172 3609 370 3681 occiderunt»
387 3607 811 3680 luimolatiniquus35ed,teste
866 3607 1139 3665 eanderelaborent.

73 3698 163 3763 otia«
176 3715 233 3754 non
246 3694 810 3768 respicithltissimusinohlutieucsini·
902 3699 966 3756 lieo
982 3697 1110 3767 protecte
1125 3699 1196 3753 suut
1211 3711 1274 3768 quo
1290 3694 1410 3767 respicit
1424 3693 1568 3768 professio
1593 3709 1687 3753 saeer-

73 3805 127 3858 rm,
144 3804 197 3845 nec
208 3789 237 3843 in
250 3785 659 3844 multitudinesacrissciorum
672 3785 810 3858 propitia·
865 3789 979 3846 dotum.
995 3788 1035 3843 Ex
1050 3802 1084 3843 eo
1096 3790 1196 3842 autem
1214 3785 1291 3859 qued
1305 3789 1438 3854 posterea
1461 3784 1544 3852 estis,
1558 3800 1626 3842 oves
1641 3801 1689 3857 pa·

87 3877 214 3952 peccetis
234 3894 335 3933 eorum
355 3878 447 3946 iderti.
477 3892 572 3944 xxxiv,
588 3875 643 3947 23).
660 3897 673 3925 »
688 3879 725 3931 Et
741 3879 809 3930 Pro·
865 3894 946 3935 scere
960 3875 1083 3933 dehetis.
1098 3875 1171 3931 llioc
1185 3874 1319 3948 estquod
1333 3872 1473 3931 Ezechieli
1489 3873 1631 3931 morinus
1642 3872 1689 3930 di·

73 3988 100 4029 r:
121 3996 134 4022 a
147 3972 335 4043 Iniquitatom
352 3971 376 4026 si
392 3970 490 4042 aspexi
503 3970 532 4024 in
549 3968 635 4024 corde
658 3984 731 4035 meo,
753 3983 810 4023 erto
865 3967 926 4023 cit:
942 3964 996 4023 Fili
1012 3963 1151 4034 hominis,
1177 3963 1319 4036 prophete
1335 3979 1424 4036 super
1439 3968 1571 4036 pastores
1587 3961 1688 4031 lsrael,

73 4062 122 4119 liet
137 4060 278 4117 Dominus
294 4062 380 4133 (Psoi.
405 4077 468 4128 exv,
488 4058 541 4129 18).
558 4078 572 4109 a
596 4057 709 4113 credite
726 4055 810 4126 mihi,
866 4056 1001 4129 nunquid
1014 4071 1071 4111 nou
1083 4052 1690 4126 ovespeecuntpaatoresmarimanam,

73 4148 593 4218 te,tratres‚creditecensaeerdetes,
612 4164 669 4203 neu
680 4145 812 4217 placetur
865 4146 905 4209 2.)
920 4146 992 4201 Ecce
1007 4144 1174 4200 testimonie
1191 4141 1307 4199 Domini
1329 4157 1387 4198 nen
1400 4158 1432 4199 se
1447 4146 1573 4212 pascunt
1588 4146 1689 4212 pasto·

73 4258 97 4297 rs
109 4240 185 4296 vetis
196 4245 282 4294 heus.
301 4238 339 4293 llo
355 4242 428 4294 teste
454 4238 558 4310 loquor
578 4256 585 4306 3
615 4236 745 4308 amplius
758 4234 811 4291 aii·
867 4250 924 4302 res,
940 4234 990 4291 sed
1006 4250 1083 4291 eves.
1101 4233 1229 4289 Pastoris
1255 4230 1332 4289 euim
1355 4236 1400 4287 est
1412 4245 1540 4301 querere
1554 4246 1611 4285 nen
1624 4246 1689 4302 que

74 4332 189 4406 loquer.
206 4330 401 4386 Exacerhatur
415 4328 521 4384 hestiis
535 4328 695 4400 impiorum
722 4328 811 4384 Deus.
867 4327 1012 4392 sursunt,
1028 4323 1079 4380 scd
1104 4339 1167 4395 quo
1190 4322 1260 4378 lesu
1283 4319 1389 4376 Christi
1410 4320 1435 4389 (l
1453 4318 1689 4390 Cor.1111);non

73 4422 172 4477 hioeo
200 4419 329 4482 creditis,
360 4418 464 4488 mojori
493 4418 603 4472 credite
631 4416 809 4476 auctoritati.
866 4413 1020 4470 commoda
1036 4410 1362 4483 temperaliumrerum‚
1378 4408 1429 4463 sed
1445 4405 1567 4462 salutem
1579 4407 1689 4464 noima·

73 4512 146 4567 >rius
174 4511 252 4567 enim
282 4510 375 4565 dicit:
398 4531 412 4559 a
426 4512 496 4563 Cum
514 4507 538 4562 ie
550 4507 600 4579 qui
615 4507 761 4578 displicet,
775 4510 808 4564 ad
826 4499 849 4564 D
865 4520 940 4559 rum.
959 4502 1058 4559 Dahis
1081 4507 1180 4557 autem
1204 4500 1252 4571 qui
1276 4515 1308 4554 aa
1335 4498 1414 4568 ipses
1429 4500 1562 4567 pascunt,
1579 4501 1608 4554 ct
1621 4512 1689 4555 oses

73 4601 228 4657 sedendum
247 4600 383 4664 mittitur,
394 4597 505 4671 judicis
520 4597 634 4653 animus
647 4598 683 4653 ad
700 4599 813 4653 iracun-
867 4591 1029 4665 negligunt,
1045 4589 1114 4663 quid
1125 4587 1252 4660 Spiritus
1267 4593 1389 4643 sanctus
1405 4602 1455 4657 per
1467 4585 1604 4642 eumdem
1621 4603 1687 4656 pre·

84 4696 268 4764 provocatur.
285 4711 297 4736 a
315 4689 497 4744 Exuccrhunt
524 4687 625 4760 itaque
653 4686 810 4743 Dominum
866 4682 983 4754 phetam
998 4681 1085 4750 dicat,
1099 4678 1295 4736 audiamus:«
1310 4681 1374 4741 Lae,
1385 4676 1492 4749 inquit,
1504 4676 1689 4745 consumitis,

73 4780 131 4835 loia
142 4788 248 4848 vestra,
266 4778 290 4833 si
304 4778 438 4848 displicet
454 4778 496 4832 illi
508 4776 566 4832 vita
579 4781 676 4832 vostra
692 4793 700 4844 ;
714 4776 811 4846 placa·
866 4776 895 4827 et
913 4769 989 4827 lenis
1003 4786 1053 4826 vos
1069 4769 1178 4841 tegitis,
1195 4771 1223 4822 ei
1237 4767 1314 4840 quod
1330 4765 1481 4822 infirmum
1493 4770 1612 4835 estmoe
1625 4781 1692 4822 cen·

84 4871 181 4925 autem
198 4868 261 4940 ipse
277 4871 305 4924 et
322 4867 387 4921 aliia
404 4864 564 4938 provehis,
581 4864 606 4920 si
630 4864 712 4937 prius
734 4864 811 4921 viam
867 4859 999 4917 lertastis
1015 4876 1022 4928 ;
1038 4860 1114 4930 qrred
1130 4862 1283 4931 egrotum,
1298 4873 1355 4913 nen
1371 4856 1567 4913 corotici-estis
1583 4874 1592 4925 ς
1611 4854 1689 4928 quod

73 4980 78 5013 ι
93 4958 208 5014 dierum
221 4955 541 5023 feceritis,sacritieeter
553 4954 577 5010 ei
590 4971 607 5010 a
622 4954 811 5021 vohis.Quam
868 4949 1003 5024 perierat,
1013 4965 1070 5004 neo
1096 4946 1263 5019 requisistis
1283 4967 1291 5015 ;
1311 4947 1390 5021 qued
1409 4946 1482 5002 torte
1497 4945 1562 5016 luit,
1578 4944 1690 5003 conire·

73 5056 100 5103 et
113 5047 189 5103 riam
204 5047 318 5119 hloyses
345 5046 380 5101 ed
410 5044 590 5100 Pharaonem
616 5042 749 5115 loquens,
765 5042 813 5100 his
867 5040 964 5113 gistis,
979 5043 1008 5095 et
1023 5037 1100 5094 060
1118 5037 1259 5105 dispersas
1282 5040 1354 5092 suot
1375 5052 1442 5091 oves
1466 5052 1548 5103 mee,
1564 5052 1597 5092 eo
1612 5035 1692 5108 qued

73 5139 117 5196 dit
145 5138 241 5193 verbis
271 5153 277 5191 :
302 5160 314 5186 e
332 5135 440 5192 ibimus
456 5134 532 5190 ciem
546 5134 635 5189 trium
653 5133 767 5190 dierum
782 5132 811 5189 iu
867 5128 979 5187 nonsit
994 5132 1093 5203 pastor
1117 5127 1226 5199 leuca.
1254 5141 1349 5196 xxxrv,
1374 5126 1411 5197 3).
1426 5148 1440 5175 e
1456 5126 1630 5197 urguentur
1643 5124 1693 5183 his

79 5228 190 5297 dinem,
202 5235 234 5283 ut
249 5227 324 5285 005
340 5225 542 5281 sacrificemus
558 5222 681 5280 lietuino
693 5227 750 5279 Dee
761 5240 811 5280 ne·
867 5218 963 5276 verbis
976 5221 1120 5291 pastores,
1136 5216 1187 5288 qui
1210 5232 1241 5272 ee
1265 5219 1401 5287 poscunt,
1427 5222 1454 5270 et
1469 5230 1528 5271 noo
1543 5230 1621 5271 oves.
1636 5212 1692 5280 Oui

76 5318 161 5377 Exeat.
177 5320 308 5389 v111,27).
329 5337 340 5367 ι
358 5316 498 5381 Orraeuom
514 5313 628 5369 esthac
642 5311 814 5378 via,churis·
867 5309 995 5383 suntqui
1007 5325 1038 5366 se
1050 5308 1131 5382 ipses
1143 5302 1691 5380 pascentiliequihuseittlpestolua:

74 5409 187 5475 iratres,
218 5422 307 5480 quam
336 5407 508 5478 priusquam
525 5401 680 5475 sacrificet,
692 5401 814 5475 jubetur
868 5404 1006 5460 «onmes
1034 5402 1171 5473 querunt
1198 5413 1262 5471 que
1290 5412 1344 5455 sua
1373 5400 1443 5455 sunt
1467 5391 1689 5467 noequeteau

74 5606 78 5661 t
93 5592 148 5663 nat
162 5597 266 5649 maaet
282 5604 375 5663 paces,
391 5586 471 5661 quusi
485 5584 534 5658 pai
545 5584 709 5643 excerebret
721 5599 828 5647 eostam.
