3802 6030
156 327 236 389 1135
616 311 707 371 tert.
730 305 969 372 ottocarum
989 304 1193 369 OENOMAN.
1216 307 1340 369 celso.
1779 309 1861 373 1136

153 463 241 521 betur
255 472 340 532 poena
353 448 534 517 stercanlei
545 446 731 521 pergratiam
746 445 918 501 liberentur.
932 439 976 498 illi
990 443 1018 512 Α
1032 442 1145 514 nuptiis
1159 447 1189 499 et
1203 440 1461 514 concupiscentia:
1481 442 1521 498 lix
1533 441 1588 499 bac
1612 441 1863 514 concupiscentia,

157 551 269 616 dicunt,
281 543 358 618 quod
370 538 511 613 originale
522 541 673 610 peccatum
690 552 747 593 non
761 535 800 591 ait
812 536 986 606 peccatom3
1039 547 1103 602 quar
1134 530 1201 587 licet
1230 533 1259 587 in
1290 534 1468 604 regeneratis
1493 534 1556 603 jam
1587 548 1644 588 non
1661 532 1821 604 deputetur
1836 535 1864 588 in

160 639 210 694 aed
227 636 253 691 si
268 631 445 707 quandoque
459 628 611 699 Scriptura
628 631 713 682 vocat
732 623 805 681 illud
822 631 985 695 peccatum,
1040 626 1190 692 peccatum
1207 621 1331 693 quisque
1349 625 1487 685 nascitur,
1506 621 1601 694 proles
1616 621 1866 694 obligataestori-

161 733 300 783 astruunt
315 720 393 794 quod
410 719 448 775 ibi
464 722 617 791 peccatum
629 731 681 788 pro
692 710 895 788 pmnapeccoti
907 711 987 783 poni·
1039 709 1130 781 ginali
1148 712 1314 781 peccatollt
1328 711 1416 783 paulo
1432 719 1517 781 post:
1542 714 1704 767 inmittitur
1727 715 1865 785 concapi-

157 821 219 882 tur,
235 818 264 870 et
278 812 355 869 siout
370 824 421 880 pro
437 813 553 879 peccato
569 803 699 878 parentis
714 803 892 875 quandoque
905 816 987 856 esso·
1039 800 1152 855 scentia
1167 801 1264 854 cornis
1279 802 1308 856 in
1324 801 1484 873 baptismo,
1506 817 1561 856 non
1579 808 1611 856 ot
1628 818 1684 857 non
1701 801 1752 872 sit,
1768 803 1819 858 sed
1837 812 1865 858 ot

162 905 224 962 lunt
240 902 303 968 lilii,
320 898 482 956 secundom
496 895 640 967 justitiam
657 893 768 956 aaecuti,
780 892 820 946 ita
830 888 987 960 exjustitia
1040 889 1068 942 in
1082 900 1230 955 peccaturo
1249 907 1306 946 noo
1323 892 1494 962 imputetur.
1512 891 1570 946 lloc
1585 898 1628 945 cst
1644 894 1723 946 enirn
1740 909 1798 948 non
1814 893 1865 948 ba·

163 994 214 1051 Dei
229 996 366 1048 tenentur
380 1002 482 1043 omnes
499 984 539 1040 rei
556 1000 607 1055 pro
623 982 666 1037 itit
683 987 800 1054 peccato
816 995 823 1047 ;
841 986 869 1035 et
884 979 923 1033 its
938 995 986 1035 se·
1041 978 1106 1034 bero
1124 987 1286 1048 procrastino,
1304 998 1358 1034 non
1372 996 1436 1035 esse
1449 997 1530 1035 reum
1547 980 1666 1050 peccati.
1684 980 1759 1035 lent
1772 997 1779 1036 :
1793 983 1865 1045 Quo-

165 1082 295 1140 cuodum
309 1077 426 1145 istosin
438 1075 537 1131 anima
548 1072 629 1143 pueri
643 1071 757 1128 nullom
770 1078 920 1142 peccatum
931 1074 987 1138 est,
1042 1069 1127 1122 modo
1138 1070 1194 1122 otio
1211 1075 1325 1140 peccata
1349 1072 1553 1141 preterierunt
1578 1079 1655 1135 actu,
1672 1080 1700 1123 et
1718 1083 1865 1126 reinone-nt

164 1171 235 1244 quia
249 1169 352 1225 dicunt
365 1165 424 1237 ipsi
440 1180 447 1219 :
464 1164 492 1219 Si
512 1177 663 1233 nunquam
674 1161 817 1232 peccavit,
829 1175 886 1213 non
898 1163 942 1213 est
957 1157 987 1212 in
1042 1166 1136 1225 reato,
1152 1164 1183 1213 ut
1194 1157 1398 1226 homicidium,
1410 1158 1567 1227 stairnilia,
1580 1159 1619 1214 itu
1631 1161 1797 1216 econtratio
1809 1163 1865 1215 lieri

162 1275 198 1316 ea
213 1260 376 1331 peccalum,
392 1259 532 1309 ettamen
547 1250 723 1315 concedunt,
738 1248 816 1319 quod
846 1246 877 1301 in
895 1260 929 1301 sa
943 1248 989 1300 cst
1041 1248 1424 1319 potsatuttoncupiscentis
1437 1248 1606 1320 preterierit
1618 1256 1867 1317 reatu,etmancat

161 1344 304 1419 originale
315 1346 479 1416 peccatum,
490 1339 561 1412 qaia
572 1343 688 1394 tenetur
699 1337 796 1393 debito
807 1333 988 1408 parentinen
1040 1342 1118 1390 actu.
1135 1335 1205 1392 Ecce
1220 1354 1255 1393 ex
1270 1337 1316 1393 bia
1327 1338 1552 1394 auctoritatibus
1565 1343 1643 1409 patet
1653 1340 1865 1411 concupiscen-

162 1442 264 1494 contra
278 1432 451 1506 Apostolum
466 1428 551 1502 plane
570 1427 733 1500 loquuntur
747 1425 808 1493 isti,
828 1440 895 1481 com
911 1427 988 1495 Apo·
1040 1424 1113 1479 tiam
1130 1426 1198 1481 maii
1210 1440 1275 1483 esse
1283 1426 1425 1499 originale
1436 1428 1657 1498 peccatum,aub
1668 1428 1868 1501 quocontinc·

162 1525 257 1584 stolus
270 1525 350 1580 dicat
364 1538 372 1579 ι
391 1543 405 1572 «
418 1524 474 1576 Per
487 1518 714 1576 inobedientiam
725 1515 814 1571 unius
822 1518 987 1586 peccatores
1042 1517 1089 1568 tur
1103 1513 1267 1584 ignorantie
1281 1515 1361 1584 boni,
1377 1522 1407 1572 et
1426 1516 1494 1572 inde
1518 1521 1573 1584 est,
1599 1516 1678 1587 quod
1692 1518 1868 1588 quandoque

162 1614 319 1674 constituti
345 1615 415 1668 aunt
445 1608 531 1665 multi
560 1610 646 1679 (iloni.
675 1623 703 1677 v,
720 1606 775 1677 19).
792 1602 987 1675 »Ecceqood
1042 1603 1185 1673 reperitur
1198 1604 1228 1661 ln
1239 1620 1321 1659 asem
1333 1605 1484 1676 Scriptura
1494 1604 1870 1678 pluraliterpeccaturoori·

163 1704 321 1778 Apostolus
335 1704 419 1759 vocat
433 1715 484 1757 soa
500 1702 678 1771 peccatores,
692 1700 850 1766 antequam
867 1707 987 1765 regens·
1042 1689 1149 1762 ginale,
1163 1693 1242 1764 quia,
1256 1692 1333 1749 sicot
1345 1693 1582 1760 dixrrnos,onum
1593 1694 1764 1752 istorumsx
1777 1693 1868 1751 altero

164 1801 274 1854 rentur.
292 1792 349 1851 Sed
365 1792 389 1849 si
407 1794 519 1848 tantum
535 1791 613 1845 esset
628 1803 714 1859 pmna
729 1785 838 1858 peccati
849 1787 916 1840 aute
926 1782 989 1838 cul·
1003 1800 1029 1867 B
1043 1785 1098 1848 eat,
1115 1782 1193 1837 nudo
1207 1789 1235 1838 et
1249 1782 1305 1838 sub
1320 1799 1364 1852 co,
1381 1790 1406 1839 et
1423 1783 1451 1838 in
1467 1799 1500 1839 ec
1515 1783 1691 1840 continetur.

165 1901 234 1958 pam
249 1884 280 1940 in
300 1882 379 1953 istis,
398 1885 432 1937 ut
445 1877 502 1951 ipsi
516 1877 609 1943 siunt,
626 1892 684 1933 non
699 1879 798 1932 essent
811 1877 988 1944 peccatores.
1321 1871 1439 1929 catut
1454 1872 1585 1929 xllxltl.

165 1975 239 2033 Item
257 1972 330 2029 dicit
344 1966 501 2043 Apostolus
518 1983 550 2025 :a
567 1971 621 2023 Per
636 1981 729 2022 unum
744 1963 893 2021 bominem
910 1977 989 2018 mors
1258 1962 1352 2031 oreore
1372 1961 1475 2017 dicitnr
1504 1962 1652 2032 orioinolc.

165 2062 285 2120 intravit
299 2062 329 2117 in
346 2058 501 2125 muudum,
519 2061 549 2113 st
563 2072 615 2128 per
640 2058 792 2128 peccatum
814 2067 893 2107 mors
908 2049 987 2120 (ibid.
1079 2049 1148 2105 Post
1165 2048 1218 2105 hoc
1234 2049 1392 2105 videndum
1408 2056 1453 2106 eat
1466 2067 1557 2123 quare
1573 2055 1725 2123 peccatum
1742 2050 1817 2110 iilud
1830 2053 1869 2108 di·

165 2152 250 2223 12).»
279 2149 363 2206 atiud
393 2150 545 2220 peccatum
575 2143 653 2217 quod
669 2142 799 2212 intravit,
827 2139 989 2212 aliodtpsa
1042 2139 1289 2211 caturorigioala.
1302 2140 1615 2205 ideoacilicet,1il⁸i
1630 2142 1868 2214 quiaabortgina

163 2256 249 2315 pmna
262 2239 293 2295 in
308 2236 405 2295 tterbia
417 2232 547 2308 Apostoli
561 2232 707 2290 innuitur.
1041 2227 1237 2294 contrabitur,
1268 2228 1297 2284 id
1320 2235 1365 2285 cst
1387 2246 1404 2284 a
1421 2232 1588 2299 perentibus
1604 2247 1612 2299 ;
1629 2233 1751 2303 quando
1766 2232 1867 2305 [enim]

197 2329 253 2386 Alii
265 2329 368 2384 dicunt
378 2322 604 2397 quodoriginale
615 2325 766 2393 peccatum
775 2318 989 2376 aitinobedien·
1041 2322 1199 2389 generatur
1210 2317 1328 2389 uliquis,
1341 2317 1505 2375 traducitur
1514 2320 1609 2391 ipsum
1618 2320 1868 2390 peccatumtlnde

161 2420 214 2486 tia,
228 2422 258 2475 et
273 2417 334 2473 bac
350 2412 549 2471 inobedientia
563 2411 593 2467 in
616 2409 754 2467 omnibus
769 2413 813 2466 eat
828 2414 988 2480 antequam
1042 2406 1130 2461 David
1147 2421 1154 2460 :
1171 2427 1186 2455 o
1202 2409 1233 2462 lo
1251 2406 1378 2479 peccatis
1394 2410 1528 2480 concepit
1539 2425 1585 2464 me
1600 2417 1694 2465 mater
1705 2410 1867 2481 mosterot.

161 2508 355 2563 renascantur
370 2523 377 2571 3
396 2502 447 2558 aed
464 2518 521 2558 non
536 2500 652 2556 ridetur
666 2499 743 2570 quod
761 2514 833 2567 puer
842 2498 880 2552 sit
891 2496 989 2552 inobe-
1042 2513 1067 2564 a,
1082 2498 1123 2567 o).
1137 2517 1152 2547 »
1166 2500 1218 2552 lito
1234 2502 1329 2568 potest
1344 2501 1451 2569 opponi
1467 2497 1521 2554 boc
1537 2501 1623 2554 modo
1638 2515 1646 2555 r
1659 2499 1733 2555 Cum
1748 2516 1868 2573 genera·

162 2593 497 2666 diona,quianunqnam
509 2589 564 2645 luit
574 2587 781 2659 eiimperatum
795 2605 803 2655 3
815 2585 904 2657 alqui
917 2601 988 2641 non·
1041 2584 1214 2658 turlbomo,]
1230 2590 1294 2641 sota
1308 2602 1375 2641 caro
1390 2604 1407 2641 a
1423 2590 1593 2658 parentibus
1608 2605 1659 2659 per
1676 2606 1866 2661 propaginem

162 2684 234 2742 dum
249 2681 360 2737 ratione
376 2679 419 2735 uti
435 2681 541 2751 polest,
558 2678 699 2748 quomodo
711 2679 761 2731 aut
777 2674 928 2737 obediens,
936 2678 988 2731 aut
1041 2674 1342 2748 [trabitur,]quontaro
1368 2679 1547 2749 ntauperiue
1559 2680 1867 2748 ostendimua,anims

163 2769 335 2827 inobediens
349 2765 408 2823 dici
425 2769 519 2833 potest
533 2764 547 2821 i
561 2763 762 2821 Inobediantla
772 2762 879 2835 quippe
889 2760 988 2817 volon-
1041 2779 1100 2819 non
1115 2770 1184 2820 sunt
1198 2780 1233 2819 ex
1248 2765 1377 2831 traduce,
1393 2769 1421 2821 et
1441 2768 1506 2837 ipsa
1534 2767 1748 2839 propagatione
1772 2770 1868 2825 carnis

164 2860 233 2916 tatis
248 2862 314 2926 sat;
331 2860 360 2913 st
375 2854 453 2913 sicut
465 2852 630 2911 obedientia
640 2852 744 2910 1080
754 2852 919 2909 voluntaria
931 2856 986 2919 cst,
1041 2852 1172 2908 nondum
1188 2853 1355 2908 iniunditor
1370 2855 1479 2923 anima,
1498 2860 1529 2912 ut
1543 2855 1655 2928 physici
1678 2857 1795 2925 dicunt,
1818 2859 1867 2915 aed

164 2950 207 3008 sic
220 2957 248 3006 et
262 2945 470 3004 inobedientia.
482 2945 536 3000 Scd
549 2948 701 3017 peccatum
718 2941 859 3015 originale
875 2946 988 2998 nonest
1036 2943 1099 3014 jam
1116 2942 1243 3012 effigiato
1258 2958 1378 3014 corpore
1391 2962 1399 3010 ;
1413 2944 1491 3016 quod
1502 2949 1616 3018 Moyses
1627 2946 1655 3000 in
1669 2948 1768 3003 &odo
1780 2948 1870 3003 mani·

163 3036 374 3095 voluntarium.
392 3035 442 3091 llis
456 3034 557 3105 itaque
572 3033 704 3098 omissis,
719 3032 777 3088 dici
792 3030 986 3104 poteatorigi-
1041 3032 1261 3099 lestaostendit,
1278 3032 1379 3089 dicens
1394 3051 1402 3088 :
1418 3057 1433 3084 «
1449 3034 1560 3107 Siquis
1575 3037 1867 3106 percusseritmulis·

162 3128 227 3185 nale
242 3133 394 3200 peccatum
410 3124 648 3193 concupiscentia
661 3121 741 3193 maii,
765 3126 794 3178 st
821 3118 1024 3231 ignorantia(²
1042 3138 1114 3189 rem,
1130 3127 1158 3177 ot
1173 3121 1350 3185 abortiverit,
1380 3122 1405 3177 si
1427 3125 1523 3178 adbuc
1539 3125 1663 3180 intorrne
1679 3127 1771 3183 luerit
1788 3131 1866 3182 mut-

161 3218 240 3276 booi.
256 3216 338 3274 Unda
352 3213 535 3287 Augustinus
551 3214 580 3268 in
598 3212 648 3268 lili.
666 3212 707 3268 De
720 3217 845 3283 corrept.
862 3216 891 3267 et
909 3215 984 3282 gret.
1042 3212 1151 3265 tabitur
1166 3213 1297 3280 pecnnia.
1323 3213 1402 3276 Quod
1433 3212 1457 3267 si
1476 3218 1632 3268 tororutom
1651 3214 1753 3281 luerit,
1769 3216 1866 3271 reddet

160 3306 234 3364 Sunt
250 3305 329 3363 omni
349 3304 463 3360 bomini
480 3305 538 3360 duo
554 3303 612 3359 ista
628 3299 765 3374 poenalia,
780 3299 946 3371 ignorantis
957 3302 987 3353 et
1041 3302 1170 3356 aniciam
1199 3318 1249 3369 pro
1278 3301 1377 3356 citima
1392 3302 1493 3372 (Eroti.
1517 3303 1650 3375 rrr,22).
1668 3325 1681 3355 s
1700 3304 1864 3361 Formarum

161 3393 332 3451 ditiicollas.
349 3392 391 3448 lix
403 3391 571 3464 ignorantia
584 3406 675 3457 error,
693 3387 917 3459 utprobetlalsa
934 3402 986 3458 pro
1041 3389 1217 3459 intelligitur
1241 3390 1417 3447 animatum.
1442 3392 1514 3447 Etsi
1532 3393 1561 3447 in
1578 3394 1642 3461 ipsa
1658 3397 1866 3467 propagatione

160 3482 247 3540 veria
264 3484 305 3539 Ex
319 3480 496 3537 diiilcultate
510 3479 658 3535 cruciatus
669 3476 988 3547 (b2l,ut,resistentest
1041 3479 1251 3534 transmittitur
1274 3495 1291 3534 a
1311 3481 1482 3550 parentibus
1501 3496 1665 3553 peccatum,
1681 3482 1809 3551 videtur,
1825 3487 1867 3540 ait

161 3576 316 3644 torquente
324 3569 423 3626 dolore
430 3566 559 3625 carnalis
574 3565 754 3633 vinculi‚non
765 3563 986 3638 possentalibi-
1040 3568 1208 3638 Gregorius,
1224 3569 1301 3640 quod
1318 3569 1346 3623 in
1363 3585 1396 3625 co
1412 3570 1451 3624 ait
1464 3569 1606 3641 originale
1619 3574 1866 3644 paccatum,qood

163 3661 232 3718 dine
246 3659 414 3730 temperari.
429 3658 485 3713 Sed
516 3664 608 3727 potest
632 3655 740 3728 opponi
766 3671 774 3711 ε
802 3657 874 3711 Cum
888 3654 988 3711 anima
1041 3664 1235 3729 propagatum
1247 3661 1301 3712 est.
1318 3656 1371 3713 Sed
1388 3656 1567 3715 iiludsdbuc
1578 3658 1869 3726 inanimatumest,et

163 3748 247 3823 pueri
259 3747 389 3804 nondum
401 3745 513 3817 aliquid
525 3745 607 3816 volit,
620 3744 665 3800 vel
679 3744 989 3816 notitqnomodooun·
1042 3762 1129 3802 omne
1145 3752 1294 3816 peccatum
1311 3746 1415 3802 anima
1431 3753 1485 3803 eal.
1502 3748 1653 3814 Quomodo
1667 3748 1762 3820 igitur
1772 3749 1801 3805 in
1820 3750 1866 3806 iito

162 3835 375 3909 cupiscentiam
389 3833 646 3891 malibabstittcd
657 3833 772 3890 siontln
788 3832 944 3890 conloceci
956 3832 987 3889 in
1041 3835 1152 3891 semine
1168 3840 1314 3904 peccaturo
1330 3851 1395 3891 esse
1408 3839 1502 3905 potest
1523 3835 1537 3890 l
1563 3837 1644 3891 Sicut
1667 3835 1748 3892 enim
1773 3838 1867 3894 cornia

164 3922 362 3978 noctevitium
378 3921 516 3979 cecitatis
529 3927 584 3988 eet,
598 3921 715 3979 sednon
731 3926 918 3993 apparat,nec
929 3920 988 3976 dis·
1040 3923 1133 3981 virtus
1148 3926 1176 3980 in
1190 3925 1289 3980 citima
1304 3928 1359 3994 eat,
1373 3926 1413 3979 ita
1423 3931 1452 3981 st
1466 3940 1550 3982 onina
1565 3927 1779 3995 peccatumad
1790 3929 1865 4002 quod

162 4011 293 4069 cernitur
306 4011 382 4069 inter
396 4011 543 4068 videntem
571 4015 599 4067 et
626 4026 746 4076 cacum,
772 4010 829 4066 nisi
853 4009 917 4066 luce
931 4025 985 4065 tte·
1040 4020 1136 4086 potest
1150 4015 1220 4082 dici,
1236 4014 1314 4085 quod
1325 4029 1383 4069 non
1393 4014 1489 4070 soloin
1503 4016 1600 4070 anima
1609 4015 1739 4071 obnoxia
1750 4026 1798 4072 est
1808 4033 1865 4071 orn·

160 4101 271 4173 niente,
287 4102 329 4159 sic
344 4101 373 4158 in
390 4118 481 4175 puero
494 4102 601 4158 vilium
617 4105 674 4168 est,
689 4101 740 4158 aed
758 4116 816 4156 non
840 4104 984 4173 apparat;
1039 4103 1104 4162 colo
1121 4104 1240 4176 peccati.
1258 4103 1415 4176 Gregorius
1431 4123 1438 4162 :
1454 4106 1508 4161 Sed
1524 4106 1611 4161 stiam
1628 4122 1779 4176 caro,non
1791 4106 1864 4177 qnod

158 4195 209 4253 sed
221 4192 356 4250 veniente
370 4197 502 4265 tempore
518 4193 546 4248 in
558 4208 618 4265 quo
629 4191 833 4249 debetbonum
845 4189 985 4260 concupi·
1039 4192 1308 4250 incarneaitillud
1340 4199 1504 4264 peccaturo,
1533 4195 1583 4251 sed
1614 4210 1649 4250 ex
1677 4198 1864 4267 corruptione

158 4300 251 4354 acere,
267 4283 373 4340 malum
399 4282 547 4355 ignorare,
570 4281 681 4338 bonnm
694 4281 821 4353 ignorat,
834 4289 861 4337 et
875 4295 983 4336 concu·
1038 4282 1135 4341 carnia
1150 4281 1222 4337 illud
1252 4282 1400 4338 contrabit
1428 4283 1529 4340 anima
1552 4300 1561 4355 3
1581 4283 1638 4339 nisi
1654 4285 1735 4340 enim
1752 4301 1822 4342 caro
1836 4286 1862 4340 in

156 4375 244 4448 placit
256 4372 379 4431 malum.
390 4371 630 4445 ltemopponitur
641 4387 648 4426 ι
660 4369 692 4427 ln
703 4369 852 4443 baptismo
864 4369 985 4425 remitti·
1037 4371 1276 4442 concupiscentia
1286 4370 1553 4437 traduceretur,illo
1568 4379 1686 4444 peccato
1697 4378 1802 4430 anima
1810 4390 1861 4429 uon

155 4462 576 4536 turpeccatumcriginale;sed
585 4465 653 4534 pont
663 4461 981 4532 baptismumremansi
1039 4464 1196 4517 teneretur.
1213 4462 1294 4515 Unde
1303 4459 1452 4517 invenitur
1462 4464 1539 4534 quod
1551 4463 1686 4520 Christus
1696 4479 1755 4519 non
1767 4463 1862 4519 babuit

156 4551 493 4625 concupiscentismali,
519 4557 576 4609 eto.
606 4527 1156 4622 etitanonvideturquoolloornem
1186 4549 1387 4621 peccatricem,
1417 4552 1466 4606 aed
1497 4550 1625 4607 similem
1641 4551 1723 4607 carni
1739 4551 1859 4624 peccati,

157 4641 304 4715 baptismo
319 4643 488 4700 remittatur
513 4638 656 4713 originale
680 4644 843 4712 peccatum.
871 4639 937 4708 Sed,
954 4649 986 4695 ut
1040 4639 1176 4712 quoniam
1194 4638 1326 4694 illacoro
1356 4655 1413 4695 non
1442 4656 1477 4696 ex
1505 4640 1743 4711 concupiscentia
1762 4640 1861 4697 viride

158 4732 229 4789 dicit
244 4733 424 4806 Augustinus
437 4731 508 4801 (63),
521 4729 591 4786 licet
605 4734 737 4786 remanet
748 4729 986 4802 concupiscentie
1041 4734 1133 4785 matre
1144 4729 1200 4784 luit
1212 4730 1432 4800 propagata,sed
1445 4731 1612 4802 operatione
1624 4729 1749 4801 Spiritus
1759 4729 1859 4786 macti.

157 4827 225 4895 post
240 4821 432 4895 baptismum,
450 4835 506 4874 non
524 4823 620 4874 tamen
636 4818 713 4890 quod
725 4823 849 4886 reatum,
860 4817 985 4890 quiabis
1040 4818 1138 4876 Castori
1167 4818 1275 4874 habent
1303 4834 1421 4874 carnem
1446 4820 1648 4892 peccatricem,
1664 4834 1724 4875 non
1741 4819 1822 4892 quod
1834 4820 1859 4875 in

162 4910 213 4984 qui
228 4912 321 4968 renati
335 4914 414 4977 sunt,
431 4924 488 4964 non
505 4907 679 4980 imputetur,
694 4914 722 4963 et
737 4908 791 4965 boc
806 4913 851 4965 est
874 4908 985 4968 remitti
1039 4925 1127 4966 carne
1141 4908 1180 4964 sit
1195 4914 1355 4980 peccaturo,
1372 4909 1421 4964 sed
1438 4926 1528 4966 causa
1543 4908 1661 4983 peccati.
1679 4912 1859 4982 Augustinus

158 5004 310 5074 peccatum
326 4996 459 5067 originis,
472 5012 530 5052 non
544 4996 682 5066 imputari
694 5011 701 5063 ;
714 4996 864 5053 licetenim
875 5014 985 5055 conca·
1038 5000 1074 5053 ds
1091 4999 1146 5054 tide
1159 4998 1195 5053 sd
1210 4996 1347 5053 Petrum:
1363 4997 1439 5054 Dum
1450 4998 1507 5054 sibi
1519 5001 1561 5053 rir
1575 5004 1604 5055 et
1619 4998 1857 5057 mulierinricsro

156 5087 302 5160 piscantia
317 5087 415 5143 cornis
427 5085 466 5141 sit
480 5086 510 5141 in
527 5084 684 5157 baptizato,
699 5089 797 5141 tamen
813 5103 870 5143 non
886 5086 982 5157 impu·
1038 5090 1198 5144 miscentur
1213 5092 1243 5142 ut
1259 5086 1335 5140 illios
1349 5094 1500 5159 generent,
1516 5087 1579 5143 sine
1594 5087 1719 5143 libidine
1743 5104 1803 5145 nnn
1819 5092 1859 5145 est

155 5176 303 5247 tatur,niai
312 5180 359 5232 cat
369 5179 436 5248 post
446 5174 794 5247 concupiscentias‚quod
809 5176 834 5232 ai
847 5175 903 5241 iam
919 5176 981 5244 flat,
1037 5184 1189 5250 parentum
1200 5177 1446 5250 concubituqot).
1455 5177 1497 5235 Ob
1510 5181 1563 5235 buc
1576 5178 1703 5235 liliorum
1714 5196 1751 5236 ex
1760 5182 1858 5236 eadem

153 5281 213 5321 non
224 5264 287 5335 jam
304 5263 457 5338 originale,
473 5264 524 5321 aed
541 5263 655 5321 actuale
669 5271 723 5322 cal.
738 5266 925 5336 Augustinus
943 5270 981 5323 tle
1035 5283 1121 5324 carne
1137 5264 1393 5330 nascentium,non
1407 5273 1501 5337 potest
1511 5284 1576 5324 esee
1586 5268 1650 5323 sine
1665 5277 1786 5339 peccato
1798 5285 1859 5327 coo·

186 5393 242 5465 (62)
258 5392 327 5450 Sunt
351 5409 445 5450 reocro
477 5392 555 5449 omni
579 5396 709 5459 peccanti
735 5393 840 5450 animm
863 5393 978 5452 danista
1032 5395 1172 5459 nurnbrir,
1198 5398 1324 5444 monente
1352 5391 1423 5459 ipso,
1442 5403 1534 5447 retitur
1552 5393 1612 5463 rint
1626 5392 1755 5458 solutior,
1770 5398 1822 5450 seit
1835 5392 1859 5449 ri

146 5466 286 5538 punctio,
311 5468 480 5537 ignorantie,
491 5465 688 5536 etdtlficultos.
705 5467 747 5522 Ec
760 5468 921 5535 ignorantia
931 5472 978 5522 dr·
1030 5469 1148 5522 aoiottor
1161 5466 1209 5535 (ια’
1222 5472 1423 5517 ›tornotrerrtum
1440 5478 1653 5535 repenorottonts
1669 5478 1790 5535 occeprt.
1816 5463 1854 5521 lta

148 5538 273 5594 honestat
290 5555 379 5606 error,
395 5555 431 5594 en
454 5538 622 5609 difficultate
647 5540 789 5593 cruciator
809 5538 923 5608 utfliqit.
941 5542 974 5594 li.
1033 5540 1064 5595 lt.
1079 5539 1154 5603 Aug.
1178 5533 1228 5590 lrb.
1241 5551 1262 5590 ιι
1279 5534 1428 5604 [tepescat.
1442 5536 1558 5606 reor-ita,
1574 5536 1697 5608 caps&
1712 5553 1799 5593 num.
1814 5538 1857 5607 ts,

34 5674 37 5679 ¹
145 5609 218 5666 luo.
234 5611 286 5666 lib.
305 5611 344 5666 lle
367 5615 473 5666 natura
493 5614 522 5666 et
536 5608 640 5681 gratia,
656 5624 720 5681 cap.
738 5607 782 5674 ot,
797 5622 880 5663 num.
892 5608 938 5665 st.
1030 5609 1111 5667 ldcm
1125 5612 1154 5663 et
1167 5604 1238 5661 alibi
1254 5608 1375 5677 passim.

180 5680 235 5748 (03)
258 5681 388 5751 Quoadio
412 5682 534 5738 remanet
564 5679 610 5734 tex
635 5676 924 5751 concupiscentialiter
943 5681 973 5738 in
1065 5679 1122 5753 (bl)
1137 5675 1273 5748 Coniuges
1295 5673 1360 5732 dunt
1383 5670 1419 5734 'ae
1446 5658 1863 5749 reconciliationum·
