3802 6030
146 195 223 313 {ml
672 246 849 308 Nnttflobl
873 241 1123 305 nnuontsrs
1145 242 1324 304 Narseum
1790 238 1859 301 {trs

145 383 267 438 Pramia
282 395 334 452 pro
352 393 436 450 prena
449 377 529 434 dedit
542 377 584 434 illi
600 377 694 451 gratia
710 378 805 451 plena,
984 384 1010 451 Α
1026 374 1104 441 Quos
1120 376 1201 431 carni
1217 376 1342 441 constat,
1357 375 1455 444 spreta
1466 371 1588 440 ratione,
1606 384 1732 429 vacare.

144 468 314 543 angelicam
328 466 417 522 vitam
433 466 551 523 duxisse
566 466 657 523 lentur
671 467 835 538 eremitam,
1026 462 1087 520 illis
1104 479 1157 520 nac
1171 479 1312 536 presens,
1329 476 1382 519 nac
1396 464 1512 518 constat
1525 461 1587 516 vita
1602 460 1726 526 lutura,

144 558 247 614 Nescio
263 571 349 629 quem
366 556 472 628 pannis
488 572 545 611 non
556 572 644 612 usum
660 555 795 627 pluribus
811 553 907 621 aunis,
1024 554 1104 619 Quos
1119 552 1226 625 premit
1240 551 1288 609 hic
1303 560 1332 609 et
1349 551 1391 607 ibi
1407 549 1513 608 mortis
1528 550 1691 607 damnatio
1709 549 1800 607 dura.

144 653 201 703 Nec
218 645 302 719 panis
315 645 407 714 victu,
423 662 476 701 nac
492 662 578 717 aqua,
596 645 728 701 mirabile
743 645 834 713 dicto,
1024 647 1062 697 st
1075 642 1126 714 qui
1142 659 1173 699 se
1189 642 1311 698 miseros
1327 642 1356 697 in
1375 639 1447 697 valle
1461 645 1584 712 gemunt
1603 637 1834 712 lacrymarum,

147 737 179 792 ln
195 735 311 808 culpam
328 737 446 791 tandem
458 735 575 807 lapsum
591 734 692 804 semel,
709 740 807 808 utpote
817 732 968 806 grandem,
1024 729 1092 786 lstis
1107 731 1228 789 debetur
1240 729 1395 803 paradisus
1410 728 1598 787 deliciarum.

144 825 159 880 J
165 829 230 880 uste
244 825 421 891 damnatum,
439 840 524 895 paena
539 824 697 881 comitante
710 828 833 880 reatum.
1024 823 1075 878 His
1089 838 1168 879 mors
1184 821 1302 889 natalis,
1318 837 1398 877 mors
1413 824 1458 877 est
1474 819 1521 876 bia
1531 821 1633 893 janua
1648 821 1737 889 vitre,

146 913 221 985 lingo
235 929 331 984 parce,
347 928 458 984 precor,
476 914 545 968 dum
564 911 673 969 tolleris
703 911 833 985 ipseper
859 924 969 982 aequor,
1025 914 1103 979 Quos
1118 911 1253 968 diadema
1267 913 1344 981 bant,
1359 909 1508 981 vestisque
1523 909 1618 966 decus
1637 909 1813 983 polymita.

146 1000 249 1058 Ventis
263 1001 297 1074 [s.
307 1001 400 1074 vanis]
413 1002 552 1072 jactatam
564 1002 671 1068 verbis,
683 1001 810 1058 lacerare
825 1000 968 1057 carinam.
1023 1002 1086 1058 Non
1102 1001 1206 1059 oculus
1221 1002 1303 1070 vidit,
1319 1017 1414 1075 neque
1432 1017 1514 1058 mens
1530 1001 1633 1074 potuit
1650 999 1811 1069 meditari,

297 1090 428 1148 XXXVI.
444 1092 481 1147 lle
496 1091 576 1162 tapso
586 1093 672 1163 primi
687 1089 816 1147 homines.
1025 1092 1088 1150 Nou
1105 1091 1185 1164 capit
1198 1092 1328 1158 auditus,
1344 1089 1503 1163 linguaque
1519 1091 1631 1162 nequit
1646 1090 1774 1146 recitari

153 1184 295 1256 lblltorte
303 1188 441 1257 gravatur
451 1182 539 1241 bomo
551 1202 559 1255 3
571 1184 619 1240 sed
632 1184 720 1240 homo
731 1183 782 1256 qui
800 1185 892 1239 morte
901 1196 970 1254 gra·
1024 1181 1138 1247 Quanta
1148 1189 1228 1253 parat
1239 1179 1380 1236 Dominus
1391 1194 1480 1251 super
1491 1177 1865 1252 sathanaprremiasanctis,

829 1270 934 1343 [vatur.
1025 1269 1080 1335 Qui
1096 1273 1241 1335 metuunt,
1257 1272 1286 1324 at
1300 1272 1408 1338 amant,
1423 1273 1452 1324 et
1466 1273 1587 1325 servant
1601 1269 1697 1341 jussa
1711 1267 1866 1337 'tonantia

148 1361 250 1417 Vivere
264 1377 332 1418 oum
347 1367 455 1434 posset,
473 1377 509 1418 ne
523 1362 618 1419 vivere
630 1365 739 1434 posset,
756 1359 875 1417 amavit.
1025 1361 1065 1416 Ad
1081 1374 1202 1432 quorum
1223 1363 1332 1416 sortem
1348 1360 1513 1431 pertingere
1528 1374 1584 1415 nos
1601 1375 1800 1427 mereamur,

146 1447 274 1506 Vulnera
302 1448 414 1522 plangit
443 1450 551 1517 bomo;
580 1451 631 1508 sed
658 1450 747 1507 bomo
773 1451 822 1523 qui
850 1446 971 1505 vulnera
1025 1448 1079 1516 Qui
1093 1448 1237 1504 morimur
1251 1463 1377 1518 semper,
1393 1447 1464 1503 dum
1482 1447 1578 1503 carnis
1595 1447 1683 1505 mols
1699 1464 1866 1520 gravamur.

801 1536 935 1611 [plangit
1024 1538 1184 1595 XXXVlll.
1196 1537 1400 1594 Commendatio
1407 1536 1664 1610 lerosolymitonae
1672 1538 1867 1612 expeditionis.

144 1627 276 1684 lllicitum
288 1629 394 1685 vulnus
411 1631 538 1687 mordaci
552 1631 638 1688 dente
654 1632 774 1704 peregit.
1026 1629 1057 1685 ln
1075 1632 1135 1684 toto
1152 1627 1263 1683 mundo
1281 1644 1338 1683 uon
1353 1631 1398 1682 ast
1412 1627 1501 1683 homo
1516 1643 1571 1698 par
1586 1628 1780 1686 Boemundo
1809 1630 1866 1702 (tq,

147 1718 235 1775 Poma
251 1719 407 1776 momordit
422 1721 511 1777 luam
525 1739 532 1789 ;
548 1721 598 1778 sad
614 1723 706 1777 Adam
727 1721 777 1794 qui
794 1738 880 1795 poma
910 1738 972 1779 mo·
1027 1722 1066 1772 Da
1081 1719 1164 1788 cujus
1178 1717 1270 1790 gestis
1285 1732 1460 1788 cognoscere
1472 1733 1565 1789 pauca
1580 1718 1734 1791 potestis,

808 1810 936 1884 [mordit,
1029 1804 1223 1878 Multipliccm
1240 1822 1394 1862 numerum
1411 1805 1582 1877 superantia
1597 1808 1742 1879 pondere
1766 1823 1867 1865 rerum.

148 1896 203 1954 Pro
214 1913 313 1955 morsu
330 1903 465 1967 mortem,
483 1915 533 1972 pro
544 1899 663 1956 vulnere
678 1899 801 1957 vulnera
816 1900 919 1957 sensit.
1029 1894 1080 1952 llle
1094 1895 1203 1953 ducum
1220 1895 1344 1969 primus,
1361 1896 1415 1952 nisi
1432 1895 1506 1952 lalsa
1529 1896 1647 1954 reterre
1663 1896 1810 1967 velimus,

148 1986 206 2043 llva
220 1985 322 2043 fefellit
336 2003 421 2047 eum:
438 1988 489 2044 scd
505 2005 572 2044 eum
590 2006 646 2045 non
663 1989 776 2046 tolleret
790 1992 858 2055 Eva,
1028 1984 1192 2042 commovit
1209 1990 1310 2058 gentes
1325 1984 1354 2041 in
1369 1985 1480 2042 Turcos
1495 1985 1741 2058 omnipotentes.

148 2075 182 2130 Ni
199 2076 319 2149 decepta
335 2077 425 2148 loret3
443 2094 565 2150 serpens
580 2078 736 2152 deceperat
751 2079 853 2136 livam.
1028 2077 1135 2131 Auctor
1150 2082 1178 2131 et
1192 2074 1359 2147 exemplum
1375 2075 1510 2132 violentis
1526 2072 1636 2132 tollere
1653 2076 1819 2150 templum,

148 2166 267 2220 Femina
282 2165 376 2222 suasit
389 2182 482 2239 opus;
497 2167 548 2224 sed
564 2184 638 2241 opus
651 2168 730 2240 qnod
745 2168 855 2225 lamina
869 2167 974 2226 suasit.
1028 2162 1322 2236 Constantinopolim,
1338 2164 1413 2220 victo
1428 2164 1512 2232 duce,
1523 2165 1641 2223 vicerat
1658 2165 1756 2234 olim;

150 2253 202 2309 Vir
216 2253 357 2311 vetuisset
371 2256 414 2312 ei:
432 2257 509 2329 quod
526 2256 552 2313 ei
567 2257 610 2313 vir
625 2259 650 2314 si
665 2258 808 2314 vetuisset
1030 2253 1112 2310 Nune
1127 2268 1242 2325 quoque
1256 2253 1384 2322 vicisset,
1401 2253 1425 2308 si
1441 2269 1512 2324 gens
1527 2270 1584 2310 sua
1600 2271 1700 2327 passa
1717 2255 1833 2312 luisset

151 2342 290 2400 Mandere
306 2345 383 2418 qnod
397 2344 500 2413 voluit,
515 2346 606 2402 voluit
621 2347 698 2418 qnod
714 2346 853 2404 mandere
867 2346 974 2416 desset,
1030 2343 1090 2399 Rex
1103 2346 1200 2400 tamen
1216 2343 1252 2399 ad
1269 2350 1372 2399 nutum
1390 2343 1492 2415 pendit
1503 2344 1561 2401 sibi
1574 2346 1700 2416 grande
1716 2346 1866 2402 tributum.

149 2434 221 2487 rura
237 2434 363 2489 moritur
373 2433 477 2502 bom03
493 2436 542 2491 sed
557 2434 644 2491 borno
660 2437 711 2509 qui
723 2437 790 2507 jure
806 2437 940 2504 moritur,
1031 2432 1248 2489 Hostesdeinde
1268 2433 1344 2489 ieros
1360 2448 1516 2506 aggressus
1533 2434 1670 2492 martius
1687 2435 1789 2503 beroa,

151 2520 258 2578 Flendo
275 2528 402 2579 meretur
412 2540 516 2597 spem;
532 2525 583 2581 sed
597 2541 681 2598 opem
698 2541 787 2598 quam
803 2526 897 2582 tiendo
914 2542 976 2582 me
1033 2521 1157 2580 Nicaeam
1173 2521 1269 2594 tregit,
1284 2525 1394 2577 Tarsos
1410 2521 1544 2578 bellando
1556 2522 1698 2596 subegit.

719 2658 725 2667 .
837 2614 941 2686 [retnr,
1031 2611 1163 2668 tntiocbi
1179 2612 1283 2679 muris,
1299 2610 1357 2668 nisi
1368 2611 1538 2682 cessissent,
1555 2612 1702 2681 ruituris,

150 2699 281 2755 Crimina
295 2701 320 2754 si
337 2705 460 2773 repetat,
476 2701 579 2773 repetit
593 2701 672 2773 qnod
688 2702 811 2758 crimina
826 2702 930 2775 perdit.
1033 2700 1150 2758 induxit
1165 2700 1263 2768 tortas,
1281 2700 1458 2757 fortissimus
1473 2700 1536 2773 ipse
1551 2700 1713 2760 cobortes.

300 2788 404 2844 lm
418 2788 555 2845 xxxvii.
572 2790 610 2845 ilc
624 2789 682 2846 vito
697 2794 721 2846 et
732 2796 829 2848 morte.
1032 2790 1116 2863 Syria
1126 2789 1216 2847 servit
1231 2789 1268 2861 ei,
1285 2789 1407 2847 mittunt
1423 2806 1496 2847 nova
1509 2793 1591 2847 dona
1604 2792 1711 2849 Sabaei

155 2875 294 2933 Exsilium
307 2875 400 2946 tellus,
418 2895 485 2933 oum
502 2877 588 2934 uobis
603 2878 697 2950 patria
711 2879 830 2948 coelum,
1032 2879 1169 2945 Parthus,
1183 2879 1395 2949 erchanradus
1408 2880 1534 2953 cupiunt
1548 2879 1607 2935 sibi
1620 2882 1757 2955 jungere
1768 2881 1863 2944 foedus,

150 2964 251 3033 Nasci,
268 2967 413 3035 damnari,
430 2969 519 3025 vitam
536 2968 630 3038 linire,
645 2968 746 3038 beari;
1033 2966 1140 3023 Mulcet
1156 2983 1223 3024 eum
1239 2968 1390 3024 donisrax
1402 2968 1579 3041 magnificus
1594 2971 1766 3041 Babylonis

149 3055 234 3112 Unde
251 3057 325 3112 mori
342 3055 434 3122 nasci,
452 3057 592 3131 nascique
609 3058 684 3115 mori
700 3058 871 3116 vocitemus.
1033 3055 1189 3128 soldanus,
1205 3056 1308 3113 Persas
1324 3062 1419 3130 pavet,
1435 3062 1464 3114 et
1478 3057 1554 3131 sugit
1568 3057 1656 3115 illius
1672 3076 1779 3130 enses,

147 3149 281 3216 Congrun
300 3146 423 3203 diversis
439 3148 566 3220 aptando
580 3147 722 3205 vocabula
734 3149 832 3218 rebus,
990 3121 1127 3202 Garrire
1139 3145 1289 3217 formidat,
1304 3148 1465 3221 devotaque
1480 3163 1590 3204 munus
1605 3149 1632 3204 si
1650 3149 1720 3206 dat.

145 3235 237 3306 Asper
252 3235 361 3307 quippe
376 3252 475 3303 sonus,
492 3236 663 3309 incultaque
675 3237 788 3311 syllaba
804 3254 882 3295 mors
908 3242 953 3295 est
968 3260 975 3301 ς
1032 3233 1128 3305 lpsius
1143 3234 1301 3291 adventum
1318 3235 1409 3292 Baros
1420 3234 1488 3292 colit
1501 3240 1589 3307 atque
1602 3236 1773 3297 Tarentum

144 3320 261 3378 Scilicet
276 3321 487 3397 idcirco‚quia,
504 3342 593 3397 quam
610 3331 703 3390 norat,
719 3342 821 3397 aspera
845 3342 891 3383 res
920 3329 974 3382 est.
1031 3322 1066 3377 Et
1081 3330 1224 3394 quantum
1249 3328 1331 3379 terra
1356 3322 1445 3381 nimis
1464 3329 1509 3380 est
1529 3340 1613 3382 mora
1631 3325 1731 3401 longa
1751 3326 1858 3385 rolens

142 3416 193 3466 Ast
205 3410 329 3468 affabilis
344 3417 399 3478 est,
414 3413 606 3486 jucundaque
619 3413 721 3482 dictio,
738 3417 813 3480 vita;
1030 3410 1087 3466 Sed
1102 3428 1155 3469 nec
1170 3411 1267 3469 adbuc
1281 3417 1379 3470 cessat
1393 3413 1464 3485 quin
1476 3414 1560 3470 lortia
1574 3420 1677 3488 empta
1693 3421 1830 3492 capessat

141 3503 250 3555 Nomen
264 3503 454 3557 commendat
469 3518 516 3557 res
534 3501 653 3559 nomine
672 3502 847 3575 significata.
1029 3499 1139 3557 Versus
1154 3501 1189 3557 ad
1206 3518 1342 3558 occasum
1354 3502 1525 3573 justissima
1540 3502 1618 3561 bella
1634 3521 1778 3567 anuum.

146 3591 218 3659 Ergo
235 3589 376 3645 debemus
391 3596 526 3646 naturam
544 3607 669 3660 quaerere
686 3608 795 3654 rerum,
1028 3588 1118 3646 Debet
1132 3589 1208 3647 enim
1225 3591 1322 3662 plane,
1339 3592 1395 3648 nisi
1411 3608 1515 3650 nomen
1529 3597 1625 3665 gestat
1640 3595 1747 3664 inane,

146 3677 186 3731 Ex
201 3694 258 3749 quo
274 3678 423 3750 possimus
437 3679 473 3734 de
488 3680 606 3735 nomine
617 3696 737 3735 cernere
752 3695 863 3737 verum.
1027 3681 1133 3736 Contra
1147 3678 1271 3753 gentiles
1288 3696 1419 3754 pugnare
1434 3681 1546 3737 deicola
1561 3681 1662 3753 miles,

147 3766 237 3832 Quam
255 3767 295 3822 sit
310 3766 396 3836 plena
411 3767 496 3824 malis
513 3785 641 3841 praesens
657 3787 720 3842 qna
733 3770 792 3827 vita
806 3779 936 3842 vocatur,
1027 3769 1127 3825 1Πῖ
1146 3767 1229 3824 Hunc
1245 3773 1321 3826 Deus
1335 3771 1437 3826 invitat
1449 3769 1498 3842 qni
1509 3769 1586 3827 bella
1599 3772 1773 3833 domestica
1782 3777 1853 3843 vitat,

147 3853 215 3909 Plus
231 3853 303 3925 ipsis
320 3854 417 3923 rebus,
433 3873 522 3927 quam
538 3861 639 3914 nostra
655 3875 721 3916 voca
739 3861 886 3933 probatur.
1026 3855 1150 3914 illicitus
1165 3862 1242 3915 blare
1253 3862 1308 3926 ast,
1326 3859 1374 3914 nbi
1390 3876 1447 3916 non
1463 3861 1610 3917 contraria
1626 3878 1700 3934 pars
1717 3869 1778 3935 est,

147 3945 207 3998 Non
223 3945 283 3998 tam
300 3940 461 4009 codicibus,
478 3961 562 4016 quam
579 3945 653 4003 dura
665 3953 742 4004 sorta
757 3950 908 4019 docemur,
1027 3945 1119 4003 Unius
1134 3951 1218 4003 sectae
1236 3952 1386 4019 nequeunt
1401 3948 1556 4022 conlligare
1571 3956 1660 4008 recte.

146 4031 259 4098 Quanta
273 4031 402 4089 viventes
419 4032 464 4090 bic
480 4036 637 4107 asperitate
651 4053 816 4109 gravemur.
1026 4034 1095 4092 latia
1110 4036 1257 4092 decausis
1274 4053 1325 4109 pru
1341 4041 1384 4094 tot
1398 4036 1442 4094 vel
1459 4039 1566 4096 talibus
1580 4042 1667 4098 ausis

145 4121 273 4190 Esuries,
289 4120 381 4196 algor,
398 4124 485 4191 calor,
499 4129 528 4180 st
542 4125 618 4196 sitis,
632 4131 661 4182 et
676 4125 813 4195 valitudo,
1026 4123 1078 4181 Per
1092 4129 1185 4182 totum
1205 4126 1349 4182 mundum
1366 4127 1420 4182 lert
1436 4126 1514 4185 lama
1529 4128 1624 4186 boans
1640 4131 1855 4201 Boemundum,

146 4212 180 4268 m
195 4209 286 4280 labor,
303 4216 331 4268 et
346 4217 454 4285 pestes,
470 4220 498 4271 et
516 4218 618 4271 catera
631 4220 702 4273 suot
720 4216 792 4273 mibi
809 4221 907 4284 testes,
1024 4218 1060 4270 ut
1075 4214 1175 4271 reboet
1191 4216 1320 4271 mundus
1330 4215 1401 4288 quia
1416 4220 1498 4273 tanta
1512 4217 1582 4274 lacit
1596 4218 1812 4280 Boemundus.

145 4299 247 4356 Tantis
263 4316 364 4373 pressa
380 4301 466 4359 malis
477 4320 513 4360 an
527 4304 611 4360 debet
624 4304 682 4362 vita
697 4304 802 4362 vocari.
1210 4304 1340 4362 XXXIX.
1358 4305 1397 4361 ld
1416 4305 1546 4363 stantium
1556 4312 1666 4368 mortis.

146 4390 293 4461 Numquid
311 4391 452 4449 concedas
468 4395 498 4449 nt
513 4392 616 4461 vivere,
631 4393 671 4451 sit
685 4394 835 4452 cruciari?
1174 4394 1229 4466 (ad
1246 4410 1300 4451 ms.
1317 4394 1347 4451 S.
1364 4394 1479 4452 Gatiani
1493 4401 1522 4454 et
1535 4397 1606 4455 edit.
1624 4398 1716 4473 Red.)

143 4477 169 4532 si
185 4477 308 4535 trahite
324 4479 411 4537 rebus
427 4497 480 4538 vox
494 4481 630 4552 qualibet
644 4484 844 4555 asperitatem,
984 4482 1104 4563 pliubo
1121 4481 1214 4540 larum
1231 4499 1348 4552 nomeu,
1365 4485 1462 4541 dirum
1478 4486 1655 4546 mortalibus
1670 4506 1777 4565 omen,

144 4568 324 4624 Horrendam
341 4573 476 4641 quarunt
486 4573 527 4626 tot
542 4571 626 4639 dura,
645 4575 688 4627 tot
703 4589 807 4645 aspera
821 4589 931 4630 rocem.
1023 4571 1059 4629 Ut
1074 4572 1153 4630 llaro
1169 4576 1303 4640 testatur,
1319 4574 1390 4630 dum
1404 4579 1514 4645 cantat,
1530 4576 1590 4634 iata
1605 4577 1759 4638 minatur.

144 4653 218 4727 Ergo
232 4656 313 4713 decet
332 4657 435 4714 mortis
452 4657 511 4714 bac
527 4659 644 4717 nomine
659 4659 830 4734 significari,
1023 4660 1106 4719 lilius
1121 4666 1240 4719 cantum
1255 4663 1376 4720 damnat
1390 4680 1485 4737 genus
1500 4681 1586 4723 omna
1600 4666 1781 4741 volantum,

143 4742 184 4799 Ne
199 4743 263 4800 vitre
278 4762 384 4802 nomen
401 4752 489 4820 queat
504 4748 660 4821 asperitate
675 4748 790 4806 donari.
1022 4751 1115 4822 Atque
1129 4750 1192 4823 pari
1207 4758 1272 4808 roto
1284 4751 1381 4809 scelus
1395 4752 1451 4810 boc
1466 4753 1549 4828 lugat
1568 4771 1637 4812 aere
1653 4761 1734 4816 toto.

144 4835 182 4886 At
195 4838 296 4889 contra
312 4835 417 4907 poterit
432 4853 510 4894 mors
526 4837 623 4894 carnis
637 4838 696 4894 vita
712 4840 816 4909 vocari,
1022 4840 1128 4897 Noctes
1143 4857 1210 4912 ergo
1224 4839 1303 4912 colit,
1318 4858 1386 4899 cum
1401 4841 1476 4900 lucis
1490 4847 1624 4918 tempora
1642 4847 1742 4921 nolit;

141 4923 215 4978 cnm
230 4921 269 4976 sit
283 4928 384 4982 nostra
399 4926 471 4983 tides
487 4926 636 4985 bominem
649 4929 684 4985 de
700 4935 793 4986 morte
811 4929 889 4987 beari
1022 4928 1162 4987 Noctibus
1176 4933 1307 5004 apparet,
1323 4932 1464 5003 quoniam
1479 4933 1504 4989 si
1519 4932 1585 4991 lnce
1599 4937 1729 5007 volaret,

144 5010 196 5068 Hic
211 5011 279 5083 [sice
294 5013 385 5089 Hunc]
401 5016 552 5076 bominem
568 5019 644 5088 dico,
661 5035 750 5093 quem
764 5020 860 5078 salvat
873 5023 968 5097 gratis
1021 5018 1087 5075 lam
1101 5022 1189 5090 caput
1203 5017 1333 5076 invisum
1349 5020 1442 5079 multo
1459 5021 1534 5081 toret
1548 5039 1649 5097 ungue
1665 5028 1801 5088 recisum

784 5110 915 5184 [Christi,
1022 5108 1210 5180 Membraque
1218 5124 1285 5166 cam
1296 5108 1564 5185 plumisdivisaque
1572 5130 1745 5190 sparsaque
1754 5120 1854 5189 dumis,

141 5194 205 5248 Non
220 5190 286 5249 illos
302 5193 383 5264 tales,
400 5195 510 5269 qualis,
527 5198 706 5272 protoplaste
721 5199 815 5258 luisti.
1020 5197 1145 5268 Carpere
1160 5197 1296 5270 pennmis
1305 5199 1491 5274 cupientibus
1505 5201 1607 5261 omnia
1620 5207 1714 5275 vatis,

141 5279 205 5337 Non
219 5280 366 5356 homines,
382 5286 432 5343 sed
448 5285 574 5343 humum
590 5285 684 5359 placet
699 5288 763 5358 bos,
780 5293 966 5365 pecudesque
1021 5288 1102 5346 Vatis
1117 5294 1176 5347 tam
1192 5289 1274 5361 diras,
1288 5291 1384 5363 digna
1399 5293 1476 5350 mala
1488 5294 1549 5351 lata
1563 5296 1681 5356 subire.

797 5379 921 5452 [vocare
1019 5376 1091 5434 Huic
1103 5377 1213 5436 volucri
1229 5379 1311 5437 laada
1324 5379 1425 5451 simul,
1438 5382 1538 5454 procul
1552 5400 1623 5459 ergo
1639 5390 1765 5455 recede.

179 5498 542 5584 (ltlllersusreciprocb
640 5573 669 5586 ..
708 5575 713 5586 ι
773 5576 779 5588 ·
1019 5528 1051 5571 se
1066 5513 1158 5585 gessit
1173 5517 1204 5571 ut
1219 5515 1255 5572 sd
1272 5514 1430 5572 Antioohiae
1444 5514 1646 5593 principatum
1656 5526 1850 5585 avsctnsius·

138 5641 148 5655 α
178 5566 234 5642 (l't)
246 5576 323 5629 Duce
338 5573 448 5629 scilicet
460 5571 579 5646 Apulia,
597 5589 646 5644 qur
661 5590 691 5629 m
707 5573 756 5631 illa
772 5581 812 5634 rta
828 5580 965 5650 preclare
1020 5585 1068 5642 rit.
1085 5589 1204 5654 Beana..
1219 5584 1254 5642 od
1267 5602 1313 5642 cn.
1331 5586 1412 5642 1099.
