3802 6030
90 227 168 289 ibit

91 370 151 426 ilex
163 362 230 424 Seni
246 365 390 421 astantem
405 358 468 418 vult
482 360 568 418 haste
580 360 671 434 ligere
686 358 788 429 David,

128 458 183 525 Qut
199 454 279 511 cadit
291 455 439 510 incassum
456 449 526 508 dum
545 448 645 523 procul
661 450 719 508 iste
734 450 813 511 salit.

92 546 164 605 Cum
179 543 249 601 Saul
264 560 282 600 a
295 542 385 599 liavid
402 548 519 597 centum
536 539 681 613 praeputia
695 549 805 614 poscat,

126 638 181 694 iiic
197 634 345 708 perimens
358 631 467 697 hostes,
484 649 536 704 pro
552 629 660 687 lllichol
673 629 733 687 hec
748 631 892 705 duplicat.

92 727 134 786 hd
149 726 217 784 Saul
234 729 267 780 ut
282 721 372 780 navia
388 723 550 794 producant
565 737 652 778 mane
668 721 843 795 necandum,

128 815 286 889 invigilant
300 813 413 887 equites
429 812 510 868 intua
522 817 552 868 et
567 816 633 869 ente
645 812 777 868 domem.

93 905 172 965 Pelle
188 914 289 978 tegens
305 909 431 959 statuam
448 901 553 959 ltiohol
566 901 664 976 inquit
680 901 768 958 David
789 903 901 973 edesse,

130 997 254 1065 Quaqua
267 993 396 1050 leneetra
412 993 476 1059 luit,
494 992 560 1048 tecit
573 1008 640 1048 eum
656 992 766 1065 lugere.

91 1083 279 1141 achimelech
296 1083 383 1140 David
399 1099 489 1156 panes
504 1081 695 1155 gladiumque
712 1081 835 1155 paravit,

128 1175 210 1244 Quod
228 1174 370 1230 referente
388 1174 475 1245 boeg,
491 1189 539 1228 ren
556 1180 639 1228 necat
653 1171 849 1229 achimelech.

91 1264 215 1330 Quando
229 1280 318 1320 ruens
333 1263 422 1319 David
439 1278 581 1331 spumans
597 1262 693 1333 quatit
712 1261 787 1317 ostia
818 1265 918 1333 poete,

128 1359 191 1411 Non
207 1359 292 1409 necet
306 1353 394 1408 achia
409 1367 488 1417 eum,
507 1366 573 1406 nam
590 1356 673 1423 putat
689 1349 767 1405 hone
783 1350 887 1407 lorete-

93 1448 169 1500 Dum
186 1443 253 1498 saut
270 1444 298 1498 in
318 1446 400 1499 lovea
416 1441 522 1497 relevat
536 1440 647 1497 ventris
663 1440 846 1512 gravitatem,

129 1533 221 1590 David
240 1533 279 1588 ihi
298 1531 417 1587 latitans
432 1535 524 1587 curtat
537 1530 564 1586 ei
575 1529 748 1603 clamydem.

94 1623 218 1690 Quando
233 1620 324 1678 Nabal
341 1621 428 1678 David
446 1623 544 1693 pueris
559 1619 697 1675 alimenta
712 1624 842 1691 negaret,

127 1711 226 1769 Nescit
244 1709 358 1784 llhigeil
375 1726 439 1781 qoae
453 1707 544 1766 Nabal
565 1724 637 1764 uxor
651 1712 722 1765 erat.

92 1801 186 1859 David
204 1806 237 1857 ut
252 1801 345 1857 iratus
360 1799 438 1857 venit
452 1800 488 1855 ad
504 1797 596 1855 Nabal
610 1798 849 1869 interimendum,

129 1890 245 1964 abigail
260 1895 380 1963 gestans
395 1906 529 1958 munera,
546 1889 639 1962 placet
651 1904 730 1945 eum.

90 1986 163 2039 cum
184 1980 275 2040 Nabal
291 1980 420 2037 audisset
434 1979 512 2054 quod
541 1980 647 2051 conjux
677 1980 754 2035 dona
774 1977 915 2049 dedisset,

128 2074 196 2146 lpse
211 2071 310 2128 dolore
325 2071 407 2143 petit,
424 2071 501 2143 quod
517 2086 572 2126 sua
588 2068 755 2141 perdiderit.

90 2165 225 2218 Mortuus
240 2164 284 2216 est
298 2158 426 2225 Samuel,
444 2156 618 2230 populorum
630 2157 717 2214 ileute
732 2163 859 2228 caterva,

130 2250 263 2322 Cumque
278 2249 340 2306 suis
354 2250 485 2320 patribus
500 2248 638 2304 conditur
654 2246 682 2302 in
700 2246 852 2305 hematha.

91 2339 214 2405 Quando
229 2338 299 2396 Strui
313 2338 567 2410 dormitâ€špateram
582 2339 634 2393 tert
647 2338 731 2393 llario
745 2342 773 2394 et
786 2338 917 2395 hastam:

129 2430 246 2486 Cadere
262 2435 359 2502 posset
374 2446 454 2495 eum,
470 2428 522 2486 sed
536 2428 587 2483 dat
602 2428 627 2483 ei
643 2428 770 2484 venium.

94 2522 185 2580 echis
199 2527 263 2579 erat
280 2539 327 2579 rex
343 2521 427 2588 Geth,
445 2523 495 2595 qui
511 2521 599 2577 David
617 2536 650 2577 eo
665 2520 789 2594 rugienti

131 2612 272 2670 attribuit
286 2613 408 2685 Siceleg,
425 2629 481 2683 quo
495 2611 659 2685 requiescat
674 2611 725 2669 ihi.

94 2705 127 2761 lu
144 2703 213 2759 Saul
230 2705 265 2759 ad
282 2701 390 2758 bellum
405 2701 467 2757 vult
481 2700 569 2757 Achis
584 2702 690 2758 ducere
705 2700 807 2771 David,

131 2794 184 2850 Sed
201 2809 336 2864 proceres
352 2792 468 2858 nolunt,
485 2790 621 2864 huneqoe
634 2792 729 2848 redire
744 2791 824 2849 lacit.

90 2881 258 2942 Adveuiunt
275 2880 385 2951 hostes,
402 2886 432 2938 et
446 2885 539 2936 terras
555 2879 645 2936 lsrael
661 2880 783 2952 intrant,

130 2975 189 3029 ilex
203 2971 273 3028 Saul
290 2974 320 3028 et
337 2970 433 3042 populi
452 2970 561 3043 quique
576 2970 622 3026 sul
636 2969 796 3042 trepident.

97 3064 159 3118 Rex
173 3060 241 3117 Saul
259 3059 343 3115 onius
359 3058 538 3132 pythonissa
555 3058 626 3131 petit
641 3061 744 3125 edem,

134 3152 169 3207 Et
186 3154 269 3223 rogat
285 3148 360 3205 hauc
373 3154 408 3205 ut
420 3149 446 3205 ei
462 3147 582 3203 suscitet
597 3149 772 3205 exanimem.

99 3239 283 3308 Exanimem,
299 3239 415 3301 molier.
430 3238 596 3295 Samuelem
612 3253 731 3311 surgere
747 3238 851 3310 engle:

134 3330 170 3387 Et
184 3329 302 3386 Samuel
319 3345 326 3385 :
343 3328 456 3384 Mecum
473 3344 550 3390 cras,
566 3327 647 3396 Saul,
665 3328 772 3400 inquit,
788 3328 857 3388 eris,

102 3419 210 3478 Gelbes
226 3434 283 3475 uon
300 3418 386 3474 debet
403 3416 509 3490 pluvia,
525 3432 578 3473 aee
594 3433 658 3473 rore
674 3418 771 3490 rigari,

137 3507 210 3565 Nam
227 3507 295 3565 Saul
308 3513 336 3561 et
351 3506 494 3563 louathee
510 3505 720 3563 interimuntur
734 3507 785 3566 ici.

99 3598 142 3656 its
157 3597 295 3653 Amalech
313 3596 398 3651 cunei
414 3602 528 3668 captam
544 3595 656 3669 Siceleg
670 3595 759 3651 simul
775 3600 875 3666 urunt,

136 3688 210 3744 Cum
227 3685 353 3759 geminis
370 3685 458 3742 David
476 3685 652 3757 conjugibus
667 3688 800 3743 redeunt.

100 3776 140 3835 Ut
156 3791 314 3849 properans
330 3775 419 3832 David
436 3791 544 3831 ettneoa
556 3775 691 3833 amalech
708 3775 867 3848 superavit,

136 3866 269 3937 conjoge
283 3880 349 3919 eom
367 3864 485 3935 gemina
500 3862 582 3919 laetus
597 3864 657 3919 adit
672 3865 797 3936 propria.

102 3955 178 4013 Proh
195 3953 299 4011 dolori
317 3953 481 4010 inliethsun
498 3953 720 4024 suspeueaSeul
733 3953 928 4029 lonatheequa

137 4048 265 4116 Corpora
282 4060 385 4099 muros
401 4042 498 4109 habet,
515 4047 677 4115 truncaque
692 4048 763 4099 eunt
777 4044 883 4114 capite.

102 4135 213 4192 Turma
227 4133 316 4191 lebes
333 4134 426 4189 tendit
441 4138 585 4189 nocturno
602 4144 730 4204 tempore
743 4132 893 4205 Betheem,

139 4228 234 4298 Atque
250 4231 351 4298 petens
366 4240 496 4295 moram,
513 4224 570 4280 tert
585 4222 653 4281 Saul
664 4234 691 4281 et
704 4223 875 4284 louathum.

305 4469 341 4526 tri
363 4467 498 4526 tteatttt
519 4468 725 4527 SECUNDUM.

103 4594 171 4652 Fert
186 4591 378 4650 amalachitae
394 4591 531 4667 quoniam
548 4591 615 4649 Saul
631 4592 694 4666 ipso
710 4595 843 4665 peremit,

140 4683 276 4741 Protinus
294 4683 323 4737 iu
338 4681 447 4751 siceleg
465 4683 551 4738 liavid
568 4698 635 4739 eum
651 4684 776 4756 perimit.

104 4773 233 4841 ungitur
248 4789 265 4829 a
278 4772 357 4829 luda
373 4788 422 4827 rex
437 4772 523 4827 David
540 4789 642 4829 versus
658 4772 686 4828 in
703 4773 811 4846 Ehrou,

141 4860 212 4932 llius
226 4866 256 4917 et
271 4858 394 4932 imperio
411 4859 470 4915 dux
484 4860 559 4916 loah
575 4870 620 4916 est
633 4862 776 4933 equitum.

105 4949 195 5008 lsrael
214 4949 243 5005 io
260 4965 357 5021 regem
374 4955 476 5005 uatum
493 4948 563 5005 Saul
581 4948 712 5007 isboseth
729 4951 814 5023 ungit
832 4971 840 5023 Ï‚

141 5042 236 5112 Atque
251 5055 322 5095 suos
338 5055 447 5096 euneos
463 5036 592 5112 inclytos
611 5039 705 5096 abner
716 5040 788 5113 agit.

104 5135 137 5194 In
153 5133 273 5190 Gabaon
290 5132 411 5188 veniunt
424 5131 509 5199 loth,
524 5132 660 5189 libuerat
674 5135 793 5203 agmine
807 5133 888 5204 hine,

141 5223 177 5280 et
193 5237 283 5295 prope
298 5221 442 5294 piscinam
458 5228 539 5294 parte
554 5223 657 5280 sedent
672 5221 761 5280 varia

106 5313 157 5370 Bis
173 5313 254 5385 pueri
271 5311 315 5369 bie
330 5328 381 5369 sex
392 5313 462 5368 dum
475 5312 554 5384 jussi
571 5311 798 5384 ludereludunl,

144 5402 198 5459 Per
213 5401 292 5458 latus
305 5400 418 5460 alterno
433 5401 554 5460 vulnere
568 5419 600 5460 se
611 5403 771 5476 perimunt.

108 5493 214 5553 im
228 5495 353 5569 itgmlne
368 5495 579 5570 mndigunt,bt
594 5496 744 5570 utrimque
758 5495 934 5573 gmrlulme

809 5587 931 5661 tama,

666 216 827 283 caedisti
849 222 888 285 itt
909 222 1051 293 Lieeoe
1072 230 1221 297 aeeon.

1718 231 1796 298 lili

931 368 960 438 A
1009 369 1108 429 abner
1121 371 1182 430 ehtt
1198 371 1323 446 lugiens,
1336 377 1424 446 etque
1438 371 1484 429 eui
1500 369 1634 429 comites.

973 459 1024 517 Est
1039 463 1122 519 asael
1137 463 1218 520 velox
1232 480 1332 530 cursu,
1349 479 1468 533 compar
1483 477 1655 532 caprearum
1669 479 1677 532 Í¾

1009 538 1060 608 Ille
1073 568 1200 624 sequens
1214 555 1310 610 Abuer
1328 555 1420 609 currit
1435 558 1464 608 et
1479 558 1561 625 urget
1580 566 1658 606 eum.

972 641 1070 698 abner
1085 644 1126 700 ait
1142 661 1150 704 t
1167 649 1286 712 Pueros,
1302 643 1398 713 Asuel,
1413 642 1508 716 spolia
1524 641 1669 713 t'ugientes

1008 729 1124 790 Cedere
1136 739 1163 791 le
1179 735 1255 806 nolo,
1273 736 1363 790 irater
1377 736 1454 789 enim
1468 732 1543 789 loab
1557 747 1599 788 es.

973 818 1134 890 Impatiens
1149 822 1232 880 Aeaei
1250 823 1357 896 premit
1375 822 1478 885 dhaer,
1494 825 1524 877 at
1553 820 1608 878 isle
1624 823 1795 894 sequentem

1007 909 1133 981 lnguine
1147 927 1287 982 percusso
1303 911 1418 985 projicit
1429 910 1605 966 exanimem.

973 998 1089 1071 Respha
1104 1000 1173 1057 Saul
1191 1001 1281 1075 pellex
1297 1002 1356 1058 coit
1371 1002 1465 1057 thner
1480 1017 1488 1068 3
1501 1005 1531 1055 et
1545 998 1676 1057 isboseth
1691 998 1776 1057 illum

1008 1090 1111 1161 Arguit
1127 1107 1134 1146 Îµ
1153 1089 1222 1147 inde
1238 1091 1336 1147 minax
1351 1091 1459 1146 deserit
1471 1092 1568 1146 abner
1582 1105 1660 1148 autu.

971 1176 1068 1235 Primo
1084 1178 1152 1235 Saul
1170 1179 1261 1236 David
1278 1180 1383 1236 litehnl
1401 1196 1518 1235 uxorem
1534 1179 1668 1245 sociarat,

1007 1268 1076 1324 Post
1089 1269 1224 1326 adimens
1239 1269 1282 1326 illi
1301 1269 1419 1327 thotuat
1435 1268 1510 1325 ham
1526 1269 1655 1326 dederat.

970 1357 1094 1415 Pheltiel
1111 1359 1240 1416 ablatam
1258 1360 1370 1417 docens
1385 1359 1502 1427 ist-chol,
1517 1360 1617 1415 Abner
1645 1358 1676 1415 in
1698 1357 1795 1415 librae

1007 1451 1113 1508 Reddit
1129 1468 1192 1508 eam
1209 1453 1298 1510 David
1316 1451 1393 1524 pacis
1408 1451 1443 1507 ad
1458 1450 1613 1506 indicium.

971 1538 1062 1596 David
1079 1546 1108 1596 et
1121 1541 1217 1597 Abner
1232 1541 1340 1610 edoutÍ¾
1357 1541 1455 1596 abner
1484 1555 1552 1595 com
1582 1553 1653 1610 pace
1676 1534 1795 1604 recedit,

1007 1629 1133 1703 Moxque
1149 1630 1215 1687 dolo
1231 1646 1371 1687 revocans
1385 1628 1464 1684 hunc
1476 1627 1549 1684 Joah
1572 1626 1724 1683 interimit.

973 1718 1104 1776 isboseth
1120 1719 1276 1787 obdormit,
1293 1735 1347 1775 sua
1362 1722 1431 1774 sunt
1446 1733 1499 1773 nec
1513 1717 1588 1774 ostia
1602 1714 1697 1782 lleme,

1006 1807 1147 1879 (itemque
1162 1813 1268 1866 necent
1282 1808 1390 1882 gladiis
1409 1807 1488 1863 hunc
1517 1805 1612 1862 liecab
1637 1811 1665 1861 et
1685 1803 1793 1860 Ranae.

971 1896 1102 1953 Allecah
1112 1901 1140 1953 et
1156 1898 1252 1954 Banna
1267 1913 1387 1954 somene
1402 1900 1488 1968 ceput
1504 1892 1646 1966 lsboseth,
1663 1892 1766 1950 ambos

1008 1985 1153 2043 Interimit
1167 1985 1270 2053 David,
1284 1985 1402 2059 premia
1415 1986 1488 2043 terre
1504 1987 1594 2040 ratos.

971 2078 994 2133 Î›
1009 2077 1145 2133 tribubus
1158 2078 1273 2134 cunetis
1289 2077 1375 2132 David
1393 2092 1443 2132 rex
1457 2073 1547 2132 lsrael
1563 2076 1680 2142 unctus,

1007 2166 1138 2223 Conterit
1149 2166 1312 2241 allophylos
1328 2166 1450 2238 belliger
1465 2163 1611 2232 eeregiue.

971 2258 1132 2315 Jerusalem
1149 2258 1279 2331 capiens,
1295 2258 1447 2315 lehusoeos
1461 2256 1529 2312 inde
1545 2252 1665 2327 iugavit,

1007 2349 1102 2423 atqua
1117 2354 1206 2417 ceput
1219 2348 1301 2421 regni
1316 2346 1405 2403 liat-id
1421 2362 1485 2401 eam
1502 2345 1616 2401 statuit.

973 2440 1027 2496 Per
1041 2439 1144 2495 vallem
1161 2438 1303 2512 Raphaim
1318 2439 1513 2506 renithostis,
1525 2445 1551 2493 et
1572 2432 1672 2490 omnia
1686 2434 1798 2502 vasten

1009 2530 1099 2603 inque
1115 2528 1315 2600 Brialpltraeim
1333 2527 1424 2585 David
1440 2543 1505 2585 eum
1523 2528 1653 2599 superat.

973 2619 994 2674 Î‘
1013 2615 1136 2673 ttomiuo
1151 2616 1255 2672 doctus
1271 2616 1360 2671 David
1378 2631 1434 2671 nou
1450 2613 1547 2669 ottviat
1559 2610 1647 2681 hosti,

1009 2708 1108 2777 (tyret,
1124 2716 1149 2760 et
1167 2721 1184 2761 e
1198 2710 1279 2777 tergo
1297 2703 1454 2775 perniciem
1471 2703 1522 2759 det
1536 2702 1573 2758 ei.

975 2797 994 2852 l
1011 2794 1215 2851 Cariathiarim
1232 2811 1297 2867 que
1311 2797 1421 2851 ductum
1437 2795 1556 2849 venerat
1568 2807 1646 2860 eree,

1009 2884 1061 2941 Est
1076 2885 1152 2955 apud
1170 2884 1332 2941 aminadab
1348 2884 1398 2956 qui
1415 2886 1514 2939 manet
1528 2881 1559 2937 in
1574 2881 1682 2938 Gahae.

975 2972 1064 3029 David
1080 2973 1126 3047 agi
1143 2973 1308 3045 plaustrum
1327 2972 1453 3045 ponique
1468 2987 1557 3043 super
1576 2969 1660 3042 Juiat
1687 2982 1798 3042 ercam,

1014 3064 1110 3138 atqua
1126 3064 1213 3118 hoves
1234 3062 1371 3136 jungens,
1387 3063 1493 3116 docere
1509 3060 1596 3131 cmplt
1610 3075 1684 3116 eum.

938 3109 1218 3225 ct)uaudoregunt
1233 3149 1399 3224 plaustrum
1428 3165 1502 3223 quus
1530 3148 1695 3204 aminadab
1713 3162 1802 3220 geneÎ‡

1715 3252 1747 3293 ra
1767 3235 1790 3293 it

1012 3330 1070 3388 Ona
1087 3345 1213 3405 sequens
1228 3344 1339 3396 aream,
1356 3328 1480 3402 previos
1496 3325 1568 3383 ahio
1583 3325 1667 3398 regit.
1703 3236 1713 3312 [
1748 3254 1766 3296 v
1792 3274 1801 3305 â¹

976 3422 1049 3479 Arce
1063 3421 1114 3476 bei
1130 3423 1242 3489 tector,
1259 3437 1308 3476 rex
1322 3417 1397 3475 ludit
1411 3423 1441 3474 et
1456 3416 1545 3474 lereel
1561 3416 1679 3485 cmuist

1013 3517 1177 3590 Tympana,
1191 3516 1280 3573 sistra
1295 3522 1411 3580 sonant,
1426 3514 1568 3588 listraque
1583 3511 1798 3586 comeytheris.

977 3609 1051 3664 Arca
1066 3605 1115 3662 Det
1131 3604 1188 3661 laihi
1205 3607 1277 3663 bove
1292 3606 1464 3663 calcitrante
1480 3604 1602 3672 ridetur,

1014 3697 1071 3753 One
1087 3712 1176 3752 manu
1193 3701 1272 3753 tanet
1288 3696 1374 3765 hauc,
1391 3711 1518 3768 moxque
1543 3694 1652 3751 cadens
1672 3690 1804 3751 moritur.

979 3785 1108 3844 Ulterius
1123 3786 1212 3843 David
1231 3787 1316 3843 timet
1330 3803 1427 3842 arcem
1443 3787 1549 3842 docere
1563 3800 1677 3855 secum,

1015 3877 1109 3948 dique
1124 3875 1258 3931 (tatheus
1272 3890 1337 3932 eam
1353 3875 1464 3933 detinet
1477 3874 1655 3931 Obededom.

981 3965 1103 4022 Divitias
1119 3980 1231 4036 augens
1248 3969 1323 4021 lieus
1337 3965 1503 4022 obededom
1521 3961 1679 4029 benedixit,

1016 4054 1107 4125 Cujus
1124 4055 1151 4109 in
1168 4055 1227 4110 ode
1243 4055 1339 4111 trihus
1356 4055 1506 4111 aiensibus
1522 4070 1588 4111 arca
1604 4053 1669 4109 luit.

980 4143 1069 4201 David
1086 4144 1121 4199 ad
1137 4143 1303 4201 Obededcm
1320 4145 1496 4200 citharizans
1511 4142 1585 4200 atria
1601 4141 1689 4212 veuit,

1018 4233 1100 4290 Unde
1116 4235 1211 4290 tereos
1227 4250 1324 4292 ercam
1339 4232 1501 4292 Jerusalem
1518 4231 1613 4288 rediit.

984 4323 1107 4391 Quando
1123 4323 1230 4381 Michol
1248 4324 1334 4380 David
1351 4324 1504 4380 videtante
1528 4321 1620 4377 Deum
1640 4317 1805 4383 salientem.

1020 4422 1148 4495 Despicit
1163 4422 1261 4490 hunoÍ¾
1277 4423 1341 4479 ideo
1357 4438 1412 4478 non
1428 4420 1537 4493 peperit
1551 4417 1694 4475 sobolem.

983 4511 1072 4569 David
1089 4511 1183 4570 Ebrcn
1199 4513 1309 4582 degens
1325 4518 1448 4567 Ammon
1466 4508 1559 4582 primo
1574 4504 1734 4579 generavit,

1019 4601 1103 4658 edita
1116 4601 1226 4658 Jesreel
1244 4601 1323 4657 huuc
1338 4598 1494 4656 lichinoem
1509 4595 1631 4670 peperit.

983 4686 1072 4745 Filius
1087 4695 1129 4745 eet
1145 4687 1234 4743 David
1252 4703 1323 4760 puer
1335 4685 1471 4753 absalon,
1483 4690 1512 4741 et
1527 4682 1669 4757 speciosis

1020 4776 1106 4835 israel
1124 4782 1153 4832 et
1167 4776 1252 4833 luda
1269 4775 1419 4847 pulchrior
1433 4780 1479 4832 est
1494 4772 1602 4847 pueris.

985 4864 1110 4925 Pulchra
1125 4867 1215 4923 nimis
1229 4865 1358 4923 Thamar
1369 4882 1452 4922 soror
1466 4861 1594 4922 absalon
1622 4866 1668 4920 est
1696 4858 1811 4919 uterina

1022 4956 1063 5012 Ex
1077 4958 1177 5027 genite
1193 4956 1271 5023 regie
1286 4955 1433 5014 'tholomai
1450 4959 1562 5012 Maece.

986 5042 1023 5103 Ut
1035 5045 1142 5102 laceret
1156 5045 1300 5119 templum
1318 5046 1404 5103 David
1421 5044 1536 5102 Nathan
1552 5042 1738 5112 insinuaretÍ¾

1023 5134 1107 5193 Mene
1122 5135 1236 5193 Nathan
1254 5136 1369 5192 rediens
1383 5133 1527 5190 eaditlcare
1543 5135 1630 5191 cetat.

987 5229 1026 5282 lix
1039 5224 1171 5282 Lodeher
1182 5225 1292 5281 itachir
1306 5231 1362 5292 eet,
1377 5232 1405 5281 et
1419 5225 1470 5298 qui
1486 5228 1584 5281 manet
1610 5223 1675 5293 eius
1697 5219 1729 5279 iu
1747 5217 1810 5277 ede
1896 5266 1899 5273 .

1023 5316 1217 5392 liiphiboseth
1232 5316 1356 5373 claudus
1372 5314 1451 5373 illius
1464 5320 1510 5372 est
1521 5312 1666 5373 innatae.

988 5407 1156 5466 hhodahae
1170 5407 1288 5476 ductus,
1305 5422 1358 5463 uec
1370 5422 1427 5463 non
1443 5405 1518 5461 hona
1534 5401 1624 5477 patris
1640 5400 1776 5475 adeptus,

1024 5502 1095 5555 cum
1111 5497 1210 5572 pueris
1227 5496 1314 5555 liavid
1329 5495 1524 5570 liiphiboseth
1539 5491 1677 5551 comedit.

988 5588 1062 5646 Pace
1075 5585 1152 5647 llaec
1165 5586 1256 5647 Dnvid
1270 5601 1419 5648 connexus
1433 5601 1482 5643 rex
1498 5580 1552 5641 iult
1565 5583 1690 5639 Ammon
1706 5602 1715 5647 Ï‚
