3802 6030
156 201 235 265 1643
672 196 853 260 Maaeoot
876 193 1123 259 eruentusts
1145 195 1336 259 uptscopt.
1801 189 1868 253 ldil

50 402 54 407 ,
154 339 234 397 Nutu
250 337 348 396 divino
358 337 465 411 populo
481 335 536 392 luit
551 333 738 406 andegavino
991 338 1021 403 Α
1036 333 1100 389 llas
1119 331 1212 388 soboli
1228 347 1335 405 pressa
1352 346 1388 387 os
1403 329 1498 405 gratia
1513 327 1611 404 possit
1627 327 1757 395 abesse,

153 427 263 486 Prasnl
278 428 474 494 substractus,
491 421 628 482 decedere
643 426 736 488 morte
754 424 884 489 coactus,
1032 420 1084 479 lile
1098 424 1220 480 studens
1236 440 1292 479 are
1307 421 1376 480 dnm
1390 420 1456 480 vult
1469 437 1553 480 sacra
1566 419 1766 486 continuere,

153 518 337 575 Conveniunt
351 516 455 587 turbas,
469 516 559 572 vidua
574 516 651 571 siout
663 513 696 568 tlt
707 511 738 568 in
755 513 834 568 urbs.
1034 512 1167 585 Dumque
1182 528 1280 571 moras
1293 511 1394 580 nectit,
1408 527 1531 586 puerum
1549 526 1627 568 :rora
1644 507 1794 581 improba
1817 505 1872 576 pls·

152 609 229 664 Drdo
244 611 390 673 sacratus,
407 603 571 678 populares,
587 608 676 675 atque
691 605 813 658 senatus
1748 596 1826 672 [otit.

152 695 293 753 'l'raotaot
307 695 460 767 querendo
476 694 512 750 de
528 691 653 766 praesule
668 688 882 756 substituendo,
1032 692 1130 750 Sacris
1143 692 1265 767 expletis
1280 693 1443 750 succedunt
1457 691 1550 750 tristia
1565 691 1654 761 latis,

150 788 184 840 In
200 800 323 840 numero
338 783 407 841 cleri
422 784 490 858 quis
505 783 599 855 possit
612 781 720 853 dignus
735 777 847 836 haberi.
1032 781 1105 840 Nam
1123 800 1224 840 casum
1240 783 1324 858 pueri
1339 783 1390 856 qui
1405 787 1505 857 posset
1520 799 1577 839 non
1593 782 1638 838 ita
1654 779 1752 838 Darii

149 869 751 940 lliclavetatati,lavetalternobilitati3
1031 873 1101 931 Pius
1130 874 1221 949 gemit
1244 890 1277 931 ao
1306 878 1416 943 mearet,
1441 889 1530 947 quam
1558 888 1624 945 qua
1658 886 1718 929 sua
1753 870 1870 943 pignori

150 964 209 1021 lste
223 963 385 1020 clientelam
402 961 599 1029 commendat,
614 965 644 1017 at
657 958 705 1015 ille
723 954 866 1030 loquelam
879 981 887 1025 ;
1728 957 1840 1034 [tieret.

149 1052 271 1109 Divitiae
284 1052 391 1125 aliquis
407 1052 505 1109 verbis
520 1050 631 1107 extollit
646 1047 768 1121 iniquis,
1031 1050 1089 1108 Nec
1104 1051 1222 1126 culpam
1237 1051 1326 1109 talem
1343 1050 1400 1110 sibi
1417 1049 1535 1108 credere
1549 1049 1613 1106 vult
1630 1048 1805 1120 venialem,

148 1145 241 1199 llores
257 1148 414 1216 postremo,
429 1141 473 1198 vel
490 1138 657 1212 spiritualia
671 1152 767 1193 namo.
1030 1139 1103 1197 Cum
1118 1141 1217 1197 studio
1232 1141 1328 1198 missa
1344 1145 1432 1214 queat
1447 1142 1585 1197 excuncta
1596 1137 1708 1195 luisse.

70 1278 72 1284 .
148 1231 196 1289 Sic
212 1247 279 1289 cum
297 1232 456 1288 multorum
472 1229 584 1287 collisio
600 1228 634 1283 sst
648 1227 826 1293 studiorum,
1032 1227 1697 1288 anxiushecintsrdecernitabirelatenter
1894 1200 1897 1281 i

147 1319 220 1377 Voto
235 1321 385 1378 communi
399 1320 464 1376 laus
476 1336 534 1376 non
549 1317 720 1375 conceditur
733 1314 797 1371 uni.
1030 1319 1117 1375 Exsul
1134 1324 1166 1376 ut
1177 1320 1232 1377 boc
1246 1321 1363 1377 lacinus
1377 1319 1473 1394 magis
1486 1317 1581 1391 expiet
1592 1322 1622 1374 et
1637 1317 1836 1391 peregrinus.

147 1410 201 1465 Sed
218 1409 467 1466 sanctustandem
481 1424 599 1464 causam
613 1421 772 1479 properans
784 1402 972 1474 adeamdem,
1030 1408 1117 1466 Solus
1129 1410 1165 1466 sd
1181 1409 1329 1468 Oceanum
1351 1415 1487 1482 properat
1512 1407 1660 1480 littusque
1692 1406 1864 1464 Britannum

147 1497 261 1555 Decidit
274 1497 340 1556 lites
356 1498 498 1556 liartinua
515 1494 728 1569 metropolites.
1029 1497 1131 1556 Claves
1146 1503 1313 1556 sanctarum
1330 1500 1489 1572 deportans
1503 1497 1718 1568 reliquiarum,
1817 1488 1826 1505 ⁸

147 1586 199 1643 liic
213 1588 284 1645 dum
301 1589 389 1645 turba
403 1589 509 1659 tramit,
526 1593 623 1660 partes
639 1587 680 1643 aio
696 1587 784 1642 tando
799 1584 937 1640 diremit:
1029 1586 1170 1660 operiens
1186 1605 1255 1661 ergo
1269 1592 1371 1645 ventos
1388 1587 1495 1659 quibua
1511 1585 1621 1658 lugius
1641 1585 1752 1642 aditur

146 1671 219 1738 Quid
235 1675 309 1732 votis
322 1674 420 1732 stultis
436 1693 496 1732 rem
513 1676 599 1732 ssxam
615 1679 728 1730 vertere
743 1672 844 1738 vultis,
1028 1680 1101 1736 Saxo
1117 1678 1267 1735 mensurio
1281 1677 1440 1750 insculpsit
1454 1692 1547 1751 pauca
1563 1675 1685 1748 liguris,

145 1764 261 1822 Fratres
276 1764 399 1822 dilecti?
413 1770 563 1839 nequeunt
577 1763 705 1822 celestia
719 1763 807 1819 sstoll·
1027 1768 1099 1837 Quis
1112 1772 1185 1826 toret
1200 1774 1228 1825 et
1243 1784 1385 1841 quorsum
1402 1771 1570 1840 properaret
1582 1766 1714 1823 tendere
1742 1782 1859 1823 cunum

144 1854 258 1911 Laudes
273 1853 420 1912 humanas
437 1860 511 1912 Deus
526 1854 637 1926 abjicit,
654 1858 755 1927 utpote
769 1868 871 1908 vanas·
1024 1858 1168 1916 Providus
1183 1856 1263 1915 huno
1282 1857 1371 1930 lapidi
1387 1857 1505 1913 titulum
1520 1854 1613 1912 voluit
1627 1854 1714 1912 Deus
1728 1854 1795 1912 indi

145 1943 202 1998 Rex
216 1943 267 2015 qui
281 1949 388 2000 cuncta
402 1945 486 2018 regii,
498 1945 560 2015 jam
578 1941 746 2016 pontificem
761 1940 818 1997 sibi
833 1938 913 2010 legit.
1023 1947 1084 2013 Quo
1100 1945 1166 2020 plus
1178 1945 1300 2004 clareret
1314 1946 1451 2019 polagus,
1468 1960 1526 2018 qua
1540 1942 1761 2017 gentalateret.

146 2033 227 2090 Sedis
241 2035 393 2092 lleurilius
408 2037 547 2092 statuitur
562 2035 716 2108 episcopua
732 2033 830 2105 hujus.
1023 2037 1149 2108 Jamque
1165 2041 1255 2093 retem
1273 2035 1397 2103 scandit,
1409 2037 1471 2107 Jam
1483 2040 1586 2091 ventus
1601 2035 1736 2090 carbasa
1749 2035 1859 2106 pandit,

143 2123 212 2181 Coeli
227 2124 375 2182 decretum
391 2125 572 2199 compescuit
586 2124 663 2180 illico
678 2128 797 2180 cretum.
1023 2126 1091 2184 lam
1106 2126 1196 2183 maris
1211 2126 1271 2183 alte
1286 2128 1374 2195 serat,
1389 2127 1450 2198 jam
1467 2131 1559 2182 terras
1573 2140 1688 2182 cursus
1714 2125 1858 2198 adaequat,

148 2214 276 2271 Verbum
296 2214 427 2272 censoria
441 2215 638 2287 sequiturvox
653 2230 712 2271 uua
728 2211 844 2269 lavaris.
1025 2215 1097 2273 Cum
1116 2217 1196 2272 lraus
1212 2215 1324 2288 antiqui
1337 2231 1488 2287 nunquam
1505 2215 1654 2271 cessantis
1670 2213 1772 2288 iniqui

147 2301 204 2359 Neo
220 2320 302 2362 mora
313 2322 326 2370 ,⁰
339 2304 426 2379 legati
441 2313 596 2377 properant
612 2304 649 2361 ad
664 2308 738 2360 tecta
752 2301 841 2368 beati,
1025 2306 1113 2362 Addit
1127 2322 1202 2362 onus
1217 2304 1355 2376 lacrymis
1370 2321 1422 2377 por
1436 2304 1545 2361 damna
1559 2304 1727 2376 sequentia
1747 2304 1858 2374 primis,

145 2392 322 2451 Preaantent
338 2404 453 2466 raptum
470 2395 562 2452 sacris
578 2392 720 2450 altaribus
735 2396 849 2464 aptum,
1025 2394 1099 2451 Nam
1115 2412 1168 2452 our
1182 2394 1320 2452 detulerit
1334 2394 1428 2451 claves
1444 2395 1513 2450 dnm
1529 2392 1694 2467 transfuga
1710 2394 1818 2467 querit

143 2486 234 2555 Cujus
248 2485 277 2541 in
293 2484 416 2542 introitu
429 2484 508 2542 molli
525 2483 647 2558 Delapsa
660 2482 758 2541 volatu
1026 2485 1069 2542 ad
1085 2500 1187 2541 secum
1202 2488 1327 2556 reputat,
1343 2484 1413 2540 dum
1430 2483 1558 2557 plurima
1571 2483 1663 2538 eorde
1679 2483 1807 2553 volutat,

144 2572 247 2631 1652
256 2574 347 2647 Sigea
361 2572 496 2629 columba
511 2572 591 2630 dedit
606 2587 695 2643 super
710 2570 789 2626 buno
815 2584 878 2641 qum
900 2583 970 2624 can·
1026 2575 1119 2633 casus
1129 2573 1227 2632 llendo
1237 2590 1340 2648 graves
1354 2572 1495 2630 labuntur
1509 2573 1539 2629 in
1554 2588 1678 2644 aequora
1695 2571 1805 2631 clavas.

752 2655 834 2730 [dida
848 2655 936 2713 tedii·
1026 2665 1100 2721 'l'um
1112 2681 1179 2722 varo
1194 2663 1289 2720 tristis
1302 2662 1398 2720 verbis
1414 2679 1446 2719 ae
1460 2663 1580 2719 devovet
1594 2661 1685 2719 istis:

143 2753 309 2810 Rursusad
326 2750 517 2822 boosignum
534 2750 617 2822 plebs
645 2747 772 2806 concinit
798 2747 899 2803 ordina
927 2745 969 2801 di·
1027 2751 1469 2820 Nonssectamcuraum,visam
1487 2749 1701 2808 meaneoioca
1730 2766 1856 2819 rursum,

88 2844 91 2849 ’
805 2836 919 2910 [gnum
1028 2849 1125 2901 Donec
1140 2842 1226 2914 aquia
1239 2857 1339 2898 mersa
1356 2840 1451 2898 claves
1467 2841 1527 2897 sint
1541 2840 1610 2895 inda
1626 2856 1770 2909 reversas,

147 2929 256 2987 lndicio
272 2934 355 2988 tanto
370 2928 528 2987 lustratum
545 2928 675 2986 Flamina
691 2931 803 2984 sancto.
1027 2931 1130 2988 Portas
1144 2931 1306 3004 indagavis
1321 2927 1429 2986 clausit
1445 2928 1516 2985 mibi
1531 2927 1650 3001 perdita
1665 2927 1775 2998 clavis,

145 3017 223 3077 Fecit
236 3020 313 3077 idem
330 3020 477 3092 qnondam
492 3018 601 3093 placidi
615 3017 754 3076 Jordania
769 3017 804 3073 ad
822 3016 932 3072 undam
1028 3023 1099 3077 eum
1115 3019 1206 3077 clavia
1221 3019 1324 3090 radiet,
1340 3024 1411 3075 tunc
1427 3025 1528 3076 nostra
1543 3019 1673 3074 reversio
1689 3018 1757 3074 fiet.

143 3109 284 3182 Tempore
299 3110 434 3182 Baptistae
450 3125 588 3166 summus
603 3111 688 3164 Pater
710 3112 739 3164 el
752 3106 816 3172 tibi,
841 3104 966 3176 Christe,
985 3075 1007 3142 c
1024 3109 1090 3169 Jam
1106 3110 1197 3167 maria
1211 3125 1330 3166 emenso
1346 3126 1435 3166 cursu
1451 3113 1596 3181 portuque
1612 3106 1767 3179 prehenso

24 3258 27 3263 ,
145 3198 225 3265 Quod
241 3199 296 3255 tibl
312 3216 359 3256 rex
375 3198 449 3267 omli,
466 3198 583 3272 proprio
599 3196 668 3255 iacis
684 3197 747 3268 ipse
760 3194 849 3252 ildeli.
1022 3199 1152 3266 Qualiter
1171 3199 1296 3256 abdatur
1310 3197 1417 3270 praesul
1436 3198 1576 3269 prologus
1592 3197 1765 3254 meditatur

144 3289 192 3344 Sic
206 3294 394 3346 consecratus
409 3288 444 3344 da
459 3286 587 3344 culmine
603 3285 790 3358 pontillcatus
1022 3287 1109 3344 Cultu
1126 3292 1248 3356 mutato,
1265 3286 1316 3344 ssd
1331 3292 1360 3343 st
1375 3287 1477 3343 ordine
1491 3284 1684 3343 dissimulato

143 3374 211 3435 l’lus
226 3377 348 3434 humilis
359 3374 835 3448 mansit,duruaemperadoptima
845 3373 967 3442 transit;
1022 3377 1077 3436 Uni
1094 3380 1265 3452 magnatum
1281 3393 1313 3433 aa
1328 3375 1453 3433 collocat
1467 3376 1502 3431 ad
1519 3373 1699 3431 famulatum

144 3469 215 3525 lade
229 3472 300 3540 quot
315 3467 438 3524 ostentis
454 3464 538 3522 illum
555 3466 634 3521 lavor
653 3462 871 3536 omnipotentis
1021 3465 1168 3538 Obsequio
1183 3465 1232 3521 vili
1248 3481 1355 3521 manaa
1372 3463 1531 3538 placiturus
1546 3461 1646 3533 herili,

143 3555 252 3613 extulit
266 3560 295 3613 et
310 3556 429 3629 quantis
445 3556 546 3628 nequit
563 3554 648 3611 edere
662 3570 716 3610 vox
732 3552 891 3610 recitantis.
914 3570 917 3577 ·
1024 3556 1067 3614 lit
1081 3561 1181 3614 custos
1196 3555 1308 3613 olerum
1324 3555 1441 3629 lugiens
1456 3552 1574 3627 fastigia
1589 3569 1703 3620 rerum,

142 3646 215 3703 Nam
230 3645 312 3703 cacis
325 3646 432 3713 visum,
448 3645 562 3702 claudis
578 3660 661 3716 prece
681 3644 802 3701 reddere
815 3642 912 3699 nisum
1023 3644 1161 3703 Gaudons
1175 3648 1258 3702 curat
1273 3643 1337 3702 olus
1352 3661 1411 3718 quo
1427 3642 1520 3718 possit
1535 3641 1643 3716 degere
1659 3641 1760 3711 solus,

142 3735 312 3791 Sermonem
326 3734 425 3799 rantis,
438 3750 540 3790 nervos
561 3733 695 3806 paralyse
709 3733 826 3801 solutis,
1023 3735 1224 3796 mistura
1239 3732 1339 3808 procul
1356 3750 1373 3790 a
1387 3733 1521 3791 turbiset
1534 3731 1762 3804 cognitionibus
1778 3731 1853 3791 urbis

144 3823 271 3880 Auribus
287 3821 429 3889 ablatum,
445 3821 523 3879 vocis
539 3839 667 3880 reserare
682 3829 826 3892 meatum,
1022 3825 1074 3882 Vir
1088 3833 1194 3883 sancta
1209 3825 1298 3881 sortis
1311 3822 1416 3880 merito
1430 3826 1562 3878 versatur
1579 3821 1608 3876 in
1624 3820 1738 3889 bortis,

144 3911 336 3968 Dmundsndo
349 3915 444 3968 autern
461 3911 546 3984 lepra
560 3913 691 3969 conterre
706 3912 842 3972 salntem.
1023 3914 1136 3972 Haraat
1150 3919 1182 3972 ut
1198 3915 1288 3971 monti
1303 3912 1380 3984 quod
1392 3913 1433 3968 sit
1446 3910 1529 3968 locus
1543 3909 1593 3968 bie
1610 3912 1816 3983 monumenti,

143 4001 216 4058 Tam
233 4000 289 4057 init
300 4001 369 4058 boio
382 4017 508 4074 pronum
523 4018 611 4075 quam
627 4018 754 4075 presens
774 4005 889 4062 tradere
917 4006 969 4063 do·
1026 4006 1064 4061 De
1079 4021 1135 4076 quo
1149 4003 1275 4061 surrexit
1288 4001 1339 4072 qui
1353 4017 1385 4059 se
1400 4017 1490 4074 snpsr
1504 4000 1612 4056 athera
1627 4000 1719 4057 vexit.

834 4093 917 4165 [num
1024 4093 1098 4150 Dum
1114 4092 1184 4150 latet
1198 4108 1267 4166 ergo
1283 4091 1353 4149 ioris
1369 4090 1539 4165 longinquis
1554 4087 1637 4146 exsul
1651 4089 1684 4145 in
1699 4091 1763 4148 oris

147 4180 243 4254 lpsiua
259 4180 374 4238 meritis
388 4180 515 4255 spoliato
529 4196 645 4238 carcere
660 4181 731 4238 ditia
1024 4181 1195 4239 Planctibus
1211 4180 1365 4238 immensis
1381 4177 1607 4254 populusgemit
1617 4178 1855 4252 andegavensis,

144 4275 257 4328 Mortua
274 4270 425 4344 preterita
442 4275 511 4328 aunt
523 4286 644 4345 corpora
659 4270 774 4329 reddita
785 4273 862 4330 vita.
1024 4272 1082 4329 Ceu
1097 4272 1166 4329 data
1182 4271 1278 4343 prada
1292 4269 1384 4343 lupis,
1400 4268 1445 4326 vsl
1460 4284 1512 4325 osu
1524 4267 1588 4324 aino
1602 4268 1721 4341 remigo
1736 4269 1854 4343 puppis.

145 4365 241 4418 Pauca
254 4371 354 4418 tamen
370 4361 506 4430 referam,
523 4377 590 4417 cum
606 4361 691 4418 tedia
707 4361 814 4433 pellere
829 4378 968 4435 queram.
1024 4361 1078 4417 Sed
1094 4359 1232 4417 desolatis
1247 4359 1392 4431 impendit
1408 4373 1492 4430 opem
1508 4357 1626 4429 pietatis

176 4446 264 4506 blane
278 4448 355 4505 Petri
371 4449 466 4506 sancti
482 4450 517 4506 de
533 4448 652 4507 basilica
667 4451 810 4522 redeunti,
983 4444 1009 4508 D
1023 4450 1164 4508 Summus
1177 4449 1329 4507 Pastorum
1346 4447 1457 4504 rabiem
1472 4445 1637 4502 cohibendo
1652 4444 1812 4518 luporum.

147 4543 209 4607 Qua
222 4539 292 4614 vigil
309 4540 474 4596 insomnem
490 4550 603 4596 noctem
620 4540 779 4598 deduxerat
793 4558 922 4611 omnem,
1025 4545 1139 4598 Interea
1150 4539 1251 4596 multia
1266 4543 1385 4595 ostensa
1399 4552 1503 4610 sopore
1518 4534 1656 4608 sepultis,

145 4633 243 4686 tlacus
258 4630 301 4685 sic
316 4635 404 4685 natus
420 4628 474 4684 luit
497 4629 610 4699 obvius,
627 4637 730 4702 estque
746 4637 881 4703 precatus
1024 4631 1176 4688 Dimidium
1193 4645 1266 4704 pago
1283 4633 1426 4686 nocturna
1442 4625 1570 4684 minatur
1583 4624 1701 4698 imago,

28 4706 32 4711 ’
145 4718 232 4774 Lucis
256 4723 288 4773 ut
313 4719 452 4776 obtusum
468 4718 560 4790 captis
576 4720 658 4775 daret
672 4720 793 4777 orbibus
809 4738 905 4780 usum.
1024 4722 1057 4776 Ni
1073 4721 1173 4778 redeat
1187 4723 1308 4777 sanctus
1324 4720 1451 4776 reserans
1467 4717 1570 4774 solatis
1581 4715 1740 4788 planctus,

143 4806 266 4864 Nescius
281 4808 331 4862 ille
347 4824 445 4879 morse,
459 4824 581 4879 sparsus
593 4814 691 4866 tamen
709 4827 759 4867 ora
774 4813 890 4882 rubore,
1024 4813 1116 4880 Quem
1128 4810 1213 4883 jubet
1227 4809 1339 4883 exquiri
1354 4809 1447 4865 donee
1461 4805 1555 4863 valeat
1570 4805 1708 4878 reperiri.

144 4895 248 4970 Utpote
260 4895 371 4968 vulgari
386 4897 436 4968 qui
453 4896 544 4954 nollet
559 4914 627 4955 voce
643 4899 768 4972 probari,
1024 4905 1111 4958 Paret
1126 4900 1275 4957 mandatis
1290 4903 1449 4977 conventus
1467 4893 1650 4964 nobilitatia;

143 4986 211 5041 illox
225 4989 257 5041 ut
272 5001 337 5040 eum
354 4986 461 5057 signat,
476 5004 546 5043 crux
561 4986 675 5045 lumina
698 4990 798 5046 clausa
827 4992 968 5065 resignat,
1024 4987 1250 5060 Quatuoraiecti
1264 4992 1421 5045 censentur
1437 4989 1467 5041 et
1481 4984 1551 5041 urbe
1567 4983 1708 5056 proiecti,

142 5076 190 5132 Sol
207 5091 300 5131 novus
317 5074 426 5141 illuxit,
443 5077 583 5148 quianon
607 5095 673 5135 eum
701 5082 845 5151 sanguine
874 5081 968 5139 Duxit.
1024 5083 1160 5149 Quaerant
1175 5083 1343 5151 patronum,
1361 5076 1423 5133 laea
1437 5075 1585 5131 circueant
1600 5074 1783 5146 regionum,

179 5164 250 5221 Rern
265 5165 439 5221 sacramenti
455 5164 526 5221 dum
541 5170 646 5222 tractat
662 5167 727 5224 luce
743 5171 875 5242 sequenti
1024 5170 1083 5228 Neo
1097 5169 1185 5225 linem
1201 5172 1294 5241 coepto
1311 5172 1420 5239 ponant
1434 5163 1493 5220 nisi
1508 5168 1591 5236 patro
1606 5169 1730 5236 recepto
1743 5183 1751 5234 ;

139 5257 249 5311 Astsns
264 5253 350 5311 altari
367 5270 431 5311 mos
445 5260 487 5310 eat
502 5253 552 5310 ubi
568 5257 737 5329 sacrificari,
1023 5261 1151 5317 assensu
1169 5257 1263 5330 plebis
1278 5260 1416 5328 sumptus
1430 5257 1628 5312 numerantur
1643 5252 1798 5325 ephebis3

143 5344 216 5402 liceo
230 5350 310 5401 metu
322 5343 426 5401 mortis
443 5343 592 5415 lacrymis,
606 5351 689 5403 stans
705 5354 808 5418 mater,
824 5351 935 5411 obortis
1023 5350 1126 5407 'l'srras
1139 5346 1324 5423 pervolitant,
1340 5361 1393 5404 nec
1407 5346 1490 5414 dura,
1507 5358 1561 5401 neo
1575 5356 1684 5414 aspera
1700 5342 1804 5401 vitant

143 5431 213 5489 Orat
224 5450 275 5506 pro
291 5437 359 5491 nato
372 5432 470 5491 subito
486 5430 628 5505 languore
642 5442 762 5509 gravato
1024 5438 1117 5498 Urbes
1131 5439 1311 5504 scrutantur,
1327 5452 1379 5510 per
1392 5449 1477 5508 agros
1492 5431 1639 5505 villasque
1654 5437 1821 5506 vagamur,

138 5516 176 5577 Ut
193 5521 249 5578 sibi
267 5527 334 5595 post
349 5523 458 5578 lootem
476 5520 629 5591 consignet
643 5522 802 5584 chrismata
830 5530 969 5604 frontem,
1023 5527 1081 5585 Neo
1096 5533 1195 5584 tamen
1211 5529 1332 5600 apparet
1346 5521 1488 5597 quesitus
1503 5520 1554 5579 obi
1570 5520 1728 5594 latitaret;
