3802 6030
145 175 226 243 1489
626 169 842 236 damnus
865 168 1118 234 sacertodes
1140 172 1369 238 EPiSGOPUS.
1782 180 1858 243 lldb

145 310 359 401 tepidarium
379 307 548 377 llsrbodi.
568 309 638 375 Nos
653 311 775 374 autem
792 304 925 463 duplex
937 324 1027 395 opus
1039 305 1164 375 sedulo
1180 307 1419 386 contulimus,
1437 310 1473 378 et
1486 307 1703 379 invenimus
1721 332 1856 403 poema

145 402 285 472 codicis
303 405 423 468 'l'uron
456 402 608 485 metrop.
636 416 711 464 non
727 416 806 463 esse
825 417 843 463 e
861 393 1046 483 egiacum,
1064 397 1125 463 sed
1144 396 1412 477 hexametrum,
1443 399 1668 490 omninoque
1696 422 1853 475 concors

147 512 234 561 cum
254 510 361 578 opere
381 486 554 567 llarbodi,
576 485 703 554 editoe
723 485 825 553 Dom.
854 489 989 552 Anien.
1018 486 1267 573 Beaugendre.
1286 488 1426 568 Noster,
1448 493 1571 556 autem
1592 490 1721 569 codex,
1741 513 1852 582 quem

148 578 334 668 ignoravit
352 577 469 645 editor
485 575 754 652 Benedictinus,
773 579 826 643 est
846 576 994 660 optimae
1009 578 1116 650 nolae,
1137 575 1325 665 multoque
1345 577 1502 667 amplior
1516 579 1642 647 codiee
1661 582 1853 667 Mojoreta·

147 690 207 739 no.
225 688 297 758 quo
318 666 379 735 ille
396 687 483 735 usus
498 670 563 733 est.
581 666 641 733 Sic
662 665 699 732 in
717 665 837 752 capite
852 667 896 733 30
924 670 971 733 De
996 667 1182 735 Geruchite
1208 665 1298 733 duos
1327 669 1530 753 reperimus
1546 669 1747 738 versiculos
1764 692 1853 741 non·

146 758 235 828 dum
252 759 454 845 evulgatos.
474 761 511 822 ln
528 755 646 844 cupite
663 761 784 822 autem
802 756 843 822 19
860 757 907 821 De
921 763 1081 840 oruqnete
1102 752 1274 824 mendose
1295 756 1478 826 scribitll.
1498 759 1737 849 Besugeudre
1756 782 1765 828 ε

447 846 504 907 Est
519 847 569 905 cui
580 851 700 905 naturai
715 845 843 905 uicinum
859 844 963 904 tollere
975 852 1102 922 ter-rum,

146 927 235 997 dum
257 927 293 995 in
312 947 378 994 ms.
396 926 523 995 codice
544 933 640 993 recte
656 924 789 1013 legitur
811 947 818 991 ε
839 929 882 992 Et
902 926 937 991 oi
950 935 1097 992 nature.

192 1018 242 1084 hd
259 1038 340 1107 cap.
361 1019 375 1082 l
394 1024 441 1087 De
454 1018 641 1084 adamante
659 1020 780 1082 notam
800 1014 1017 1102 protulimus
1032 1034 1075 1081 ex
1094 1013 1292 1104 Theophilo
1310 1015 1503 1097 monacho,
1522 1037 1594 1106 qua
1608 1016 1716 1088 facile
1747 1040 1847 1111 qure-

147 1106 234 1176 dam
255 1105 365 1174 verba
387 1106 558 1192 ambigua
576 1109 639 1172 aut
655 1104 744 1172 l'orte
769 1103 980 1171 obscuriora
997 1101 1101 1171 laeile
1121 1106 1378 1191 explanantur.

193 1196 370 1286 Denique,
388 1200 468 1283 post
482 1196 714 1281 Lapr'durzem
728 1192 902 1275 Marborli,
916 1197 988 1260 tres
1006 1191 1174 1261 dedimus
1193 1192 1354 1276 chartas,
1372 1215 1528 1282 quarum
1551 1196 1650 1286 prior
1670 1219 1714 1267 ex
1731 1199 1848 1269 Histo-

149 1285 203 1355 ria
220 1306 289 1354 ms.
312 1285 457 1373 Majoris
479 1282 688 1351 Monasterii
710 1302 820 1371 prope
850 1284 1023 1358 Turones,
1050 1286 1199 1352 auctore
1228 1287 1329 1352 Dom.
1360 1284 1461 1353 hum.
1484 1286 1675 1366 Martenio,
1698 1293 1787 1357 torn.
1807 1293 1845 1368 ll,

148 1397 184 1465 p.
200 1378 256 1457 58,
278 1372 515 1464 depromitur,
538 1372 715 1462 posterior
733 1392 873 1440 veroex
907 1370 1057 1440 Schedis
1095 1374 1197 1440 Dom.
1230 1373 1372 1442 Moricii
1401 1380 1488 1442 tom.
1521 1378 1845 1464 haeredatur.

147 1466 343 1536 Britannia>
356 1486 370 1546 ,·
386 1462 544 1543 tertiam,
567 1482 678 1552 quam
696 1460 844 1530 nonnisi
866 1463 946 1550 post
964 1459 1168 1530 absolutam
1185 1461 1349 1532 Morbodi
1367 1462 1627 1553 opusculorum
1649 1465 1848 1538 editionem

149 1552 278 1622 habuit
298 1556 338 1620 l).
361 1550 610 1639 Bcaugendre,
629 1550 724 1618 notis
745 1553 785 1618 D.
803 1548 961 1652 Loyaute
977 1550 1182 1640 subjecerat
1197 1573 1231 1640 p.
1248 1554 1304 1620 59.

193 1645 220 1712 ι.
238 1642 432 1711 Marhodus
447 1641 639 1730 episcopus
658 1639 886 1709 Redonensrs
903 1639 1029 1728 Majori
1054 1641 1270 1710 Monasterio
1286 1641 1396 1711 donat
1433 1641 1629 1714 ecclesiam
1658 1644 1846 1716 Aieuciaci

152 1733 188 1801 ιι
201 1730 396 1800 dimidium
412 1729 682 1833 presbyteratus
701 1727 865 1799 ecclesia
881 1728 1098 1799 Martiniaci.

197 1824 240 1891 ll.
259 1820 422 1889 Marhodr
441 1818 668 1887 ltedonensis
687 1819 847 1909 episcopi
882 1818 1034 1907 epistola
1054 1839 1119 1909 pro
1135 1821 1358 1889 monasterio
1374 1824 1408 1889 S.
1427 1820 1543 1909 Sergii
1558 1823 1848 1913 andegavensis.

197 1912 255 1979 ill.
272 1908 435 1979 Marhodi
460 1908 684 1977 ltedonensis
717 1907 879 1998 episcopi
909 1908 1134 1998 chartaque
1165 1909 1358 1978 ecelesiam
1393 1913 1428 1979 S.
1456 1912 1578 1981 Merite
1594 1913 1849 1992 Vitreiensem,

154 1998 279 2088 ejectis
295 2000 357 2089 qui
374 1999 424 2068 ibi
439 1998 632 2085 degebant,
647 1997 864 2066 inordinatis
880 1998 1084 2074 canonicis,
1103 2020 1257 2088 quorum
1277 1999 1356 2069 loeo
1372 2000 1574 2070 monachos
1596 2004 1851 2074 Benedictinos

150 2087 322 2247 (iinslituit,
344 2086 538 2157 monachis
554 2090 589 2155 S.
609 2087 754 2157 Melanii
770 2108 856 2156 cum
877 2087 1043 2177 pluribus
1070 2088 1151 2157 aliis
1178 2088 1344 2158 eeclesiis
1360 2093 1394 2158 et
1408 2092 1700 2179 possessionibus
1715 2115 1850 2163 conce·

175 2178 214 2249 it.

349 2267 566 2348 Turonihus,
581 2264 640 2335 die
660 2270 702 2337 13
722 2267 924 2356 Septembr.
947 2266 985 2334 in
1000 2265 1089 2336 testo
1109 2270 1144 2336 S.
1163 2266 1309 2344 uiderit,
1336 2269 1558 2338 Turonensis
1576 2269 1741 2362 episcopi

701 2360 786 2424 J.·J.
806 2354 1001 2431 Bouanssd,
1020 2378 1103 2424 can.
1127 2356 1220 2425 liccl
1234 2362 1383 2444 Metrop.
1401 2361 1534 2427 Toron.

149 2492 1851 2727 mom

191 2762 655 2838 1871·1878AEquumest,
675 2759 824 2820 benevola
841 2761 949 2829 lector,
968 2764 1003 2820 ut
1016 2759 1056 2820 de
1072 2760 1131 2820 hac
1156 2779 1237 2821 nova
1260 2780 1354 2839 qrram
1371 2762 1557 2825 exhibemus
1582 2765 1727 2827 Marbodi
1747 2770 1851 2833 Redo-

151 2841 257 2904 neusis
271 2841 412 2920 episcopi
426 2842 562 2902 editione
578 2841 634 2901 tihi
651 2841 802 2900 rationem
819 2842 998 2901 reddamus.
1015 2840 1193 2920 etquidem
1212 2843 1310 2903 nostri
1326 2844 1427 2921 primo
1444 2845 1544 2905 luerat
1564 2846 1698 2908 instituti
1724 2851 1851 2912 solave·

152 2922 302 2984 nerahilis
319 2922 489 2983 Hildeberti
506 2941 603 3000 opera
619 2940 684 2982 suae
700 2921 745 2981 illi
762 2921 835 2987 luci,
853 2939 947 3000 quam
964 2922 1038 2981 olim
1055 2923 1155 2999 potita
1172 2924 1306 2994 luerent,
1323 2932 1476 3002 quantum
1495 2926 1575 2987 vires
1599 2934 1631 2987 et
1656 2931 1760 2990 media
1775 2950 1849 3010 sup·

153 3010 307 3083 peterent,
324 3002 539 3064 emendatiora
555 3003 684 3063 reddere
703 3021 711 3074 ς
729 3020 786 3062 ιιι
802 3002 884 3061 ultra
900 3002 1046 3080 progredi
1061 3002 1237 3064 suadebant
1252 3011 1283 3064 et
1298 3006 1400 3065 aetatis
1417 3007 1621 3083 provectioris
1637 3008 1850 3090 incommoda,

154 3090 185 3146 et
201 3084 485 3159 manuscriptorum
503 3083 642 3144 llarbodi
659 3083 772 3143 raritas
789 3099 796 3154 ;
813 3088 857 3153 et,
874 3090 908 3142 ut
923 3082 1057 3159 ingenue
1074 3083 1184 3155 fatear,
1210 3084 1434 3162 ignoscendum
1456 3087 1531 3147 salis
1556 3093 1763 3163 octogenario
1790 3094 1853 3154 seni

152 3164 273 3243 requiei
291 3164 422 3225 tantillae
438 3166 478 3225 ad
494 3164 623 3224 alterius
639 3164 710 3225 vizae
728 3163 990 3242 praeparationem
1016 3163 1158 3225 dicandae
1185 3165 1386 3225 desiderium.
1413 3167 1527 3226 Verum
1540 3185 1609 3227 cum
1628 3170 1851 3249 inexpeuden·

154 3244 202 3307 dis
217 3244 392 3306 Hildeberti
409 3244 507 3305 nostri
523 3247 561 3304 ad
580 3247 810 3322 manuscriptos
834 3244 956 3303 codices
980 3261 1077 3322 supra
1101 3245 1313 3322 quadraginta
1337 3245 1608 3308 lucubrationibus
1639 3253 1808 3313 nonnullas
1822 3254 1851 3313 in

154 3325 344 3406 quibusdam
362 3326 489 3386 illorum
506 3325 806 3404 deprehenderimus
822 3323 1023 3398 intermistos,
1040 3343 1110 3402 qum
1129 3327 1268 3385 llnrbodi
1284 3333 1387 3385 esseut
1405 3343 1412 3395 ;
1430 3334 1460 3387 et
1477 3331 1541 3388 viee
1557 3348 1744 3393 vertacum
1760 3353 1854 3413 opus·

154 3407 227 3468 cula
242 3406 388 3468 Morbodi
404 3408 571 3472 discutere,
589 3415 619 3465 et
635 3406 674 3464 ab
692 3405 913 3465 hildebertinis
928 3422 1089 3465 secernere
1104 3405 1194 3465 nobis
1209 3407 1324 3481 serdus
1341 3409 1512 3468 necessitas
1523 3408 1728 3481 incubuisset,
1740 3416 1852 3474 sensim

154 3487 222 3549 sine
238 3507 330 3546 sensu
347 3494 394 3548 lot
409 3489 499 3546 nohis
514 3488 704 3563 obtigerunt,
724 3492 757 3545 ut
773 3504 811 3544 ax
828 3503 889 3544 una
907 3492 994 3562 parte
1011 3485 1134 3545 nonnisi
1150 3488 1319 3546 admodum
1337 3506 1419 3555 aegre
1438 3491 1590 3549 terremus
1614 3493 1640 3550 si
1665 3510 1702 3552 eu
1733 3494 1853 3554 incuria

157 3574 266 3628 nostra
282 3567 462 3645 reipublieae
479 3567 638 3627 litterariae
655 3570 809 3635 deessent,
825 3573 857 3623 et
872 3584 909 3624 ert
925 3565 1025 3625 ultera
1041 3566 1131 3627 nohis
1146 3567 1254 3642 aliona
1270 3587 1341 3645 spes
1356 3569 1469 3628 obtuta
1486 3570 1579 3630 luerit
1595 3591 1657 3631 non
1692 3573 1851 3653 ingratum

158 3650 238 3709 torte
255 3646 322 3706 lore
340 3647 481 3725 pluribus
497 3646 653 3717 litteratis,
670 3645 695 3703 si
712 3647 759 3704 vel
776 3665 793 3705 e
809 3646 916 3723 paucis
932 3664 1011 3723 qtros
1027 3645 1116 3707 nobis
1133 3645 1269 3724 reperire
1290 3648 1423 3723 contigit
1446 3651 1591 3711 Mnrbodi
1617 3657 1851 3734 manuscriptis,

158 3728 207 3787 rel
223 3745 240 3786 e
254 3725 439 3786 collectione
453 3746 560 3787 eorum
578 3725 645 3804 ejus
661 3726 897 3800 opusculorum,
913 3744 985 3804 quae
1002 3727 1115 3802 passim
1133 3748 1149 3784 a
1167 3728 1261 3788 variis
1276 3731 1457 3789 auctoribus
1472 3732 1554 3790 edito
1572 3732 1709 3801 lucrant,
1728 3754 1852 3796 accure-

159 3807 273 3868 tiorem
290 3806 490 3884 aliquatenus
505 3813 536 3867 et
551 3807 736 3883 ampliorem
753 3806 922 3866 editionem
941 3807 1080 3884 prolerre
1096 3825 1292 3879 conaremur,
1314 3829 1408 3887 qtram
1437 3829 1508 3883 oure
1532 3813 1606 3871 olim
1633 3831 1651 3873 e
1679 3815 1853 3877 lledonensi

160 3884 248 3967 prelo
265 3885 421 4025 vpteribus
435 3885 668 3947 characteribus
685 3888 854 3964 prodierat,
875 3895 905 3947 et
920 3885 1010 3966 cujus
1026 3887 1119 3948 etiam
1137 3889 1331 3969 exemplaria
1348 3892 1509 3952 turesino
1521 3891 1599 3971 jum,
1616 3911 1653 3953 ac
1669 3913 1753 3973 pene
1769 3899 1852 3957 nulla

157 3985 192 4029 rs
216 3967 280 4027 erie
305 3974 407 4027 antur.

195 3987 237 4108 fiit
252 4065 325 4107 vero
341 4045 506 4107 consilium
523 4046 583 4107 hoc
599 4058 739 4106 nostrum
756 4066 818 4108 non
834 4047 935 4108 solum
952 4065 1015 4107 non
1030 4046 1249 4127 improbavere
1265 4049 1322 4110 viri
1339 4051 1420 4110 in'er
1436 4051 1590 4113 litteratos
1613 4055 1786 4131 primatum
1803 4055 1853 4118 ob·

158 4129 305 4199 tinentes,
323 4146 429 4188 verum
447 4129 486 4187 nd
502 4128 578 4188 illud
596 4128 788 4188 exsecutioni
807 4130 1018 4187 nrandandum
1037 4129 1195 4188 benevolis
1206 4131 1478 4191 cohortationibus
1504 4134 1673 4210 plurimum
1700 4139 1850 4198 accende·

158 4216 243 4272 runt.
261 4210 378 4271 Horum
395 4227 470 4268 sane
487 4211 662 4286 praecipuus
679 4209 745 4280 luit,
764 4210 816 4289 qui
836 4217 881 4269 tot
896 4209 936 4268 ab
952 4209 1043 4268 annis
1059 4209 1152 4288 regioe
1169 4219 1209 4267 ιιι
1221 4214 1292 4287 ique
1312 4214 1495 4281 tendenuae,
1514 4215 1553 4273 ad
1569 4216 1654 4275 orbis
1678 4224 1801 4296 stupor·
1813 4236 1852 4291 m,

158 4290 337 4371 praecipuus
354 4297 464 4367 praeest
480 4290 678 4349 doctissimus
693 4299 723 4348 et
739 4300 784 4349 tot
801 4290 897 4349 titulis
914 4290 1140 4349 illustrissimus
1156 4288 1259 4345 1870
1279 4290 1382 4347 1880
1398 4293 1495 4352 abbas
1511 4294 1694 4372 bignonius,
1710 4298 1766 4375 qui
1782 4300 1854 4358 dum

157 4373 300 4449 ingenita
315 4372 373 4430 sihi
389 4372 547 4441 comitate,
566 4377 596 4430 ct
614 4369 810 4430 htererlituria
834 4371 874 4428 ab
900 4370 1000 4429 atavis
1027 4370 1057 4430 in
1083 4371 1241 4438 studiosos
1266 4389 1375 4429 ‹rrunes
1402 4374 1629 4440 benevolentia,
1662 4387 1788 4440 nostros
1816 4379 1853 4439 ιιι

159 4452 281 4512 edenda
295 4452 468 4512 llildeherti
483 4469 578 4529 opera
594 4457 724 4511 conatus
739 4470 757 4508 a
774 4451 863 4510 nubis
879 4452 1045 4528 acciperet,
1062 4459 1093 4512 et
1108 4457 1253 4526 acceptos
1269 4451 1384 4511 hahere
1400 4454 1592 4529 dignaretur,
1605 4466 1749 4519 nostrum
1766 4460 1856 4521 etiarn

162 4532 200 4592 de
218 4533 401 4610 evulgandis
413 4531 554 4592 llarbotli
570 4531 729 4609 rrrruseulis
745 4531 919 4591 institutum
937 4536 1014 4591 adeo
1031 4531 1164 4608 benigue
1179 4534 1356 4602 gratulatus
1381 4542 1439 4605 est,
1470 4543 1579 4596 utnon
1598 4539 1740 4599 modicos
1757 4541 1854 4610 nobis,

161 4612 211 4673 rel
228 4613 469 4690 trepidantibus,
487 4614 525 4671 ad
543 4612 574 4672 id
591 4612 836 4689 aggrediendum
855 4612 977 4671 suimus
993 4612 1132 4673 adderet.
1151 4619 1219 4682 oua
1248 4613 1407 4690 potuimus
1438 4632 1512 4691 ergo
1542 4617 1716 4695 diligentie,
1743 4622 1783 4682 ds
1805 4620 1855 4681 Dei

163 4692 285 4755 auxilio
301 4693 422 4763 conlisi,
439 4710 560 4752 necnon
577 4694 749 4752 amicorum
766 4692 915 4763 subsidio,
933 4710 1012 4770 quos
1028 4692 1117 4752 nohis
1134 4710 1261 4751 manum
1277 4693 1462 4770 adjutricem
1480 4715 1541 4756 non
1558 4699 1772 4776 derregatoros
1788 4718 1856 4780 spe·

161 4774 311 4845 ravimus,
329 4775 367 4833 ad
387 4774 595 4851 perquirenda
611 4791 858 4851 quaquaversus,
875 4771 939 4833 sive
953 4773 1050 4842 edite,
1066 4772 1130 4832 sive
1145 4773 1263 4833 inedita
1279 4773 1420 4834 lllarbodi
1436 4794 1545 4853 opera,
1563 4796 1619 4838 nos
1648 4780 1852 4842 accinximus.

201 4855 241 4914 lit
254 4855 408 4914 editorum
425 4854 552 4932 quidem
568 4853 661 4914 simul
677 4853 880 4913 collectorum
895 4852 1089 4930 exemplaria
1116 4853 1195 4914 odeo
1225 4872 1296 4913 rara
1322 4855 1598 4931 deprehendimus,
1626 4864 1662 4918 ut
1675 4860 1777 4939 (quod
1796 4862 1852 4923 mi·

161 4934 244 5012 rum)
257 4933 287 4992 in
304 4935 371 5012 ipsa
388 4933 463 4994 urbe
480 4934 669 5005 Redonensi,
683 4936 766 4994 unde
783 4933 883 5012 primo
899 4933 1089 5009 prodierant,
1108 4952 1164 4995 nec
1177 4952 1272 4993 unum
1284 4934 1410 5012 qui-lem
1422 4936 1563 4999 invenire
1575 4942 1784 5015 potuerimus,
1801 4951 1855 5004 ιιι

160 5013 361 5073 bibliothecis
375 5014 450 5090 ipsis
466 5014 701 5083 l’arisiensihus,
719 5014 766 5074 rel
784 5015 877 5073 etiarn
899 5013 1153 5075 instructioribus
1177 5033 1256 5091 quas
1272 5016 1402 5075 scrutati
1419 5036 1538 5089 sumus,
1557 5020 1683 5080 unicum
1709 5022 1855 5084 editionis

160 5094 300 5173 preelnlae
320 5093 519 5160 ltedononsis,
536 5093 568 5152 in
586 5093 776 5154 bibliotheca
792 5093 915 5171 collegii
932 5093 1108 5154 lllazarioaei
1124 5095 1305 5171 reperimus,
1328 5096 1412 5172 qoud
1431 5097 1521 5158 nobis
1540 5100 1774 5163 eruditissimus
1792 5103 1857 5182 ejus

159 5175 327 5254 praetectus
342 5178 378 5236 D.
391 5174 511 5244 Cellae,
528 5175 638 5235 ductor·
653 5176 855 5244 Sorlronicus‚
877 5175 1112 5252 perhumaniter
1139 5176 1362 5247 commodavit,
1376 5176 1405 5236 in
1432 5196 1494 5256 quo
1515 5180 1639 5241 nonnisi
1661 5184 1807 5259 metrica,
1830 5188 1860 5245 st

160 5273 213 5314 sex
225 5254 366 5332 epistulae
381 5254 439 5314 sub
451 5254 543 5314 tinem
560 5256 760 5315 eontinentur
776 5275 784 5327 ς
803 5273 872 5332 qrroe
888 5256 1012 5333 qrridern
1030 5254 1136 5313 omnia
1151 5261 1189 5315 ad
1207 5256 1299 5316 tidem
1311 5259 1450 5334 epuloque
1462 5262 1764 5336 manuscriptorum,
1781 5282 1857 5339 «suos

160 5337 212 5395 vix
227 5354 244 5394 e
259 5335 353 5395 variis
369 5335 444 5395 locis
458 5339 649 5413 excepimus,
668 5354 827 5396 recensere
844 5337 933 5394 uobis
944 5353 1027 5396 curce
1044 5336 1111 5395 tuit.
1128 5335 1161 5395 ln
1175 5336 1262 5397 nudo
1279 5345 1381 5397 tumen
1394 5355 1431 5399 ex
1449 5338 1637 5416 ipsisomoia
1650 5345 1859 5406 contimban·

161 5421 214 5475 tur
231 5417 369 5477 llarbodi
384 5419 547 5491 oprrscula,
565 5419 616 5477 sed
634 5418 725 5493 quaed
737 5437 776 5474 ·m
788 5424 909 5474 tantum
923 5416 952 5474 in
971 5434 1043 5484 uuo,
1062 5418 1206 5493 quasdam
1223 5417 1254 5475 in
1267 5417 1376 5477 altero.
1390 5419 1478 5481 Unde
1493 5438 1567 5481 sane
1580 5422 1612 5481 in
1627 5440 1738 5485 eorum
1757 5444 1858 5488 recen·

163 5496 250 5556 sione
267 5515 328 5557 non
348 5499 487 5558 modicus
504 5498 592 5557 nobis
608 5497 751 5556 incubuit
766 5496 867 5565 labor,
883 5497 958 5555 dum
979 5496 1017 5555 ad
1035 5501 1139 5556 textus
1163 5495 1414 5558 emendationem
1437 5500 1549 5577 saepius
1565 5520 1663 5563 unum
1691 5506 1822 5569 volvere
1834 5510 1864 5567 et

164 5578 323 5640 revolvere
337 5577 492 5659 compulsi
505 5596 626 5638 sumus.
642 5580 762 5637 Paucas
778 5583 893 5648 tamen,
910 5582 965 5637 aut
983 5583 1067 5637 certe
1080 5577 1130 5638 virt
1146 5576 1309 5656 cujusdam
1336 5581 1484 5640 momenti
1505 5586 1609 5644 tortus
1625 5582 1819 5651 variationes
1831 5589 1862 5650 in

160 5653 223 5720 ittts
233 5659 435 5733 advertimus,
453 5675 587 5737 quarum
601 5655 941 5738 precipuetusruntsa
954 5672 1026 5737 quvs
1040 5655 1072 5720 in
1086 5656 1195 5720 libello
1206 5657 1438 5723 decoramentis
1445 5660 1601 5725 ιινιινιιιιι
1618 5674 1861 5751 emer-sunt,
