3802 6030
90 241 169 308 tube

638 237 815 300 hihltBOlll
838 235 1086 302 auuonuusts
1108 237 1287 301 utuscopt

1727 226 1802 293 teet

89 336 343 448 Moxquetubente
356 374 422 439 lieo,
439 374 570 429 mutetur
580 371 699 445 lympha
709 370 772 428 loco
784 372 815 444 [t.
829 368 916 447 lieol,
928 369 959 439 Α
970 365 1083 445 Quippe
1097 370 1267 428 columbino
1283 371 1354 439 istu,
1369 366 1414 425 ret
1430 370 1541 425 turture
1555 366 1643 435 bino,

92 465 196 525 1569
213 463 248 520 tlt
261 478 336 519 nova
349 459 394 517 lex
410 465 538 518 veterem
554 465 674 534 superet
689 465 808 535 gustata
822 476 913 533 sepo-

758 548 841 621 [rem

89 648 272 704 consuevere
285 640 376 714 premi
389 640 483 697 tusuri
495 639 562 696 vine
572 638 678 696 racemi
691 659 699 708 ς

967 459 984 516 J
988 476 1059 516 ussa
1073 460 1129 517 tuit
1143 458 1246 516 redimi
1262 457 1343 532 pueri
1359 457 1506 533 generatio
1522 455 1626 529 primi.

967 546 1044 619 Ergo
1057 563 1173 619 persus,
1190 547 1241 603 sed
1256 545 1322 603 lebe
1336 560 1449 617 cerens,
1462 543 1520 601 bec
1530 542 1613 599 dona
1628 540 1751 598 ierebet
1765 557 1774 612 ;

967 635 1059 708 Gutus
1075 653 1149 693 onus
1166 652 1237 710 puer
1253 635 1301 693 itte
1315 636 1420 703 bonus,
1437 638 1512 691 Deus
1522 632 1590 707 ipse
1604 630 1740 688 nitebat.

92 734 151 790 Hoc
168 733 271 789 uirtute
287 748 362 790 nors
389 731 490 788 vinum
506 748 564 787 non
580 730 665 786 tinxit
679 730 716 786 ab
732 744 789 785 une
803 727 835 803 [s.
851 744 915 786 mox
969 730 1041 783 tum
1058 724 1202 783 tremulus
1217 727 1335 782 Simeon
1351 723 1479 791 vetulus,
1495 721 1698 795 justissimus
1715 718 1806 790 idem,

573 820 669 894 [duxit
687 818 723 875 ab
741 821 841 893 unda].

93 915 165 972 ttino
179 912 255 970 victa
270 912 345 981 sitis,
362 912 412 969 ssd
422 928 479 968 non
496 911 531 967 de
546 909 678 985 germine
692 909 769 965 vitis.

93 1004 147 1061 Vix
162 1004 245 1061 tabor
258 1003 417 1073 humanus,
434 1020 498 1060 cum
514 1001 620 1058 fertilis
636 999 741 1057 accidit
754 1015 858 1068 onnus,

91 1095 177 1154 Elicit
192 1103 252 1151 erte
270 1110 383 1151 merom
398 1094 476 1149 vario
493 1091 643 1148 molimine
657 1105 752 1146 rerum
770 1114 777 1158 ;

89 1184 180 1242 iussu
196 1183 294 1242 divino
309 1184 406 1240 subito
421 1185 504 1239 rubet
523 1182 619 1238 hidria
637 1183 714 1255 vino,

90 1273 149 1330 Neo
164 1275 297 1330 tardante
313 1288 405 1340 mora,
422 1272 453 1328 lit
467 1272 599 1344 protinus
615 1272 693 1329 unda
707 1289 821 1346 sapora.

91 1363 190 1421 (iretis
208 1368 341 1420 naturam
360 1360 506 1433 precellit,
518 1360 616 1434 jussio
631 1378 740 1421 curum.

91 1452 214 1511 Gustato
228 1452 306 1519 vino,
323 1451 429 1524 placuit
445 1466 531 1523 sapor
542 1451 750 1509 architriclino.

91 1543 145 1600 'lot
159 1542 350 1600 sacramentis
364 1540 441 1597 Deus
455 1543 558 1598 unicus
573 1542 796 1616 omnipotentis,

90 1634 215 1707 Agnitus
229 1640 274 1689 est
288 1630 384 1697 hodie,
400 1631 451 1688 sed
467 1636 496 1688 et
510 1632 686 1707 unicusipse
701 1635 810 1693 lderie.

90 1721 191 1792 Stettn,
208 1721 354 1792 columbe,
371 1735 485 1778 merum
506 1723 662 1795 perhibent
684 1724 773 1782 simut
797 1727 852 1786 hoo
866 1728 908 1789 ita

714 1816 837 1889 [verum.

88 1906 143 1964 list
157 1905 245 1962 etiem
261 1905 385 1978 dignum
400 1908 538 1977 quartum
552 1908 703 1963 contexere
718 1905 848 1981 signum,

90 2000 160 2054 Post
174 1995 243 2053 anni
258 2011 378 2053 cursum
395 1995 472 2068 quod
489 1995 556 2052 tecit
570 1995 601 2051 in
612 1996 713 2053 ordine
728 2014 857 2056 rursum.

92 2084 185 2143 ldittis
199 2085 447 2158 quinquevirum,
463 2085 519 2141 tuit
533 2085 581 2141 hio
596 2089 629 2142 ut
640 2091 744 2144 cetera
758 2087 877 2155 mirum,

91 2175 220 2232 Panibus
232 2190 266 2231 ex
280 2174 379 2248 quinis
394 2174 604 2247 pisciculisque
620 2175 696 2233 binis

92 2265 223 2331 Priverni,
239 2270 268 2321 et
283 2264 384 2321 corbes
395 2269 569 2336 supererunt
584 2265 653 2322 inde
666 2272 769 2336 quater
782 2271 851 2325 tres.

90 2356 180 2411 Plura
190 2359 391 2412 remanserunt
410 2372 499 2428 quem
516 2372 605 2428 panes
620 2356 895 2429 quioquciueruot;

91 2446 199 2504 Gorbes
214 2446 260 2502 bis
271 2462 349 2504 senae
364 2451 543 2519 superarunt
558 2448 701 2521 fragmine
712 2446 814 2520 plene.

91 2537 179 2609 Cupio
193 2537 329 2601 caelestis,
345 2553 413 2593 cum
428 2536 489 2592 vult
502 2542 590 2607 Deos,
605 2536 704 2593 inlluit
718 2536 805 2594 escis.

92 2628 140 2685 Sic
155 2628 191 2682 dc
205 2627 378 2699 fragmentis
393 2642 494 2698 posses
509 2628 589 2694 dare,
605 2626 731 2694 Christe,
746 2627 886 2683 trecentis

93 2717 232 2784 Mittitur,
248 2721 276 2771 et
292 2719 396 2789 oporte
411 2719 599 2787 superessent
615 2715 682 2771 inde
695 2720 840 2776 trecente.

94 2806 153 2863 lios
169 2803 282 2876 quoties
295 2803 421 2870 edimus,
437 2819 572 2876 reperere
587 2808 716 2861 comesto
735 2805 910 2878 nequimus:

94 2896 148 2953 Sed
165 2893 333 2966 quicunque
347 2897 438 2958 rorat,
454 2897 548 2949 totum
573 2893 754 2951 comedendo
773 2895 911 2964 minoret,

93 2986 129 3043 Et
142 2984 286 3058 quidquid
297 2984 494 3040 restatminus
507 2984 636 3051 est,dum
647 2983 774 3057 plurime
784 2990 911 3058 prestet.

92 3079 115 3132 0
130 3075 226 3131 brevis
240 3080 268 3131 et
284 3077 377 3129 metes
393 3073 507 3146 petiens
522 3072 651 3131 humane
666 3072 813 3146 potestus!

92 3164 173 3222 Ultro
187 3169 322 3220 naturam
338 3162 478 3232 nequiens
493 3165 647 3220 extendere
657 3179 768 3220 curam.

93 3260 132 3310 nt
146 3254 239 3310 virtus
254 3251 368 3309 bomini
384 3268 441 3308 uon
457 3256 501 3308 est
517 3253 640 3310 obnoxia
655 3253 718 3308 dni.

94 3346 202 3400 Auctor
217 3347 327 3398 nature
343 3340 460 3413 proprio
475 3341 541 3398 iacit
557 3343 654 3399 omnis
665 3344 743 3414 jure.

95 3433 168 3490 Nam
181 3434 265 3503 juvot
280 3430 390 3488 attendi
407 3431 474 3504 quis
489 3434 559 3486 tunc
572 3432 621 3486 tuit
640 3449 711 3489 usus
726 3432 831 3490 edendi
848 3449 855 3499 ;

96 3523 215 3594 Absque
230 3520 329 3576 labore
345 3518 427 3574 mole
443 3536 509 3576 oum
526 3523 611 3592 penis
626 3521 716 3577 crevit
728 3521 757 3577 in
774 3538 833 3592 ore,

96 3611 192 3669 Crevit
206 3615 234 3667 et
245 3611 273 3665 in
291 3609 439 3676 manibus,
450 3610 581 3680 quamvis
591 3625 643 3681 per
653 3611 749 3668 truste
758 3611 892 3668 minutus
905 3629 913 3679 ;

95 3706 154 3757 Nec
171 3715 293 3756 nunicro
307 3699 406 3768 crevit,
422 3699 472 3754 sed
487 3699 628 3756 damnum
645 3715 743 3756 messa
756 3699 887 3773 repleuih

94 3787 239 3859 Quidquid
256 3787 286 3841 iu
300 3786 355 3842 hoc
370 3786 445 3842 victu
462 3787 527 3855 tuit,
541 3791 586 3843 est
601 3787 732 3846 mirabile
748 3789 836 3847 dictu.

95 3878 209 3936 'l'urbas
224 3875 375 3948 replerunt
390 3891 489 3948 penes,
505 3880 534 3933 et
551 3877 682 3949 quinque
695 3879 827 3948 luerunt,

94 3968 158 4026 Non
173 3982 295 4022 numero
308 3963 417 4038 plures,
433 3965 483 4021 sed
500 3966 628 4038 pondere
643 3968 806 4026 lertitiorss.

95 4058 229 4116 Piscibus
241 4062 430 4132 augmentum
447 4073 500 4129 per
514 4058 639 4115 contulit
654 4076 726 4116 usus
742 4061 892 4132 edentum,

96 4147 179 4218 Quod
198 4164 254 4204 uon
271 4147 387 4215 deiecit,
405 4147 497 4204 donec
512 4163 543 4204 se
558 4147 644 4204 turbe
659 4149 768 4206 reiecit.

96 4240 144 4297 Sic
158 4255 193 4295 ex
207 4237 337 4312 quinque
347 4236 432 4295 libris
447 4239 551 4295 veteris
566 4239 712 4312 supientia
725 4240 808 4314 tegis,

98 4329 152 4385 Ore
165 4329 374 4400 magistrorum
392 4329 494 4384 turbas
509 4328 602 4384 reiicit
618 4330 813 4401 populornm3

96 4418 154 4477 Nec
164 4418 244 4490 capit
257 4418 373 4474 auditor
388 4417 530 4490 quidquid
548 4417 624 4473 valet
638 4419 723 4476 cdere
738 4419 848 4477 doctor.

967 815 1047 872 Vidit
1066 832 1144 884 eum,
1159 815 1309 888 sensitque
1324 819 1427 884 Deum,
1442 813 1519 870 sicut
1533 810 1593 869 sibi
1609 809 1736 882 pridem

967 904 1139 962 vaticinans
1154 905 1195 961 ait
1208 904 1372 961 Altitonens
1387 903 1465 976 quod
1481 917 1539 958 non
1556 903 1749 962 moreretur,

967 995 1064 1052 Donec
1074 995 1101 1052 ei
1115 1011 1237 1066 persons
1254 993 1304 1050 Dei
1321 992 1462 1067 gestende
1476 992 1611 1048 dantur.

968 1085 1104 1143 'l'endcns
1119 1100 1188 1158 ergo
1208 1100 1325 1150 manus,
1340 1082 1442 1155 recipit
1453 1097 1536 1138 sacra
1550 1079 1689 1155 pignora
1699 1094 1808 1150 mnus,

967 1173 1004 1232 Ut
1021 1178 1101 1231 tenet
1115 1174 1256 1230 tnlantem
1272 1188 1359 1245 super
1373 1176 1451 1228 sstra
1466 1170 1525 1244 poti
1538 1168 1774 1226 dominantem.

967 1263 1015 1320 Est
1030 1262 1121 1336 igitur
1133 1263 1211 1336 quod
1226 1261 1405 1334 conspicitur
1421 1257 1555 1316 mirabile
1570 1258 1704 1327 mundo,

965 1351 1108 1410 Coeticotis
1122 1357 1151 1409 et
1165 1350 1330 1425 terrigenis,
1343 1347 1531 1421 barathrique
1547 1345 1717 1419 protendo.

965 1440 1132 1515 Suscipitor
1142 1441 1192 1515 qui
1208 1456 1265 1498 non
1281 1439 1397 1513 cupitur
1410 1436 1528 1512 regione
1543 1435 1721 1507 locorum}

963 1536 1000 1589 ut
1013 1530 1136 1605 geritur,
1150 1545 1203 1603 per
1216 1545 1303 1604 qoem
1314 1527 1425 1602 geritur
1439 1527 1546 1583 domus
1565 1524 1632 1582 site
1648 1523 1804 1598 polorum.

964 1621 1117 1678 Ossnium
1132 1619 1200 1676 felix
1216 1618 1341 1676 nimium
1358 1615 1454 1673 thone
1468 1614 1660 1686 sustinuisti,

963 1710 1028 1767 tem
1044 1709 1149 1780 rediet,
1166 1725 1229 1783 que
1244 1713 1273 1764 te
1287 1707 1385 1773 satiet,
1402 1705 1556 1778 presentie
1569 1704 1704 1774 Christi,

967 1801 1071 1861 wi)
1086 1804 1157 1857 ticce
1172 1797 1311 1857 salutaris
1326 1797 1502 1871 populorum
1516 1795 1640 1854 sistitur
1654 1797 1717 1855 aria

967 1894 1092 1964 corpore
1107 1904 1138 1946 se
1152 1887 1228 1946 cetat·
1242 1886 1352 1955 tumeo,
1367 1886 1445 1960 quod
1460 1888 1566 1943 cuneta
1581 1885 1715 1944 revelat.

970 1982 1019 2039 llic
1035 1980 1201 2053 seniorque
1217 1993 1274 2036 non
1291 1975 1403 2043 metior,
1419 1991 1512 2049 neque
1527 1973 1651 2033 dulcior
1668 1975 1768 2036 nllus.

968 2071 1042 2137 Ouid
1062 2069 1115 2127 tibi
1131 2070 1180 2126 det
1194 2067 1243 2140 qui
1258 2067 1348 2125 corda
1362 2066 1440 2124 videt
1454 2065 1531 2122 Dens
1546 2063 1598 2123 itte
1613 2064 1777 2138 pusillus?

969 2161 1076 2220 Fessus
1090 2158 1131 2214 eit
1147 2175 1154 2213 ε
1170 2157 1230 2214 Sua
1245 2155 1377 2212 membre
1392 2155 1482 2212 trabit
1495 2154 1544 2211 vix
1559 2154 1692 2227 spiritus
1711 2156 1790 2215 iste:

968 2247 1102 2308 Sustinui
1118 2248 1196 2321 quod
1214 2263 1271 2303 non
1286 2245 1380 2302 merui
1395 2250 1424 2301 te
1438 2259 1566 2314 cernere,
1580 2243 1716 2315 Christe,

968 2341 1035 2399 iem
1050 2340 1124 2397 setis
1138 2342 1193 2406 est,
1208 2342 1238 2396 et
1252 2338 1293 2394 nit
1309 2341 1454 2411 superest,
1471 2335 1527 2392 nisi
1545 2351 1620 2408 pace
1637 2336 1754 2410 quistis

969 2430 1058 2489 Posse
1073 2429 1142 2499 troi,
1157 2429 1300 2503 regnique
1314 2428 1356 2484 tui
1374 2442 1497 2502 pausare
1510 2426 1622 2485 dietis.

970 2520 1051 2579 Otux
1067 2519 1253 2594 percelebris,
1266 2517 1359 2575 nullis
1375 2517 1499 2574 iucunda
1513 2515 1663 2586 tenebris,

969 2609 1054 2667 Gtera
1064 2607 1237 2666 cincindetis
1248 2608 1316 2679 (11),
1332 2606 1457 2663 stellatis
1472 2604 1609 2679 proxima
1624 2605 1714 2664 emtis
1730 2606 1739 2662 i

969 2701 1032 2765 Qua
1047 2704 1077 2754 te
1089 2697 1175 2754 laude
1191 2696 1293 2764 terem,
1309 2711 1375 2769 qne
1390 2695 1448 2751 lers
1464 2710 1515 2766 pro
1526 2692 1654 2767 Virgine
1669 2710 1770 2752 cerem

970 2789 1093 2848 Lumine
1108 2785 1278 2857 fulgentem,
1295 2785 1331 2842 de
1341 2801 1373 2841 se
1388 2800 1505 2858 quoque
1519 2782 1622 2840 lumen
1640 2783 1786 2854 alentem,

970 2877 1007 2936 Ut
1025 2876 1104 2934 dedit
1118 2875 1223 2932 intenti
1237 2874 1368 2931 Genitrix
1382 2873 1522 2930 elimenta
1534 2872 1670 2943 meanti,

969 2972 1127 3045 Propterea
1141 2968 1233 3024 turbe
1247 2971 1347 3025 nostru
1362 2966 1552 3024 modulantur
1563 2964 1594 3022 in
1612 2967 1718 3039 urbest,

970 3062 1087 3119 Etcum
1103 3057 1228 3115 lucitere
1243 3058 1404 3131 procedunt
1419 3071 1538 3113 munere
1550 3070 1640 3124 cere,

954 3151 1095 3223 Moxque
1110 3148 1242 3206 melodias
1253 3147 1368 3204 Christo
1382 3150 1467 3204 sonet
1481 3148 1568 3217 etque
1585 3145 1690 3203 Marte

968 3240 1071 3297 Omnis
1086 3239 1147 3313 agit
1161 3237 1243 3294 letas
1257 3240 1355 3311 gretes
1368 3239 1398 3294 et
1412 3251 1496 3293 sexus
1511 3238 1540 3292 et
1554 3238 1641 3307 etus,

969 3327 1142 3388 Dissimulet
1157 3325 1267 3398 nullus,
1284 3342 1338 3383 uec
1352 3325 1485 3383 dissonat
1499 3322 1571 3390 ulte,
1586 3323 1634 3381 vet
1651 3325 1736 3385 nllus
1754 3343 1763 3394 ς

969 3422 1035 3492 lpse
1049 3418 1225 3475 teuettorum
1241 3432 1312 3488 grex
1324 3416 1469 3473 innocuus
1485 3431 1647 3487 puerorum

969 3508 1072 3566 Ohvtat
1085 3506 1190 3564 intanti
1205 3506 1312 3562 testum
1328 3505 1479 3562 celebrans
1495 3504 1696 3577 properantia

968 3597 1184 3672 Virgineusque
1199 3593 1308 3652 chorus
1322 3593 1387 3661 tibi,
1401 3593 1486 3665 Virgo
1497 3592 1603 3662 bieria,
1617 3609 1750 3653 moerus

969 3685 1042 3744 Gum
1057 3683 1192 3743 simeone
1206 3699 1310 3740 senum
1324 3683 1375 3740 dat
1388 3681 1485 3739 concio
1495 3697 1613 3739 carnem
1628 3698 1796 3754 amenum,

969 3776 1079 3834 Ultime
1093 3779 1241 3831 castorum
1255 3771 1330 3844 regit
1342 3773 1423 3829 huns
1437 3770 1541 3829 choros
1555 3771 1729 3831 viduarum.

968 3867 1059 3936 selus,
1072 3864 1151 3923 ctare
1163 3863 1237 3932 dies,
1254 3862 1360 3920 merito
1375 3861 1552 3919 celeberrtne
1565 3862 1642 3931 ties„

970 3959 1068 4016 Donec
1081 3957 1113 4014 in
1128 3954 1257 4013 Ecclesia
1273 3953 1407 4029 regnabit
1420 3957 1523 4010 sancta
1537 3952 1659 4026 sophie,

971 4050 1033 4106 Lux
1047 4046 1219 4113 recedenda,
1234 4043 1309 4114 rete,
1325 4044 1431 4100 testum
1447 4042 1536 4100 decue
1551 4051 1580 4103 et
1595 4044 1742 4115 speciale.

1024 4144 1138 4201 xxvtt.
1156 4141 1323 4213 Triumphus
1330 4140 1437 4199 christi
1452 4142 1482 4198 in
1497 4141 1749 4200 nauseantem.

972 4246 1140 4302 Destructor
1153 4241 1267 4309 mortim
1283 4240 1408 4312 viteque
1421 4240 1514 4308 detor,
1533 4239 1576 4296 leo
1592 4239 1682 4297 tortis

972 4338 1127 4405 Postquam
1144 4330 1281 4403 surrexit,
1295 4329 1408 4386 'l'home
1421 4328 1586 4396 dubitante,
1603 4331 1714 4387 retexit

970 4422 1115 4495 Stigmata
1132 4418 1279 4476 clavorum
1295 4434 1394 4474 coram
1409 4433 1494 4490 grege
1508 4416 1747 4490 discipulorum,

96 4510 118 4564 0
143 4513 287 4582 quantum
305 4508 423 4577 testum,
450 4525 539 4582 quem
555 4508 662 4578 nobile,
689 4526 776 4583 quem
792 4511 918 4571 manile·
931 4491 957 4560 ἶ)
970 4511 1214 4585 Petpendumque
1229 4508 1309 4564 dedit
1322 4507 1409 4570 letus,
1423 4506 1498 4563 bibit
1511 4510 1600 4579 atque
1615 4510 1763 4579 eomedit,

733 4601 824 4673 [stum
837 4602 845 4656 t

275 4687 376 4744 XXVI.
393 4692 431 4744 De
446 4688 608 4761 itppaposte
619 4688 737 4745 Domini.

96 4775 228 4833 Scribere
242 4777 368 4834 delectat
380 4793 439 4833 rem
455 4793 518 4850 que
533 4776 582 4850 pia
597 4782 713 4849 pectore
728 4778 836 4848 tlectst,

97 4866 133 4921 lit
148 4865 268 4922 recitare
283 4866 368 4923 bonis
380 4868 461 4938 juvat
476 4870 541 4924 acte
556 4866 635 4923 senis
649 4866 805 4925 Simeonis.

96 4953 189 5011 Natus
204 4955 331 5010 eratsub
344 4955 408 5028 tege
423 4954 500 5012 Deus
516 4955 685 5028 decerpere
700 4958 803 5013 matris

96 5042 187 5099 Verus
203 5043 301 5109 homo,
318 5060 377 5100 oon
395 5046 472 5101 siout
486 5045 585 5115 bomo,
607 5048 670 5102 sine
685 5045 796 5103 semine
809 5046 916 5106 Petris.

97 5132 188 5189 Meter
203 5149 282 5199 eum,
298 5132 365 5189 ticet
379 5151 444 5191 sese
459 5134 549 5192 Deum
566 5137 729 5193 certissime
744 5147 854 5209 nosset,

99 5221 208 5295 Proque
224 5239 273 5279 reo
286 5221 424 5279 solvenda
440 5224 498 5280 Deo
513 5241 571 5283 non
586 5225 699 5282 solvere
713 5233 822 5299 posset,

97 5313 171 5386 Lege
189 5319 284 5370 tamen
300 5320 441 5371 consuete
455 5315 518 5370 deri
534 5332 592 5387 pro⁸
600 5318 732 5388 germine
747 5318 853 5390 primo,

98 5403 183 5458 Ferre
199 5408 282 5475 parat
295 5420 360 5462 cum
378 5404 456 5477 prole
473 5420 547 5459 nove
561 5403 620 5460 duo
633 5422 755 5462 munera
768 5407 898 5478 templo:
934 5392 936 5398 ⁵

972 4599 1015 4658 tte
1027 4599 1105 4672 quod
1120 4601 1295 4670 spectarent,
1311 4597 1445 4652 umbram
1459 4595 1522 4651 sins
1532 4611 1621 4652 carne
1637 4602 1800 4670 putarent3

972 4689 1098 4765 Spiritus
1112 4693 1167 4753 est,
1182 4687 1291 4761 inquit,
1306 4689 1357 4761 qui
1377 4693 1532 4761 postquem
1557 4687 1695 4745 membre
1711 4689 1800 4747 retin-

1647 4773 1732 4850 [quit

971 4869 1080 4942 expers
1092 4872 1136 4924 est
1151 4867 1238 4937 ossis,
1253 4882 1307 4923 neo
1320 4866 1347 4922 is
1361 4869 1406 4923 est
1420 4879 1507 4939 quem
1522 4868 1646 4938 tongere
1662 4866 1777 4939 possis,

971 4960 1018 5017 lde
1032 4973 1148 5016 carnem
1164 4972 1241 5025 vere,
1259 4957 1309 5013 sed
1325 4961 1355 5012 et
1367 4971 1435 5013 ossa
1450 4953 1553 5011 videtis
1568 4955 1693 5014 habers.

972 5048 1022 5106 llis
1042 5047 1224 5120 argumentis
1237 5045 1359 5102 detersit
1374 5044 1495 5102 vulnera
1507 5046 1628 5114 mentis,

972 5135 1092 5194 tudiciis
1107 5135 1199 5192 tentis
1211 5133 1349 5191 solidavit
1362 5149 1412 5191 cor
1426 5132 1600 5190 dubitantis.

972 5226 1060 5282 Visus
1076 5228 1214 5297 preterea
1228 5222 1387 5296 plusquam
1402 5222 1493 5280 semel
1507 5223 1537 5279 in
1557 5222 1685 5282 (latites

972 5314 1050 5375 Fecit
1064 5331 1096 5370 se
1110 5318 1210 5371 notum
1226 5328 1379 5370 removens
1394 5311 1554 5370 dubitabile
1569 5316 1683 5374 totum.

972 5404 1129 5476 Expulerat
1140 5403 1267 5461 Phoebus
1276 5404 1361 5461 denis
1371 5408 1474 5477 quater
1485 5409 1566 5460 astra
1576 5403 1697 5476 diebus,

134 5536 192 5609 (tt)
206 5537 361 5595 Vermiculi
371 5553 464 5613 genus
480 5541 610 5611 tempore
625 5539 731 5597 messis
745 5544 830 5599 nocte
846 5538 995 5599 micantis.
