3802 6030
65 167 145 230 ¹257

636 173 798 236 CABMBN
819 173 858 237 IN
881 175 1023 242 niseus
1043 182 1196 251 REGUM.

1691 201 1772 266 1288

65 302 200 375 Cumque
214 303 313 360 Jnram
331 305 447 378 lugiens
461 322 546 364 verso
561 323 647 364 curru
663 309 840 383 gradiretur·
909 314 936 380 A
985 324 1082 397 Atque
1096 322 1164 381 Baal
1181 325 1279 392 servit,
1295 345 1381 402 quero
1398 329 1513 388 Jeaabel
1526 331 1627 390 coluit.

106 393 188 448 llunc
200 392 292 450 Jelrus
308 395 336 450 io
350 397 475 465 aquodam
486 397 581 454 Nolunt
595 416 665 471 agro
680 402 826 473 sequitur.

67 481 150 539 Tune
164 482 258 540 lehara
273 489 439 542 arcitenens
455 487 694 545 lacitacuelerare
709 493 858 563 sagittam,

104 572 293 640 Quouivoluit
308 574 450 632 Dominus
461 594 510 633 cor
526 583 675 650 penetrare
692 579 804 636 loram.

67 661 207 720 Protinus
222 679 336 720 acurru
352 665 410 721 dua
427 665 557 722 Baducer
571 669 652 739 ejicit
667 668 761 736 illum,

100 752 196 822 Atque
207 751 306 807 loram
323 756 449 809 maculat
463 757 604 828 sanguine
621 754 714 812 Nabot
729 770 844 829 ugrum.

65 835 103 896 Ut
118 839 893 919 videtinsidinscurritlugiensAhaaias[00hosias];

101 931 224 989 Smeius
239 930 286 988 hie
303 932 398 1000 rediit,
413 950 477 990 mox
493 940 591 990 tamen
608 934 731 991 interiit.

63 1020 175 1076 Jezrael
192 1021 360 1092 ingrediens
374 1019 478 1093 lehos,
494 1022 560 1079 illos
578 1026 702 1096 percutit
716 1039 786 1081 ensa

101 1109 179 1175 Quos
194 1111 267 1167 vidit
281 1125 316 1168 ex
331 1117 390 1167 toto
407 1114 482 1185 regis
498 1114 597 1169 Achab
613 1129 729 1186 genere.

63 1203 163 1259 Cernit
179 1202 413 1262 inarcomalam
442 1205 558 1264 teaaoet
585 1221 647 1279 aaa,
676 1223 784 1281 perque
811 1207 891 1267 iane·

750 1294 854 1372 [stram

101 1381 182 1440 lianc
193 1383 280 1455 jubet
294 1385 438 1442 eunuchis
452 1386 633 1459 praecipitare
648 1388 721 1445 suis.

62 1469 235 1530 Exanimem
250 1473 364 1532 Jezerbel
379 1476 420 1533 sic
433 1476 544 1549 ungula
557 1479 637 1533 trivit
652 1494 805 1546 crinorum,

100 1563 171 1634 Ejus
187 1569 218 1619 ut
233 1582 266 1620 ex
280 1565 420 1622 membris
435 1566 475 1622 orl
491 1584 562 1636 pene
577 1568 615 1623 sit
631 1568 789 1640 reliquum.

62 1654 196 1711 Cernitur
210 1671 245 1710 ex
260 1654 307 1709 illa
320 1656 424 1726 capitis
439 1656 624 1714 solummodo
639 1664 725 1723 testa,

100 1742 280 1815 Summaque
295 1760 363 1817 pars
380 1762 535 1816 manuum,
551 1763 618 1818 pars
635 1762 751 1820 quoque
771 1763 889 1804 summe

724 1837 851 1909 [pedum.

63 1920 186 1994 Bgreaio
201 1922 280 1980 cultu
297 1938 372 1995 quoa
387 1929 506 1980 servant
519 1925 705 1992 Samaritani,

99 2014 175 2070 Sunt
189 2014 285 2068 decies
297 2021 406 2084 septem
422 2015 498 2087 regis
513 2015 609 2071 Achab
628 2014 729 2088 geniti.

64 2102 203 2159 Samariae
218 2103 297 2159 eires
312 2102 427 2159 illorum
444 2105 631 2177 septuaginta

95 2190 207 2248 Jezrael
219 2198 287 2248 sote
299 2192 406 2249 tenum
421 2210 494 2249 caesa
511 2194 607 2250 l'erunt
622 2194 728 2267 capitu.

63 2281 122 2338 ilex
134 2282 228 2338 lelius
244 2287 277 2338 ut
290 2283 424 2355 geminos
439 2285 568 2355 capitum
585 2285 737 2356 conspexit
756 2299 886 2353 acervos,

100 2371 212 2429 iezrael
226 2373 368 2440 abscedit,
384 2374 608 2447 samariamque
619 2375 700 2446 petit.

62 2462 170 2535 Aspicit
198 2461 247 2518 hio
277 2463 393 2529 iratres,
423 2464 511 2522 Aasia
543 2461 703 2541 [Ochoain],
736 2468 805 2522 tuos
837 2478 886 2520 ee·

713 2549 850 2630 [olentes

98 2641 217 2712 Boaque
236 2644 340 2712 quater
354 2640 446 2697 denos
461 2640 587 2714 percutit
600 2645 689 2714 atque
701 2646 788 2700 duos.

64 2729 225 2787 Samariam
241 2733 361 2787 veniens
375 2734 488 2787 monuit
503 2730 595 2788 labus
610 2732 783 2803 accelerare,

99 2820 236 2891 Quosque
247 2816 315 2877 Beal
331 2836 430 2877 servos
445 2826 473 2877 ct
484 2820 593 2877 Baalim
610 2821 715 2879 colere.

62 2907 98 2968 Et
112 2907 241 2966 reterens
256 2906 336 2982 quod
350 2911 449 2967 Achab
477 2907 626 2968 modicum
642 2910 710 2970 Baal
724 2915 770 2969 est
790 2911 886 2968 lamu-

748 2999 849 3076 [latus,

95 3091 131 3145 Be
146 3085 355 3145 famulaturum
373 3088 499 3162 dixiteis¹
515 3090 622 3162 potius.

59 3178 228 3234 sacrificare
244 3179 309 3234 Baal
324 3195 355 3234 se
369 3179 442 3236 velle
456 3180 548 3235 nehus
559 3178 720 3246 simulavit,

98 3265 313 3340 sacrilegisque
328 3265 435 3324 domus
451 3273 511 3324 tota
522 3269 632 3340 repleta
648 3267 713 3325 luit.

59 3355 290 3431 ingrediensque
303 3359 421 3415 domum
440 3359 509 3414 lacit
523 3359 620 3415 ollerri
635 3359 691 3414 sibi
706 3361 813 3430 vestes,

95 3451 191 3519 Atque
206 3445 274 3503 Baal
287 3447 374 3517 jethel
389 3448 442 3502 bus
458 3463 575 3503 sumere
592 3447 756 3520 pontillces.

59 3533 155 3608 thue
171 3537 235 3593 Baal
252 3553 349 3594 servos
360 3539 433 3594 vidit
448 3537 557 3594 Baalim
571 3536 721 3609 famulari,

95 3626 175 3684 Fecit
189 3642 240 3684 eos
254 3645 357 3684 omnes
373 3630 495 3686 ensibus
511 3630 648 3686 interimi.

58 3715 131 3776 Inde
146 3719 214 3773 Banl
229 3725 369 3785 statuam,
387 3720 487 3775 lautam
504 3721 654 3777 succendit
665 3723 694 3776 et
708 3735 800 3794 aram,

95 3806 201 3881 Fitque
217 3808 320 3864 latrina
336 3808 411 3877 loeo,
427 3824 484 3881 qno
498 3809 552 3865 san
567 3827 617 3866 nra
633 3808 728 3867 modo.

59 3897 150 3954 lsrael
167 3899 197 3952 iu
214 3914 303 3969 regno
318 3906 401 3954 necat
416 3915 517 3955 omnes
533 3916 581 3955 rex
595 3898 688 3956 Jehus
703 3899 771 3958 illos

92 3985 199 4058 Stirpis
213 3988 308 4041 Acltaa
321 3986 397 4060 regis
413 4004 488 4059 quos
505 3989 584 4043 videt
596 4004 661 4044 esse
676 3988 762 4046 siros.

54 4072 221 4132 Samariam
234 4077 323 4143 venit,
339 4076 461 4133 Domino
479 4077 622 4148 mittente,
638 4078 790 4151 propheta,

92 4163 175 4221 Talia
189 4166 239 4238 qui
256 4166 315 4238 regi
332 4167 454 4239 protulit
466 4168 604 4240 eloquia:

57 4256 120 4313 Hoc
137 4253 209 4311 bene
225 4256 328 4320 iecisti,
344 4255 455 4313 Baalim
472 4258 549 4331 quod
563 4256 775 4330 comminuisti,

97 4341 131 4399 tu
146 4345 224 4418 quod
239 4344 339 4401 Achab
354 4347 431 4419 regis
447 4346 577 4419 perditor
591 4363 622 4404 es
637 4347 761 4419 generis,

946 415 1080 488 Cumque
1094 416 1161 471 luas
1178 418 1257 486 pueri
1275 421 1355 475 lieret
1371 421 1428 486 iarn
1444 421 1590 493 septimus
1604 439 1710 498 atinus,

983 507 1071 560 Arma
1086 506 1165 562 dedit
1180 508 1285 578 presul
1301 509 1402 565 loiada
1418 510 1571 569 militibus.

946 595 1056 651 Praaul
1073 612 1123 652 eos
1139 596 1253 653 Domini
1269 602 1414 671 templum
1432 618 1547 659 servare
1562 603 1686 678 rogavit,

981 685 1016 742 Bt
1032 687 1091 743 lore
1106 689 1244 746 custodes
1258 689 1420 748 Jerusalem
1439 697 1564 752 monuit.

946 770 1040 847 thue
1050 790 1158 832 vocans
1174 794 1307 850 proceres
1319 781 1375 837 sibi
1392 783 1498 839 loedere
1513 781 1630 856 copulat
1655 800 1771 858 omnes,

980 862 1043 920 Nou
1060 865 1177 922 dubitat
1193 872 1283 924 totum
1302 871 1427 939 pandere
1442 871 1613 929 consilium.

944 949 1019 1008 Nam
1054 969 1207 1026 superesse
1241 955 1311 1016 Joaa
1343 959 1475 1031 genitum
1509 963 1619 1034 proteat
1656 961 1771 1025 Ahaaiae

1567 1049 1734 1131 [ochozat

982 1169 1021 1229 Et
1034 1171 1103 1244 qula
1120 1173 1212 1247 patris
1226 1174 1253 1231 ei
1269 1173 1331 1232 vult
1345 1173 1479 1234 diedesa
1492 1177 1573 1237 dare.

944 1261 1105 1319 Consilium
1122 1263 1243 1320 landant
1259 1281 1402 1336 proceres,
1418 1266 1685 1337 nimisexhilaratl,

978 1359 1074 1426 Atque
1089 1354 1159 1411 Jooa
1175 1372 1272 1429 regem
1289 1356 1464 1430 praecipiunt
1481 1358 1554 1415 llari.

944 1442 1012 1500 lude
1025 1442 1092 1500 losa
1107 1447 1218 1502 ducens
1232 1447 1260 1501 io
1278 1447 1420 1520 templum
1436 1446 1541 1504 Joiada
1557 1448 1662 1522 pergit,

978 1535 1070 1606 Atque
1085 1540 1204 1591 coronat
1218 1551 1297 1601 eum,
1314 1537 1585 1609 sceptrigerumque
1599 1537 1677 1593 lacit.

942 1619 989 1678 Fit
1003 1640 1093 1681 canor
1118 1625 1149 1681 in
1178 1625 1298 1699 templo,
1330 1643 1473 1683 manuum
1503 1627 1610 1700 strepit
1637 1626 1769 1700 undique

1620 1713 1767 1792 [plausus.

977 1841 1072 1910 Atque
1087 1837 1157 1896 Joas
1171 1838 1232 1911 regi
1248 1838 1365 1908 clamat,
1379 1857 1441 1907 avc,
1453 1840 1587 1913 populus.

940 1924 1042 1991 latrat,
1057 1934 1086 1983 et
1101 1928 1223 1984 insidias
1240 1931 1346 2000 protest
1361 1929 1475 1984 Athaliu
1492 1929 1598 2002 parari,

974 2015 1078 2073 Joiada
1094 2018 1249 2087 projiciens
1264 2034 1353 2091 quom
1370 2019 1435 2074 lacit
1453 2018 1592 2076 interimi.

939 2106 1009 2164 ludo
1024 2109 1204 2164 sacerdotem
1222 2106 1363 2180 disperdit
1374 2109 1492 2165 nomine
1505 2108 1636 2176 Matheo,

975 2203 1069 2270 Atque
1083 2196 1150 2252 Bnal
1169 2199 1267 2253 lanum
1284 2199 1407 2254 conterit
1421 2207 1449 2253 et
1464 2202 1604 2253 statuam.

938 2287 1103 2358 Sceptriger
1118 2286 1185 2342 inde
1198 2287 1267 2343 luas
1283 2287 1312 2343 in
1324 2304 1426 2360 regum
1441 2287 1560 2342 ducitur
1577 2286 1666 2354 adas,

975 2375 1008 2430 Fa
1024 2374 1140 2447 populis
1155 2375 1235 2432 laute
1250 2377 1359 2432 dautur
1375 2376 1484 2448 ultique
1498 2377 1601 2447 dapes.

938 2461 1051 2536 Saepius
1066 2465 1096 2521 iu
1112 2465 1221 2536 templo
1237 2480 1286 2521 rex
1300 2465 1382 2521 ollert
1397 2465 1526 2521 maxima
1541 2463 1629 2535 dona,

974 2554 1176 2626 Plebsquedat
1190 2554 1273 2610 altari
1291 2571 1409 2613 monere
1427 2572 1503 2627 saepe
1518 2572 1582 2612 suu.

939 2641 992 2701 llla
1007 2644 1172 2700 sacerdotes
1189 2659 1238 2701 rex
1252 2645 1358 2718 aspicit
1371 2647 1471 2702 ornnia
1489 2651 1562 2702 terre

974 2730 1009 2788 Et
1024 2731 1138 2788 Domini
1153 2732 1295 2804 templum
1313 2734 1389 2806 quod
1407 2739 1491 2789 vetus
1505 2740 1548 2790 est
1563 2736 1655 2789 tuero.

938 2823 1074 2878 Protinus
1090 2825 1118 2877 io
1135 2822 1245 2894 templo
1260 2838 1311 2877 rex
1328 2821 1394 2896 poni
1412 2822 1544 2896 precipit
1555 2836 1663 2887 arcam,

974 2910 1007 2967 Et
1024 2912 1148 2984 populna
1156 2912 1220 2983 jugi
1238 2926 1361 2967 munere
1376 2909 1468 2981 replet
1482 2926 1558 2968 eam.

940 2999 1076 3057 Prmsulis
1087 3001 1208 3056 arbitrio
1223 3001 1312 3057 labris
1328 3001 1382 3057 hoo
1396 3000 1630 3071 tradituromne,

896 3075 920 3140 C
975 3090 1098 3163 Egregio
1114 3089 1255 3162 templum
1272 3092 1322 3162 qui
1335 3101 1470 3163 reparant
1485 3106 1582 3162 opere.

937 3179 995 3238 Rex
1009 3181 1107 3237 timuit
1124 3183 1279 3235 [lominum
1295 3181 1364 3235 dum
1383 3179 1487 3252 presul
1499 3180 1602 3237 Joiada
1621 3179 1701 3249 vixit,

972 3270 1099 3327 Prasule
1114 3269 1250 3325 delnncto
1266 3285 1314 3325 rex
1327 3274 1440 3324 statuas
1451 3268 1551 3324 coluit.

935 3357 1038 3418 Joiada
1053 3359 1262 3431 quemgenuit,
1279 3359 1417 3430 reprobat
1431 3357 1526 3414 scelus
1539 3355 1707 3431 Zacharias,

972 3452 1061 3517 Quem
1074 3449 1185 3521 lapidat
1204 3446 1331 3520 populus
1347 3447 1534 3520 praecipiente
1548 3447 1628 3505 Joas.

935 3538 1011 3596 Ense
1025 3538 1096 3595 Joas
1112 3537 1259 3609 perimunt
1275 3537 1370 3605 serri;
1387 3543 1457 3593 tune
1471 3534 1551 3594 illius
1566 3538 1630 3611 ejus

971 3627 1022 3684 sat
1036 3627 1170 3683 Amasias
1186 3643 1233 3682 rex
1247 3625 1410 3682 Jerusalem
1428 3627 1552 3697 positus.

935 3716 987 3776 Hie
1001 3717 1118 3773 Amalec
1133 3715 1256 3788 populos
1270 3720 1299 3772 et
1316 3715 1404 3772 lidum
1421 3731 1518 3789 regem
1536 3713 1696 3788 superavit,

970 3812 1066 3880 Atque
1080 3806 1150 3862 deos
1169 3805 1286 3862 Amuleo
1301 3805 1444 3879 diripiens
1459 3805 1561 3862 coluit.

935 3900 995 3955 Rex
1010 3897 1113 3953 llazoel
1130 3895 1219 3970 Syrias
1235 3912 1324 3968 super
1339 3894 1429 3952 lsrael
1449 3895 1569 3967 agmina
1584 3893 1675 3966 ducit,

970 3986 1023 4052 Qui
1038 3984 1165 4043 Joauhaz
1179 3984 1302 4058 populos
1317 3985 1427 4058 effugat
1442 3991 1471 4041 et
1487 3985 1615 4058 perimit.

934 4075 997 4134 lam
1008 4076 1135 4133 loachaz
1150 4092 1253 4131 currus
1266 4081 1401 4147 superest
1416 4074 1601 4131 solummodo
1617 4073 1722 4145 denus,

970 4166 1005 4223 Et
1019 4167 1115 4224 decies
1129 4169 1245 4221 tanturn
1264 4165 1353 4221 naillia
1368 4171 1439 4222 snut
1454 4164 1596 4234 peditum.

934 4253 1000 4312 Vim
1017 4260 1129 4328 patiens
1143 4255 1270 4312 loachaa
1285 4254 1440 4311 Dominum
1458 4253 1545 4321 copta
1559 4247 1703 4323 venerari,

970 4344 1006 4404 Et
1025 4345 1106 4416 petiit
1121 4347 1245 4418 supplex
1259 4343 1400 4400 auxilium
1419 4340 1544 4397 Domini.

59 4432 113 4490 Sed
131 4433 269 4508 qnoniam
287 4435 414 4507 populus
429 4435 530 4493 situlis
542 4438 625 4494 ollert
639 4436 821 4509 holocauste,
897 4439 920 4516 n
935 4435 1101 4492 Auxiliante
1112 4433 1171 4491 Deo
1185 4449 1234 4489 res
1248 4432 1337 4488 lsrael
1357 4431 1425 4487 inde
1440 4428 1563 4502 quievit.

94 4521 183 4581 (irata
198 4541 301 4597 parum
318 4526 442 4583 Domino
458 4534 529 4584 suot
540 4527 688 4584 benefacto
703 4534 765 4586 tua.

58 4615 198 4671 Samaria
214 4631 297 4689 reges
313 4625 473 4674 nascentur
487 4623 614 4690 quatuor
626 4633 661 4675 ex
674 4623 713 4686 te,

97 4702 162 4759 Post
178 4703 227 4760 alii
242 4709 413 4777 surgentes
430 4705 486 4762 alio
502 4722 618 4780 genere.

55 4791 198 4851 Samaria
215 4796 349 4866 populus,
366 4797 416 4869 qui
433 4799 563 4853 membra
576 4796 651 4853 Jchu
663 4794 829 4870 tumulavit,

93 4883 308 4954 Sceptrigerum
325 4884 451 4942 Joachnz
468 4903 518 4958 pro
534 4891 615 4959 patre
629 4887 793 4946 constituit.

55 4968 222 5029 Jerusalem
241 4990 363 5047 regnum
377 4976 499 5048 cupiens
514 4976 630 5030 Atlantia
644 4975 775 5047 peremit,

46 5068 49 5074 '
93 5060 212 5119 Semina
226 5065 262 5120 dn
278 5081 379 5137 regum
397 5067 516 5137 perdere
531 5081 605 5138 quos
623 5066 726 5138 potuit.

56 5152 194 5211 Perderet
211 5155 420 5225 illatumque
438 5156 516 5211 illius
531 5162 577 5212 est
597 5156 688 5211 aazia
718 5151 882 5230 [Ochosis],

94 5243 150 5300 Sed
166 5243 305 5300 losabeth
319 5248 420 5300 l'uraus
431 5245 504 5301 clam
522 5246 620 5300 studet
636 5245 712 5300 hune
728 5245 816 5303 alere.

56 5332 163 5390 totana
180 5333 283 5400 praesul
299 5341 371 5399 erut,
386 5335 470 5406 cnjus
484 5335 622 5390 losabcth
641 5336 695 5391 l'uit
711 5350 793 5399 uxor,

93 5421 195 5481 1201
210 5425 264 5481 Sed
287 5429 336 5481 tua
347 5432 429 5499 partu
444 5426 545 5499 patris,
562 5440 611 5482 rex
624 5420 882 5502 Aazic[00lioaia1,

740 5510 846 5590 [soror.

51 5599 219 5680 imperium
233 5602 316 5664 ludas
326 5618 378 5664 sex
388 5605 473 5664 anais
487 5610 534 5665 eat
547 5602 680 5676 Atlantia,

192 5735 333 5803 Persou.
355 5736 486 5801 clxxi.

971 4522 1030 4584 Nec
1043 4522 1170 4582 toaehaa
1184 4537 1273 4595 regno
1288 4536 1338 4578 rex
1349 4518 1451 4577 Basael
1468 4518 1579 4576 nocuit.

935 4615 996 4673 Bex
1008 4612 1135 4672 toachaa
1149 4612 1282 4681 moritur,
1298 4610 1347 4682 qui
1363 4608 1504 4667 Samariae
1516 4603 1668 4681 sepelltur,

971 4707 1064 4776 Atque
1077 4701 1147 4760 lona
1162 4700 1256 4775 patrio
1271 4699 1390 4773 ponitur
1403 4699 1432 4756 in
1448 4697 1534 4755 solio.

936 4793 1044 4851 visitat
1059 4792 1207 4848 infirmum
1225 4806 1274 4846 rex
1293 4790 1409 4862 qnando
1423 4788 1493 4846 Joaa
1510 4787 1657 4861 Bliaasum,

971 4879 1161 4938 semissium
1178 4878 1295 4946 clamat,
1313 4878 1338 4933 ai
1355 4884 1437 4951 pater
1453 4878 1499 4933 uia
1514 4878 1611 4934 obeat.

937 4972 1020 5031 'luna
1036 4971 1126 5044 patris
1138 4970 1260 5041 imperio
1277 4971 1414 5025 maninus
1430 4984 1479 5024 rex
1494 4966 1602 5041 accipit
1618 4981 1733 5038 arcum,

973 5067 1066 5134 Atque
1079 5065 1160 5131 pater
1174 5075 1262 5128 super
1278 5058 1330 5114 bas
1346 5058 1429 5130 ponit
1450 5065 1606 5128 utramque
1626 5070 1761 5114 manum.

937 5148 1031 5223 thue
1046 5150 1150 5222 sagitta
1165 5147 1235 5206 Joaz
1251 5149 1417 5222 transitque
1429 5153 1600 5218 fenestram,

973 5240 1042 5304 Hac,
1060 5237 1178 5294 elisaeus
1192 5238 1244 5303 ait,
1261 5239 1405 5308 percuties
1420 5236 1545 5311 Syriam.

936 5326 1067 5393 Percote,
1084 5343 1143 5393 rex,
1160 5339 1264 5383 terrum
1276 5327 1388 5398 jaculo,
1406 5327 1516 5399 prolert
1536 5324 1677 5394 Bliseus3

973 5422 1034 5480 Rex
1051 5421 1167 5477 vicibus
1182 5425 1289 5476 terram
1308 5420 1430 5491 percutit
1445 5419 1514 5473 inde
1529 5419 1635 5475 tribus.

936 5511 988 5572 llle
1002 5508 1227 5570 relert.Terram
1244 5509 1269 5566 si
1281 5526 1333 5566 sex
1348 5509 1463 5564 vicibus
1478 5507 1636 5580 tetigisses,

972 5603 1026 5660 Sex
1040 5599 1155 5659 vicitur
1169 5598 1283 5674 Syriam
1294 5599 1418 5674 halitgar
1430 5603 1579 5656 attereres.
1688 5636 1690 5640 a
1751 5585 1756 5601 '

1608 5722 1653 5779 to
