3802 6030
55 245 132 307 lect
628 225 761 292 Politia
789 227 840 288 bn
862 225 914 287 vll
938 225 1189 292 Mecllssslltls.
1684 240 1764 300 leno

54 376 85 436 si
102 373 200 434 earnis
215 386 331 429 vescam
344 367 469 442 porcine
484 368 616 422 sumeret
629 379 738 421 escam.
897 359 923 428 Α
940 357 1087 433 Supplicia
1103 363 1213 438 duplici
1229 366 1363 423 subiture
1378 382 1483 423 manns
1499 365 1620 437 lnlmicl,

57 468 110 525 ille
127 471 214 540 negat
231 479 349 536 prorsus
363 459 466 517 vetitos
480 458 623 530 attingere
639 473 766 520 morsus,
940 454 998 511 lloc
1014 459 1095 528 prius
1112 457 1142 514 in
1161 462 1282 526 munio,
1297 460 1599 532 barathriquedeinde
1610 462 1764 532 profundo.

58 557 186 627 Vuqune
202 569 300 610 neceni
319 551 518 624 potiusquam
535 546 621 602 vitarn
634 545 769 603 criminis
781 541 883 612 hujus.
973 544 1057 603 Sexto
1074 550 1212 605 detunclo
1227 556 1285 605 stet
1300 558 1443 623 septimus
1457 551 1560 607 ordine
1571 551 1686 623 juncto.

60 648 153 713 Quam
171 650 289 719 propter
304 648 431 698 mentem
448 654 537 713 quem
555 638 668 711 primas
684 635 811 690 babebat
833 632 883 688 ba·
936 633 1040 691 iunior
1056 637 1103 693 bic
1117 638 1237 713 reliquie
1250 640 1343 711 jussis
1359 648 1456 696 tamen
1473 641 1570 696 obstet
1585 641 1705 710 iniquis.

701 723 831 798 [beatem
938 722 1000 781 Non
1019 729 1116 783 minos
1131 737 1264 786 ermelue
1279 729 1402 787 tolerare
1417 748 1517 801 graves
1533 732 1695 803 cruciatus,

59 827 119 884 Rex
133 825 219 896 jubet
234 819 362 878 interimi
380 833 500 891 pessum
517 814 695 873 cruciamina
712 813 817 887 primi3
939 821 1133 892 assertorque
1150 821 1197 877 llei
1213 838 1333 879 consors
1348 823 1429 894 cupit
1444 839 1507 879 esse
1524 822 1658 896 trophei,

58 917 177 973 Pectore
192 914 243 971 sed
259 912 337 981 lorti,
350 926 416 965 cum
431 911 492 978 jam
505 924 572 964 caro
588 906 718 980 proxime
729 901 814 959 morti
939 905 1031 971 Quem
1047 910 1124 982 quod
1138 909 1332 968 sdbocrcetet
1343 914 1419 984 regis
1431 930 1484 968 vox
1496 913 1603 968 blande
1617 913 1764 974 molestet.

57 1006 89 1064 ln
107 1004 199 1079 poenis
217 1003 309 1066 lieret,
327 1016 361 1055 na
379 999 420 1056 vel
436 1006 505 1053 tono
520 1014 583 1052 vcra
600 996 700 1052 sileret
939 995 1011 1053 Cnm
1026 998 1200 1068 juramentis
1216 1001 1373 1072 specialius
1389 1008 1467 1058 bunc
1483 1002 1663 1074 perbibentis

56 1098 183 1166 corripit
198 1095 336 1148 insanum
351 1089 402 1145 tali
418 1104 552 1144 sermone
568 1096 723 1160 tyrannum
740 1099 746 1138 :
940 1085 977 1142 Se
993 1086 1181 1159 dilecturum,
1198 1089 1391 1163 praeclarique
1407 1091 1499 1148 multa
1516 1094 1665 1163 delutum,

55 1185 149 1257 impio
166 1181 363 1254 nequidquam
381 1195 430 1234 rex
446 1194 507 1233 rem
525 1174 674 1232 mediteris
690 1172 823 1246 iniquam
940 1173 1032 1231 Vellet
1046 1177 1082 1231 ad
1099 1176 1248 1234 insolitam
1265 1180 1289 1235 si
1306 1196 1337 1235 ee
1354 1183 1540 1238 transducere
1556 1183 1664 1252 ritum3

59 1276 183 1331 Perdere
199 1271 355 1328 tormentis
372 1276 476 1325 nostrie
491 1266 596 1338 legalia
614 1265 718 1335 gentis,
941 1263 1764 1343 Sederelushorrescensdumsperneretbocadolescens,

60 1367 132 1419 Nem
151 1360 222 1426 legis
239 1359 313 1413 ritus
328 1357 469 1434 dividitus
485 1358 532 1410 est
546 1351 708 1408 stabilitus.
941 1353 1031 1410 Sexus
1046 1355 1193 1413 victricem
1210 1368 1294 1414 vocat
1306 1358 1341 1414 ad
1358 1375 1390 1415 ee
1405 1376 1453 1415 rex
1468 1360 1651 1432 genitricem,

58 1457 176 1523 Nosque
192 1465 243 1521 per
268 1447 322 1503 bas
348 1462 447 1516 poenas
463 1444 548 1499 sedes
570 1442 723 1497 lucramur
745 1452 887 1506 suscense,
941 1442 1116 1500 Exhortatur
1130 1446 1171 1501 uti
1183 1446 1361 1521 juvenisque
1376 1465 1496 1520 sueque
1511 1449 1598 1505 saluti

59 1541 137 1606 Onus
155 1537 348 1611 precedentes
365 1532 476 1590 dudum
494 1547 627 1587 meruere
643 1538 788 1601 parentes.
942 1533 1091 1599 consulet,
1108 1539 1250 1591 etnetum
1268 1537 1354 1593 leciet
1368 1538 1519 1595 suadendo
1536 1539 1654 1595 beatum

59 1630 153 1687 lnlcrs
169 1630 243 1683 dura
259 1627 338 1693 ieris,
355 1623 407 1680 sed
425 1624 487 1677 rite
504 1638 555 1693 spe
573 1618 702 1675 melioris
941 1621 1116 1691 Ambiguum
1133 1625 1253 1680 verbum
1270 1627 1358 1697 repit,
1374 1626 1557 1699 irridensque
1571 1629 1732 1700 superbum

59 1718 161 1775 Pennas
176 1715 309 1773 crudeles
325 1714 447 1770 vincunt
465 1712 603 1783 patiendo
624 1708 734 1764 fideles.
903 1744 927 1810 B
943 1710 1090 1767 Promittit
1103 1712 1229 1784 genitrix
1244 1714 1377 1783 generosi
1394 1717 1536 1787 germinis
1553 1715 1640 1772 ultrix

56 1806 112 1864 llio
127 1822 242 1880 quoque
258 1805 407 1861 siclaetus
426 1804 551 1859 moritur
566 1800 629 1855 sine
645 1799 710 1854 labe
725 1799 833 1854 reatus.
943 1799 1017 1856 Nato
1033 1817 1189 1857 suasuram
1206 1817 1248 1868 se,
1263 1802 1479 1877 consiliumque
1493 1805 1639 1861 daturam.

93 1897 211 1954 'lectius
226 1893 350 1962 accedit,
368 1892 472 1948 neceb
488 1891 593 1947 borum
608 1893 686 1944 sorte
701 1886 809 1943 recedit
941 1887 1017 1961 lirgo
1032 1895 1076 1946 ter
1091 1897 1180 1961 etque
1192 1901 1296 1964 quater
1312 1891 1379 1947 lelix
1397 1893 1591 1966 mirandaque
1607 1897 1714 1965 meter,

55 1989 136 2055 Quos
152 1984 301 2042 moriendo
319 1983 405 2055 sequi
422 1986 502 2053 paral
519 1996 571 2052 spe
587 1977 719 2034 muneris
733 1973 821 2049 sequi.
941 1977 1030 2035 risus
1045 1978 1095 2035 Dei
1112 1981 1196 2036 donis
1212 1987 1325 2054 septem
1339 1982 1476 2039 redimita
1490 1983 1608 2041 coronis

57 2076 132 2148 lirgo
150 2091 257 2132 manus
276 2074 396 2145 prolert,
414 2070 605 2141 lingnamque
617 2065 782 2139 petentibus
794 2062 889 2129 onere,
941 2066 1060 2139 Victrix,
1078 2074 1210 2126 natorum
1224 2072 1309 2128 toties
1324 2072 1354 2126 in
1370 2088 1463 2145 agens
1478 2088 1600 2129 suorum

52 2163 186 2230 vatique
202 2163 296 2235 perire
313 2161 417 2233 magis,
436 2175 524 2231 quem
541 2162 643 2214 vivens
658 2156 762 2213 cedere
783 2152 888 2227 plagis.
942 2156 1064 2213 Praemia
1079 2159 1125 2214 oui
1141 2159 1196 2215 soli
1213 2161 1318 2217 damus
1333 2161 1443 2225 omnia,
1459 2161 1575 2232 singula
1591 2160 1675 2233 proli,

57 2253 117 2310 Hos
131 2259 225 2319 artus,
242 2252 350 2324 inquit,
369 2266 443 2323 quos
459 2250 518 2303 vite
533 2248 643 2303 caduce
658 2244 810 2318 relinquit,
941 2248 1110 2321 Respiciens
1126 2256 1226 2307 netum
1242 2258 1388 2308 certarnen
1405 2251 1479 2308 inire
1495 2257 1639 2322 peratum,

56 2350 100 2401 Do
117 2360 168 2416 pro
184 2342 247 2414 lege
264 2340 315 2398 liei
331 2357 383 2412 sps
398 2343 546 2413 perpetue
562 2335 687 2408 requiei,
942 2336 1052 2394 Taliter
1067 2338 1199 2396 bortatur
1213 2357 1250 2396 ne
1266 2358 1350 2411 poenu
1365 2341 1460 2398 brevis
1476 2343 1633 2398 timeatur:

58 2433 220 2490 Reddendo
234 2431 342 2487 iterum
358 2445 410 2502 spe
426 2433 504 2484 lanta
516 2427 618 2499 judice
638 2438 746 2482 rerum.
941 2423 1058 2497 Optima
1073 2428 1237 2498 suadeatis,
1254 2429 1304 2495 fili,
1321 2445 1393 2500 cepe
1407 2430 1496 2487 verba
1511 2431 1653 2503 parentis,

63 2519 246 2593 lllignanimi
258 2518 378 2593 juvenis
391 2534 475 2574 mens
492 2515 592 2572 nescia
606 2515 708 2571 cedere
725 2512 820 2585 ponis
943 2515 1046 2573 lm
1062 2515 1266 2592 (torporeque
1282 2518 1369 2592 pleno
1384 2525 1412 2576 te
1432 2519 1511 2593 gessi
1537 2536 1636 2577 mense
1651 2519 1771 2591 deceno,

62 2610 203 2668 Hostibus
220 2609 381 2676 horrorem,
395 2606 452 2663 sibi
467 2607 516 2661 det
531 2604 651 2662 victoris
667 2603 819 2672 honorem,
943 2608 1033 2679 euJas
1049 2607 1091 2663 vis
1108 2616 1210 2680 pertus
1226 2609 1367 2665 cruciavit
1383 2610 1515 2682 corporis
1531 2616 1624 2681 crtus,

62 2700 137 2756 Dum
158 2697 314 2756 bellatores
330 2697 460 2769 sequitur
477 2695 628 2751 moriendo
645 2693 766 2766 priores,
944 2695 984 2753 De
999 2696 1083 2765 cujus
1099 2697 1239 2753 mammis
1254 2698 1358 2754 suxisti
1375 2696 1420 2754 leo
1438 2699 1533 2754 tribus
1547 2700 1644 2755 ennis.

101 2789 226 2860 Exponit
243 2794 368 2861 quartus
383 2790 448 2857 post
462 2784 541 2840 banc
560 2783 740 2840 cruciatibus
761 2784 855 2849 artus,
943 2785 1076 2857 suspice,
1092 2794 1169 2852 irate,
1185 2792 1261 2860 peto,
1276 2786 1382 2844 cretum
1400 2794 1567 2860 terramque
1582 2786 1691 2859 videto,

59 2877 163 2937 1118
177 2877 384 2949 lncipiensque
397 2877 537 2941 morinco
550 2875 656 2930 cedens
669 2876 765 2928 mente
780 2869 891 2942 dolorig
946 2875 1019 2931 Aera
1033 2876 1206 2949 conspicito,
1224 2877 1312 2932 maris
1328 2893 1445 2947 equora
1460 2883 1556 2934 mente
1569 2878 1679 2948 subito,

62 2972 150 3035 blois,
166 2971 218 3036 eit,
233 2968 290 3022 ista
306 2965 402 3021 brevis
416 2965 575 3036 carnisque
587 2962 720 3019 molestie
733 2961 857 3034 quevis,
945 2962 1020 3020 Sunt
1034 2981 1108 3037 opus
1123 2965 1173 3021 illa
1188 2964 1239 3022 Dei
1260 2966 1380 3022 diverse
1396 2966 1538 3035 materiei,

62 3057 123 3122 Qua
138 3056 253 3113 crucias
268 3062 384 3128 gentem
400 3054 472 3127 legis
489 3053 624 3110 mendcio
640 3058 821 3121 sequentem,
945 3051 1069 3124 Singula
1084 3054 1170 3125 plene
1184 3053 1270 3110 bonis
1290 3053 1394 3109 divine
1409 3054 1607 3111 conditionis:

63 3146 217 3202 Transitus
234 3146 374 3201 advitam
393 3144 425 3199 lit
442 3146 580 3216 perpetuo
598 3140 770 3209 stabilitam,
903 3114 927 3183 c
949 3141 1019 3197 Nam
1036 3141 1121 3214 polus
1138 3143 1267 3215 insignes
1282 3149 1427 3199 astrorum
1445 3142 1572 3199 continet
1585 3141 1680 3216 ignes,

60 3235 128 3300 Once
144 3235 286 3308 gemitum
304 3235 407 3302 nescit,
425 3248 477 3288 nec
502 3239 634 3303 tempore
648 3230 723 3285 victa
742 3225 887 3298 senescit;
946 3229 1036 3287 Terra
1052 3231 1124 3304 perit
1142 3231 1226 3297 letus,
1242 3247 1317 3305 quos
1332 3235 1377 3287 eet
1393 3232 1479 3289 borno
1492 3248 1610 3304 carpere
1621 3235 1734 3303 suetus,

62 3323 125 3388 Qua
140 3329 274 3398 reparata
288 3340 355 3380 cero
372 3322 495 3393 lulgebit
509 3320 622 3377 lumine
636 3319 724 3386 clero,
945 3316 1029 3375 Unde
1044 3336 1138 3393 genus
1155 3327 1276 3376 nantum
1293 3322 1406 3394 specics
1421 3321 1505 3394 gerit,
1517 3338 1589 3378 nura
1603 3322 1768 3392 volantum,
1875 3308 1881 3329 ²

63 3415 206 3487 Ignorans
223 3431 335 3471 nevum
354 3411 448 3469 seclis
467 3426 605 3467 iriansure
621 3425 671 3481 per
684 3423 788 3465 evum.
945 3407 1012 3473 Qus
1028 3410 1078 3483 qui
1096 3416 1202 3467 cuncta
1218 3410 1290 3484 regit
1305 3410 1357 3468 tibi
1374 3411 1516 3468 servitura
1531 3411 1658 3484 subegit,

63 3502 117 3566 Oui
137 3504 222 3559 modo
238 3519 290 3558 nos
307 3518 403 3575 urges,
419 3508 448 3556 et
462 3506 492 3556 tu
511 3501 626 3556 funeste
640 3512 785 3571 resurges,
945 3498 981 3556 Ut
996 3501 1067 3556 dum
1084 3503 1216 3557 membra
1233 3500 1311 3574 geris
1327 3501 1448 3557 devotus
1461 3501 1487 3558 el
1504 3502 1664 3559 famuleris.

65 3592 100 3649 m
117 3593 219 3649 merito
234 3591 354 3650 sceleris
369 3590 433 3647 sine
449 3592 505 3646 line
520 3604 641 3663 gemens
661 3586 810 3644 crucieris.
944 3588 1018 3645 Huic
1038 3589 1127 3663 igitur
1141 3588 1196 3646 soli
1214 3590 1365 3661 subjectus
1379 3592 1482 3646 cedere
1498 3588 1569 3658 noli,

99 3680 158 3738 Hoc
174 3683 217 3738 sic
232 3681 377 3737 exstincto
392 3679 555 3736 succedunt
571 3677 690 3733 verbera
704 3675 816 3746 quinto,
944 3682 998 3737 Sed
1016 3698 1052 3737 ue
1066 3679 1227 3754 degeneres
1242 3680 1362 3737 lreternl
1377 3680 1532 3754 saligninis
1552 3680 1665 3754 beres3

63 3770 117 3838 Qui
134 3771 203 3827 licet
217 3770 342 3827 sillictus
357 3769 446 3825 veluti
464 3784 520 3823 nori
538 3767 644 3822 sentiat
660 3766 737 3821 icius
945 3772 1000 3826 Pro
1016 3769 1151 3835 Domino,
1168 3771 1220 3838 lili,
1237 3770 1279 3826 ler
1294 3776 1409 3844 pectore
1422 3770 1514 3844 llegre
1529 3768 1616 3839 virili,

63 3861 152 3916 Vultu
169 3865 253 3916 stans
270 3859 353 3915 hilari
371 3874 428 3914 non
444 3861 540 3913 cesset
556 3854 639 3911 lorti·
655 3855 719 3924 leri,
944 3855 998 3915 Fer
1012 3859 1093 3916 necis
1109 3858 1271 3927 horrerem,
1289 3867 1380 3917 totum
1396 3861 1453 3918 sibi
1468 3862 1557 3917 l'unde
1571 3877 1718 3929 eruerem,

66 3948 141 4005 Dum
157 3948 185 4005 vi
201 3964 345 4004 sermonis
361 3945 475 4018 pondus
491 3948 638 4001 sustentet
652 3940 766 4016 agonis,
944 3947 984 4005 Ne
1000 3964 1068 4023 pers
1085 3948 1144 4004 ulla
1160 3950 1215 4006 rnei
1232 3951 1327 4008 cerosi
1341 3951 1473 4007 mercede
1488 3950 1557 4020 diei,

65 4041 282 4110 Auctoremque
298 4035 365 4093 meli
381 4033 537 4107 compellet
553 4032 659 4088 lamine
674 4031 745 4088 tali:
944 4038 1006 4102 Oua
1023 4039 1110 4095 modo
1125 4041 1176 4112 qui
1192 4040 1308 4111 flemus,
1325 4056 1399 4096 nove
1419 4056 1543 4112 corpora
1567 4039 1775 4112 suscipiemus.

64 4129 136 4185 Cum
153 4134 225 4184 netu
244 4127 319 4200 regie
335 4126 381 4181 cui
399 4130 480 4197 paret
494 4124 606 4178 sanctio
621 4121 704 4195 legis,
943 4126 985 4185 lic
1001 4128 1096 4202 patiar
1111 4128 1250 4186 damnum
1267 4135 1295 4186 te
1311 4130 1448 4202 perdens,
1464 4128 1548 4185 vince
1564 4135 1734 4209 tyrannum.

62 4218 98 4275 m
114 4218 159 4274 cui
176 4218 320 4273 servimus
335 4215 403 4272 dum
421 4219 448 4270 te
464 4219 607 4270 mactante
620 4210 761 4283 perimus,
944 4215 1058 4271 lnteree
1069 4215 1188 4286 juranis
1203 4217 1288 4285 cuius
1300 4232 1383 4272 mens
1398 4215 1497 4271 dedite
1513 4216 1606 4287 posuis

65 4310 126 4375 Ona
141 4327 194 4367 noe
208 4310 330 4367 infestae
345 4308 397 4364 tibi
414 4307 457 4363 sic
474 4304 614 4378 permissa
632 4308 770 4376 potestas,
944 4302 1061 4360 Dudum
1072 4302 1165 4377 llagra
1180 4305 1270 4377 cupit,
1288 4304 1330 4360 sic
1346 4305 1434 4361 lando
1450 4302 1567 4359 silentia
1583 4303 1682 4377 rupit:

63 4399 144 4466 Quod
161 4416 284 4457 censura
300 4398 358 4472 poli
375 4414 432 4452 non
448 4397 567 4451 damnet
581 4395 698 4450 credere
715 4392 784 4460 noli,
943 4392 1030 4459 Quid,
1047 4410 1105 4459 rex.
1128 4401 1291 4466 exspectas,
1306 4409 1343 4450 an
1360 4399 1393 4449 nt
1407 4393 1501 4450 ardua
1516 4401 1632 4466 pectora
1650 4390 1773 4450 llectesi

70 4488 189 4556 Quodve
204 4506 292 4547 suum
311 4488 422 4545 cultum
439 4485 537 4557 sperni
554 4483 681 4556 patietur
695 4482 842 4553 multumt
905 4479 930 4547 D
948 4482 1050 4538 tentas
1066 4499 1170 4554 rumpe
1188 4499 1295 4550 neuras,
1308 4483 1413 4539 frustm
1425 4483 1593 4539 cunctando
1610 4483 1738 4541 labores.

65 4578 137 4636 Nam
155 4597 206 4653 pro
221 4598 251 4637 se
266 4585 374 4636 stratos
391 4577 476 4634 laciet
492 4576 527 4631 de
544 4581 636 4631 morte
652 4575 763 4631 beatos.
944 4572 1022 4646 Legi,
1038 4588 1096 4628 non
1118 4573 1190 4646 regi,
1207 4589 1314 4645 corpus
1331 4578 1521 4645 mentemque
1536 4572 1659 4646 subegi;

62 4667 102 4724 Te
116 4670 195 4724 velut
216 4670 362 4741 ingratum
381 4667 503 4740 perimat
519 4667 599 4737 prius
614 4665 824 4737 excruciatum,
944 4666 1028 4727 Ultra
1043 4680 1130 4738 quem
1143 4663 1244 4719 vellem
1260 4661 1359 4717 tardes
1376 4664 1479 4733 punire
1494 4659 1651 4729 rebellem3

62 4757 122 4815 Nec
139 4765 189 4814 tua
207 4760 362 4832 posteritas
378 4774 479 4831 pones
494 4756 597 4811 evadet
611 4754 714 4811 avitas·
942 4757 1047 4817 mo
1057 4751 1475 4820 Vexascumrtillers,ssdcum
1487 4747 1776 4823 punisprcmlaoon.

102 4846 224 4911 Quintus
240 4849 301 4904 obit
315 4848 417 4905 victor.
434 4846 519 4902 Sexto
535 4845 584 4899 dat
598 4844 720 4900 vulnere
736 4843 831 4914 lictor,
1637 4836 1718 4913 [lere.

65 4934 235 4992 Visceribus
250 4937 335 4994 tortis
350 4937 399 5010 qui
416 4941 497 4991 stans
513 4933 541 4988 in
556 4930 656 4988 limine
672 4935 774 4991 mortis
943 4937 1016 4996 Nam
1032 4950 1179 5008 spesque
1195 4934 1286 4988 restet
1301 4930 1387 4988 nobis
1404 4927 1509 4987 soletis
1524 4933 1655 5003 prestet,

65 5024 210 5081 dimittens
226 5041 323 5080 vocem
341 5040 434 5098 regem
451 5022 583 5078 conlntet
601 5027 750 5078 atrocem:
943 5028 1029 5085 Parta
1044 5024 1145 5082 dolore
1160 5022 1238 5079 brevi
1254 5037 1321 5094 spes
1336 5021 1401 5076 vile
1419 5019 1545 5091 perpetis
1560 5018 1622 5075 evi.

63 5113 152 5170 Erras
169 5130 226 5170 non
241 5113 351 5180 leviter,
366 5111 509 5168 scelerum
525 5126 631 5165 vesane
647 5109 791 5179 minister,
945 5116 1003 5172 llac
1017 5132 1069 5186 spe
1084 5111 1223 5170 suffultus
1241 5109 1336 5166 nullos
1353 5109 1477 5164 lormido
1493 5109 1658 5176 tumultos;

62 5201 146 5266 Quod
164 5209 266 5258 contre
281 5203 386 5258 coelum
399 5206 497 5256 vibres
513 5199 548 5253 ad
568 5199 688 5253 vulnera
705 5201 794 5255 telum
944 5203 1003 5261 Hac
1018 5220 1070 5267 eno
1085 5220 1137 5274 spe
1153 5204 1243 5257 lretus
1257 5207 1308 5255 tua
1328 5215 1450 5269 provoco
1465 5200 1585 5254 verbere
1601 5199 1702 5265 leatus3

64 5295 143 5347 blore
159 5292 293 5363 giganteo
305 5293 386 5363 J'ustc
401 5308 434 5346 su
441 5292 560 5360 perante
576 5286 723 5359 trophaeo3
945 5293 1004 5350 lino
1019 5293 1107 5350 etiam
1124 5296 1205 5348 tortis
1221 5296 1304 5346 tutus
1321 5295 1387 5362 peto
1404 5289 1505 5343 limine
1525 5290 1637 5354 mortis,

64 5378 124 5437 Noe
141 5397 192 5453 pro
209 5380 335 5453 peccatis
351 5379 472 5435 termino
490 5376 661 5451 prohibente
678 5378 801 5449 patratis
944 5383 1038 5442 Oreas
1055 5400 1105 5457 pro
1120 5380 1242 5455 reliquis
1258 5385 1291 5436 ut
1304 5396 1363 5436 non
1375 5379 1524 5435 socientur
1538 5376 1660 5449 iniquis,

64 5467 141 5526 Dum
160 5487 259 5541 ltoessefl
276 5469 384 5525 luimtffl
398 5468 487 5524 vitam
506 5466 656 5523 m0ti⁰¹1d⁰
672 5466 820 5528 ⁸ultimus·
946 5474 1039 5548 thue
1056 5489 1168 5531 memor
1191 5477 1304 5545 petrum
1329 5469 1464 5543 placatus
1486 5467 1628 5538 sanguine
1645 5464 1769 5521 lrelrum

62 5561 100 5618 Αῑ
114 5559 169 5615 ilbi
182 5576 232 5615 ⁰⁰?
247 5561 353 5615 illrum
371 5574 427 5615 ¹1⁰⁰
445 5565 484 5614 ⁰³¹
497 5555 617 5628 impune
634 5556 777 5627 inlutum·
942 5567 1007 5626 lem
1023 5568 1121 5624 nostro
1137 5561 1236 5637 generi
1254 5566 1329 5618 Deus
1344 5559 1465 5632 incipiet
1480 5553 1625 5614 misereri.
