3802 6030
117 278 175 340 tre
605 280 699 344 vau.
721 278 961 343 utrumnam
982 226 1186 343 cruenta.
1209 278 1332 343 misc.
1769 286 1827 346 tre

123 409 170 467 otti
185 414 215 467 et
229 410 384 483 rubiginis,
401 411 544 484 propheta
558 413 618 472 leel
634 414 677 471 sio
692 412 824 470 declarat
847 431 854 471 ε
870 413 944 472 Reti·
957 415 986 483 Α
1000 411 1045 469 vel
1056 412 1187 486 ingenita
1197 413 1253 471 sibi
1265 413 1378 470 ratione
1392 415 1564 489 gubernari.
1585 415 1713 488 Quippe,
1725 425 1829 489 quanto

114 500 204 557 duum
217 516 305 558 erucas
319 500 437 558 comedit
451 502 565 572 locunt,
579 503 720 561 residuum
733 503 850 562 locuste
859 518 946 562 come·
1000 512 1120 576 tempore
1130 505 1363 579 increparemus
1374 511 1414 562 est
1428 505 1501 579 (Gal.
1524 524 1563 576 tv,
1591 506 1628 577 l),
1653 509 1830 582 pedagogus

116 590 157 648 dit
169 593 300 663 erotus,
316 598 466 652 residuum
481 597 580 653 bruchi
593 600 710 655 comedit
722 597 818 670 rulipo
831 597 910 669 (leel.
923 612 943 665 t,
998 593 1024 650 ei
1042 594 1220 666 providetur,
1237 596 1422 668 Pt0ti⁸t¹r⁰⁸t
1440 612 1475 651 11⁰
1490 596 1561 668 quid
1578 596 1630 653 ¹¹²
1655 596 1768 653 θῐῦίᾶᾶῑ
1793 598 1830 654 de

123 681 160 755 2).
177 681 218 739 De
232 685 274 740 eie
289 685 479 742 doctissimus
495 690 644 758 poetarum
664 685 712 743 hie
737 686 867 758 loquitur
880 703 943 743 ver·
998 683 1305 756 summapatrimonii,
1319 684 1463 758 nelingua
1474 686 1829 759 vaniloquiisassuescat,

120 771 191 829 bis:
998 790 1034 831 ne
1054 774 1270 847 turpitudinem
1295 780 1401 832 tenere
1426 774 1598 848 praebibant
1622 777 1766 844 medulloe,
1792 793 1829 834 ne

116 861 186 919 ilinc
201 866 327 920 metuunt
352 866 549 937 cupientem
574 864 665 922 doleat
685 865 872 938 pendeatque,
893 881 943 923 trec
998 864 1100 921 tandiu
1130 881 1203 937 puer
1230 864 1318 931 vivat,
1348 864 1440 921 donee
1470 881 1545 938 puer
1582 867 1759 922 centenarius
1789 868 1825 924 ad

809 955 906 1030 [curos
997 951 1144 1010 tumulum
1162 953 1234 1010 latis
1253 953 1404 1010 deleretur
1428 954 1578 1027 exsequiis
1600 954 1667 1026 (91).
1697 955 1827 1028 Reliquae

119 1042 798 1117 Dispiciaatclevaretcucbtit,elcerccrecaeco.
997 1049 1095 1099 autem
1110 1050 1210 1100 etates
1227 1043 1340 1100 ratione
1372 1049 1525 1114 reguntur,
1557 1044 1614 1099 nisi
1642 1044 1824 1116 perturbatio

681 1135 815 1205 titana.)
996 1134 1106 1204 proprii
1122 1132 1277 1200 domicilii,
1300 1132 1346 1189 vel
1361 1130 1473 1204 aliquid
1490 1133 1609 1189 aliunde
1623 1133 1678 1205 (92)
1693 1133 1824 1190 ol'llcium

152 1220 281 1286 Quorum
312 1221 381 1287 duo,
406 1224 548 1295 gaudium
587 1223 700 1281 scilicet
741 1230 770 1281 et
797 1224 939 1294 dolorem,
996 1222 1118 1279 rationis
1141 1223 1296 1296 impediat.
1330 1223 1410 1287 Quod
1440 1224 1465 1279 si
1494 1223 1648 1296 contigerit
1676 1223 1706 1279 iu
1736 1240 1825 1297 repu-

115 1312 162 1368 ss
192 1313 290 1367 varius
334 1328 430 1369 rerum
462 1317 585 1370 suscitat
623 1319 755 1384 eventus,
793 1314 940 1387 impotens
996 1311 1824 1386 blicaiuleriorisliujuebominisuostri,eteJusquem

116 1402 206 1457 enimi
227 1402 420 1457 constantiam
451 1409 622 1476 extorquere
653 1404 792 1477 sapienti,
817 1407 940 1478 Sapiens
995 1402 1241 1471 circumivimus,
1272 1400 1345 1458 nihil
1376 1402 1432 1457 rite
1460 1401 1504 1469 iit,
1527 1402 1819 1467 nibilcrdine,nihil

117 1491 207 1564 enim,
225 1494 365 1547 adversus
381 1509 443 1549 cetu
460 1510 547 1564 quum
563 1493 660 1550 dicitis
678 1495 837 1564 tartunam,
864 1512 939 1552 nun·
996 1491 1073 1546 unde
1088 1491 1256 1559 doceamur,
1272 1491 1342 1563 quid
1359 1508 1376 1547 a
1391 1491 1502 1547 ceteris
1514 1491 1717 1547 animantibus
1729 1492 1821 1548 humi·

120 1597 208 1653 quam
226 1583 399 1653 imparatus,
416 1600 565 1654 uunquam
583 1583 704 1639 inermis
720 1584 877 1641 invenitur.
893 1588 940 1641 Se-
995 1596 1061 1636 uem
1078 1586 1206 1654 separet,
1224 1581 1307 1636 uniat
1320 1578 1369 1654 [al.
1383 1579 1461 1634 vival
1484 1580 1553 1636 Deo.
1576 1579 1719 1637 Ceterum
1751 1597 1817 1637 cum

120 1685 187 1726 oum
205 1671 293 1725 babet
308 1688 365 1742 quo
381 1680 540 1742 praeeaveat
555 1672 690 1741 insidias,
706 1674 941 1745 quejaculalru·
994 1669 1099 1726 rationi
1125 1687 1181 1741 pax
1208 1671 1264 1741 (93)
1291 1674 1346 1739 est,
1374 1676 1404 1725 et
1426 1669 1492 1740 ipsa
1514 1669 1544 1724 iu
1561 1670 1819 1727 administratione

117 1767 226 1816 stratur
253 1761 376 1815 iniutici.
407 1760 491 1817 Extra
521 1778 552 1817 se
581 1762 692 1818 ttullum
717 1759 1298 1861 pugnaequoeritBpraelatareipublice
1316 1775 1399 1815 suam
1417 1759 1711 1828 retinetlibertatem,
1738 1765 1818 1818 totus

116 1855 300 1920 apparatum.
318 1847 348 1903 ln
364 1851 442 1904 omni
460 1866 529 1905 casu
556 1852 653 1921 seipso
668 1857 751 1908 tutus
762 1857 817 1909 est.
833 1856 940 1910 Pectus
994 1850 1082 1905 homo
1094 1851 1166 1907 bene
1178 1848 1375 1922 regitur,idem
1388 1853 1433 1905 est
1445 1849 1560 1904 animus
1571 1848 1636 1920 (94),
1647 1849 1707 1905 sive
1719 1849 1820 1920 pulse-

116 1941 180 2008 ejus
194 1936 328 2009 pharetra
340 1939 484 2007 fertilis,et
500 1942 761 1996 armamentarium
775 1941 938 2014 cupiosum.
993 1944 1043 1996 tur
1057 1939 1195 2006 adversis,
1212 1955 1263 1995 seu
1279 1938 1346 1995 laeta
1359 1936 1531 1994 blandiantu
1541 1938 1691 1995 aluuoea
1703 1938 1821 1994 vivendi

115 2030 237 2098 Semper
252 2029 365 2091 senilia
392 2032 540 2096 exulterat,
563 2045 678 2102 semper
693 2032 825 2086 abundat
841 2033 939 2087 muni·
993 2027 1070 2101 leges
1087 2027 1260 2100 praescribit,
1276 2026 1590 2097 decernitimmobilia,
1609 2026 1819 2099 dispensandis

115 2117 233 2173 mentis.
251 2118 366 2173 Hauriri
388 2118 422 2191 [s.
441 2118 598 2188 eabauriri]
612 2127 784 2194 nunpotest,
801 2138 867 2178 cum
879 2123 939 2179 tela
993 2117 1258 2176 inclinatorium
1281 2118 1318 2173 ad
1342 2117 1581 2188 componendum
1596 2122 1699 2189 pectus
1715 2116 1818 2173 buma-

114 2221 249 2280 prumerc
277 2223 334 2261 nou
363 2207 494 2263 desistat.
521 2209 633 2275 Quibus
648 2209 697 2266 ille
713 2210 856 2278 munitus,
874 2212 937 2267 uui·
993 2224 1072 2274 num,
1101 2206 1323 2279 circumspectis
1345 2205 1478 2280 invigilat
1509 2205 1656 2262 institutis
1683 2211 1821 2275 ;tunoet

113 2311 197 2351 versa
211 2297 332 2351 lortunae
345 2295 651 2369 missiliacontemuit‚
663 2299 842 2372 obsequente
858 2301 936 2372 pari·
992 2298 1233 2354 createteducat
1257 2299 1418 2367 sapientem
1447 2293 1822 2361 Quotidelicetiustituta

113 2388 156 2440 tet
171 2389 200 2438 et
215 2391 407 2455 persequente
420 2385 563 2458 superior.
582 2391 655 2443 itum
670 2403 704 2443 ea
720 2386 937 2459 blanditur,in·
992 2387 1179 2459 (iliricumad
1210 2401 1257 2441 me
1286 2383 1459 2440 traducibus
1495 2384 1611 2457 paginis
1627 2384 1820 2454 pervenirent,

113 2471 500 2544 gratuseat3dumintouat,
524 2480 708 2545 aspernatur.
724 2476 820 2532 Nullis
837 2492 935 2533 rerum
992 2477 1118 2548 publicis
1131 2474 1338 2547 conspectibus
1352 2475 1531 2546 exponenda
1561 2472 1687 2538 decrevi,
1711 2473 1822 2529 veritus

114 2566 246 2617 movetur
267 2563 430 2630 eventibus,
466 2563 613 2620 insultans
640 2564 794 2622 universis.
824 2567 936 2640 Quippe
991 2566 1130 2621 invidiam
1151 2569 1345 2636 posterorum,
1371 2564 1396 2619 el
1426 2580 1459 2618 ea
1490 2563 1616 2634 posteris
1645 2561 1820 2621 inviderem.

113 2649 187 2706 niltil
202 2656 258 2716 est,
274 2651 352 2706 unde
368 2667 424 2707 nun
442 2652 604 2724 triumphet
619 2653 710 2708 animi
726 2654 934 2728 triumphator.
990 2655 1057 2710 lieo
1084 2654 1173 2724 ipitur
1198 2653 1255 2708 illie
1280 2651 1410 2716 exaravi,
1439 2651 1490 2725 qui
1528 2666 1581 2707 neo
1608 2651 1759 2723 prosperis
1775 2667 1820 2707 re·

113 2736 259 2795 Fortassis
274 2750 369 2795 autem
385 2742 492 2812 queris
508 2742 616 2813 quibus
632 2740 721 2798 armis
736 2748 796 2798 tam
811 2744 934 2801 viriliter
989 2750 1122 2799 verenter
1138 2747 1270 2809 utuntur,
1285 2757 1338 2796 nec
1354 2741 1467 2795 immoti
1484 2739 1558 2795 dura
1582 2744 1801 2812 pertranseunt.

111 2827 230 2899 sapiens
246 2827 365 2884 dimicet
380 2845 437 2900 qua
460 2830 612 2902 pugnandi
637 2831 732 2887 lurma
757 2831 875 2890 bilormi
896 2835 935 2891 sit
1024 2830 1227 2890 consideranti
1243 2831 1300 2903 (96)
1311 2830 1483 2901 diligentius
1499 2829 1568 2901 quid
1586 2831 1625 2885 sit
1641 2827 1817 2893 homo,nihil

112 2915 196 2972 boote
224 2918 368 2989 potentior
394 2917 408 2974 l
432 2917 512 2982 Quod
539 2920 563 2974 si
588 2919 696 2990 nescis,
719 2920 871 2994 deceptum
888 2939 934 2980 me
988 2920 1172 2995 probabilius
1188 2919 1532 2990 occurrit,quamipsum
1546 2917 1818 2973 esseonimaldtvi·

111 3005 263 3074 confiteor,
279 3008 329 3077 qui
345 3023 379 3062 ca
407 3023 460 3063 nec
488 3007 587 3079 ignota
617 3009 680 3078 tibi,
697 3024 749 3066 nee
764 3009 817 3066 tibi
832 3011 933 3069 deesse
990 3028 1073 3076 num,
1087 3015 1116 3066 et
1131 3009 1211 3082 quasi
1231 3009 1358 3082 quodam
1384 3008 1532 3078 participio
1558 3007 1689 3062 numinis
1704 3005 1763 3078 (97)
1775 3007 1819 3063 in·

111 3094 295 3150 crediderim.
327 3094 429 3151 Inlelix
459 3097 504 3151 cui
529 3097 934 3170 contigeritprelatncarere
988 3101 1104 3174 signiri.
1121 3099 1245 3156 Ossibus
1265 3104 1294 3154 et
1319 3112 1406 3154 carne
1431 3100 1583 3168 patentem
1607 3095 1775 3151 circumlert
1788 3100 1818 3152 et

110 3192 259 3242 armatura
288 3205 296 3254 ;
333 3185 565 3256 infelicissimus,
594 3187 641 3242 cui
670 3188 759 3243 etiam
788 3169 970 3261 ignorare.G
989 3190 1199 3263 sapitterram.
1225 3187 1353 3255 ltalionc,
1374 3185 1432 3241 Deo
1447 3202 1479 3242 se
1494 3185 1692 3257 propinquum
1703 3189 1733 3242 et
1747 3185 1814 3241 aiii·

107 3271 933 3348 ApudhujusmodiDemocritusmateriamrisusinvenit;
990 3296 1058 3336 nem
1085 3277 1249 3335 denuntiat.
1274 3276 1334 3332 Hac
1359 3291 1428 3332 sanc
1458 3275 1654 3347 prerogativa
1688 3289 1755 3330 eum
1781 3274 1816 3330 ad

107 3360 320 3419 Demosthenes
333 3363 388 3434 (90)
399 3365 606 3437 lacrymarum.
624 3365 706 3421 Absit
718 3371 816 3423 aulem
830 3372 862 3423 ut
873 3367 935 3425 alea
989 3369 1149 3442 imaginem
1161 3367 1211 3423 Dei
1221 3371 1250 3421 et
1267 3363 1492 3422 similitudinem
1510 3363 1664 3419 conditum
1678 3364 1819 3420 divinitus

107 3467 205 3508 rerum
233 3458 263 3508 te
292 3452 376 3508 talem
402 3453 520 3520 el'liciat,
549 3458 578 3510 et
602 3453 712 3510 sobolis
742 3456 933 3514 amissionem
990 3459 1081 3532 ltloyai
1107 3461 1272 3514 attestatur.
1298 3454 1378 3525 (Gen.
1407 3453 1458 3524 tv).
1475 3451 1819 3510 Undcidetiamhomini

110 3547 254 3612 sequntur
276 3544 397 3599 amissio
417 3541 567 3614 sapientis.
593 3543 722 3600 Graevius
747 3546 932 3619 naufragium
989 3547 1123 3614 accessit,
1140 3552 1173 3602 ul
1187 3561 1255 3600 vere
1269 3545 1346 3600 bona
1368 3559 1419 3615 per
1442 3558 1505 3597 earu
1526 3544 1694 3614 cognoscat,
1711 3548 1739 3596 et
1754 3541 1820 3598 dili·

111 3632 383 3701 passusesinsolo,
401 3647 486 3702 quam
499 3631 529 3687 in
549 3632 622 3700 salo,
639 3631 692 3688 lilii
704 3633 756 3702 tui,
772 3633 798 3689 si
810 3635 933 3691 tortura
989 3643 1048 3712 gat.
1071 3638 1137 3703 Qus
1160 3642 1258 3692 autem
1281 3634 1419 3706 opinione
1429 3633 1517 3700 „bona
1553 3636 1632 3698 sunl,
1660 3636 1819 3704 cognoscat

109 3719 570 3791 tempestaesapientisapieutem
586 3724 717 3780 extorsit.
731 3721 811 3785 Quod
824 3725 933 3782 lactum
987 3727 1169 3800 quidem,ecd
1184 3724 1239 3781 nisi
1256 3725 1331 3779 sicut
1348 3723 1397 3796 [nl.
1426 3724 1476 3778 sed
1503 3738 1561 3777 non
1591 3721 1817 3793 aicutloportet,

112 3823 170 3862 non
187 3808 301 3874 dubito,
321 3806 346 3863 si
371 3814 398 3865 te
428 3809 569 3881 preteriit
594 3811 701 3882 quibus
728 3813 933 3872 instrumentis
987 3826 1014 3874 et
1030 3818 1059 3873 in
1075 3818 1184 3890 quibus
1199 3818 1314 3886 oportet
1327 3811 1514 3884 condiligat.
1530 3811 1648 3866 ltatione
1667 3810 1815 3881 siquidem

110 3900 210 3953 tuetur
237 3897 366 3970 sapiens,
396 3914 453 3954 non
480 3900 612 3967 domum,
640 3902 858 3975 sedjseipsum,
874 3921 932 3961 non
988 3908 1136 3974 ducemur,
1153 3923 1184 3962 ee
1209 3921 1272 3977 que
1292 3902 1407 3959 virtutis
1423 3905 1504 3969 sunt,
1519 3917 1586 3956 vera
1600 3917 1667 3956 esse
1683 3899 1769 3968 bona,
1785 3906 1815 3957 et

109 3986 490 4058 supellectilem,sedsnimi
501 3987 933 4058 libertatemouorumscitioet
987 3998 1048 4054 hac
1062 4013 1127 4053 esse
1139 3995 1216 4051 intre
1231 4010 1295 4049 nos.
1325 3994 1392 4060 oue
1419 4007 1487 4047 vero
1503 3989 1702 4062 temporaliter
1718 3990 1813 4062 posei-

107 4077 374 4134 instrumentorum
398 4078 422 4133 si
443 4077 496 4134 tibi
512 4077 613 4151 elapsa
627 4082 673 4135 est
689 4081 803 4147 notitia,
820 4083 881 4139 redi
894 4084 930 4139 ad
986 4087 1096 4154 demus,
1108 4083 1244 4156 opinione
1263 4097 1328 4138 esse
1343 4081 1429 4149 bona,
1446 4084 1475 4136 et
1487 4077 1706 4135 haccircaoos.
1724 4077 1813 4135 Porro

105 4170 144 4237 te,
155 4171 185 4223 et
197 4183 270 4239 quus
290 4166 455 4239 reipublice
482 4166 572 4223 debes
594 4167 705 4238 oculos,
723 4169 841 4242 scriptis
856 4188 930 4244 pre·
986 4192 1050 4249 qua
1064 4175 1143 4231 circa
1158 4189 1211 4228 nos
1233 4176 1313 4236 suut,
1335 4186 1393 4225 nou
1410 4170 1516 4232 nostri,
1533 4169 1582 4223 sed
1598 4165 1721 4223 alterius
1733 4168 1812 4235 juris

105 4256 239 4313 sentibus
266 4258 422 4313 admovere
449 4273 507 4313 non
538 4256 670 4313 moreris.
699 4259 768 4325 Qua
792 4276 929 4318 cumaeo
984 4260 1228 4320 sunteasuseis
1245 4255 1807 4332 principatur.Nesciuntexnostrove}

104 4345 318 4404 sententiarum
334 4349 487 4415 majestate
497 4345 725 4413 scintillent,nec
737 4347 840 4406 ordine
851 4367 929 4406 com·
983 4352 1091 4418 venire,
1106 4351 1151 4407 vel
1166 4355 1243 4407 stare
1258 4347 1390 4404 arbitrio.
1405 4347 1564 4403 Nobiscum
1580 4349 1723 4416 tanquam
1740 4361 1807 4416 pre·

105 4436 429 4503 mentientur,uutarte,
441 4435 564 4491 tortasse
575 4441 671 4491 tamen
683 4452 718 4492 ex
730 4440 928 4512 eisexprimss
984 4441 1061 4497 caria
1076 4444 1157 4507 suut,
1182 4442 1323 4509 tauquam
1352 4451 1455 4491 servus
1481 4433 1606 4489 alicnus.
1622 4431 1701 4488 Nihil
1718 4431 1810 4490 biset

104 4525 224 4597 aliquid,
240 4542 298 4598 quc
310 4525 381 4581 vela
404 4525 501 4598 lunge,
516 4524 677 4598 speculeris
685 4528 765 4583 illam
783 4533 926 4601 sapientis
941 4522 965 4588 D
981 4527 1051 4597 illis,
1067 4529 1172 4600 quibus
1187 4541 1264 4593 vera,
1283 4524 1327 4580 vel
1342 4524 1477 4587 babetur,
1491 4521 1534 4578 vel
1550 4521 1696 4577 amittitur
1711 4520 1807 4576 ielici·

103 4620 295 4671 armaturam.
312 4614 374 4671 Nun
389 4620 489 4671 omnia
504 4615 719 4672 contemnenda
734 4621 925 4693 suut,quibus
980 4623 1036 4676 tas.
1053 4618 1165 4688 Quippe
1180 4632 1265 4672 nemo
1282 4613 1450 4681 lelix,netuo
1466 4611 1554 4668 miser
1570 4610 1620 4666 4⁸
1635 4626 1670 4665 ex
1694 4609 1805 4667 alieno.

102 4704 196 4762 multa
211 4705 331 4775 reperiri
347 4711 470 4776 possunt
496 4703 626 4760 meliora.
651 4707 691 4761 Ex
715 4723 791 4780 uque
813 4708 922 4781 plures,
977 4711 1069 4763 Suum
1085 4712 1129 4762 est
1143 4703 1271 4761 hominis
1286 4703 1428 4776 quidquid
1447 4700 1490 4756 vel
1507 4701 1618 4756 bouum
1634 4699 1703 4754 lacit
1726 4715 1805 4768 esse,

102 4810 191 4867 quam
203 4792 563 4855 exmuleo.sitisardurem
580 4793 757 4850 exstinxisse
779 4797 921 4858 invenies.
977 4797 1021 4854 vel
1037 4794 1189 4853 miserum.
1201 4792 1348 4864 Evangelii
1365 4791 1534 4847 ficulneaea
1550 4789 1729 4845 fecunditate
1748 4805 1806 4846 sua

99 4880 250 4953 Imprimis
280 4882 370 4954 igitur
398 4898 516 4938 necesse
546 4887 591 4937 eet
615 4884 749 4940 attendas
763 4887 923 4956 quamlibet
977 4882 1415 4961 gratiamnequlrit,sxdelectu
1439 4878 1616 4936 succidium.
1636 4876 1803 4934 Sicutecri·

98 4969 228 5028 hominis
243 4977 368 5040 elatem,
384 4970 429 5027 vel
444 4971 624 5028 extrinsecus
639 4972 740 5030 accitis
760 4978 921 5048 tutoribus,
977 4977 1019 5033 bit
1048 4971 1241 5048 philosophus
1270 4970 1338 5044 (98),
1368 4985 1476 5042 equum
1500 4985 1556 5024 sua
1573 4966 1802 5038 lauitinsignem

133 5095 187 5168 (90)
203 5094 246 5152 lta
260 5112 363 5152 omnes
379 5111 464 5166 mes,
478 5096 528 5151 sed
547 5095 652 5152 melius
666 5098 832 5158 Heraclitus.
975 5097 1206 5168 Philosophiam.
1234 5109 1321 5166 quatu
1350 5110 1385 5148 ex
1412 5094 1522 5165 optimo
1549 5108 1604 5148 ms.
1621 5088 1800 5161 colbertino,

133 5169 188 5238 (91)
206 5170 284 5239 libr,
313 5167 462 5240 obsequiis,
486 5173 516 5223 at
540 5168 590 5224 alii
619 5184 689 5226 mss.
719 5169 918 5231 habentem·
974 5187 1003 5227 n.
1030 5170 1102 5226 2662
1129 5174 1159 5226 et
1186 5166 1333 5222 Victorino
1347 5166 1401 5221 759
1415 5166 1559 5228 eruimus,
1572 5179 1634 5235 que
1650 5169 1679 5246 ot
1696 5163 1801 5219 inscri-

98 5238 182 5312 lltl‘f‘·
974 5242 1055 5298 bitur
1083 5244 1119 5298 ue
1148 5239 1219 5296 atili
1241 5248 1269 5295 et
1291 5237 1412 5295 bonetto.
1437 5236 1518 5295 Hanc
1543 5244 1642 5293 autem
1658 5234 1735 5290 tnl‘ra
1751 5250 1800 5293 re·

130 5311 187 5386 (92)
202 5313 245 5370 lta
260 5312 325 5369 libr.
353 5314 382 5367 et
405 5309 491 5367 lieth.
516 5309 639 5375 Quidam
660 5310 711 5368 alii
726 5311 835 5371 habeut
849 5318 917 5374 otie-
974 5328 1098 5386 peries·
1679 5376 1685 5388 ⁶

95 5397 173 5438 mtm.
1008 5385 1065 5455 (eut
1092 5384 1134 5440 Ad
1164 5383 1225 5438 bec
1253 5381 1354 5446 verba,
1377 5378 1581 5444 consideranti,
1600 5376 1632 5434 in
1647 5376 1798 5450 aliquibus

139 5454 185 5527 93)
201 5456 280 5526 liba,
293 5469 402 5529 porciu.
418 5453 526 5510 Omnes
546 5452 607 5522 alii,
622 5469 679 5524 pun
693 5463 742 5510 erl.
973 5473 1043 5513 mss.
1054 5449 1483 5525 hoodividtturepietolo,que
1497 5452 1527 5507 iu
1544 5448 1681 5524 pluribus
1690 5449 1795 5507 eadem

135 5524 183 5596 ut)
197 5528 278 5596 liba,
294 5527 368 5584 mem
381 5525 493 5584 unimus
505 5527 570 5583 siue.
586 5525 668 5583 coln.
685 5530 715 5582 et
731 5526 814 5596 liat,
830 5528 864 5586 td
878 5537 917 5587 set
971 5529 1047 5587 serie
1062 5529 1262 5586 continuatur.

89 5597 195 5658 enimc.
209 5600 329 5658 Rectius
346 5597 417 5655 wem
430 5603 471 5654 est
485 5600 609 5657 enimus.
814 5645 818 5653 .
1007 5600 1064 5674 (97)
1079 5599 1157 5665 tube„
1173 5595 1303 5654 amiate.

124 5666 180 5746 (95)
195 5671 250 5732 llio
278 5669 470 5747 probabiliter
498 5667 637 5744 iutelligit
665 5667 807 5732 Moralem
831 5669 914 5734 illam
1005 5672 1061 5750 (98)
1077 5671 1237 5748 Epictetus,
1251 5664 1329 5741 apud
1346 5664 1516 5728 anianum.
