3802 6030
89 192 168 320 lest
585 251 675 314 veit.
698 248 943 315 sinuessam
963 247 1163 314 denotati.
1185 248 1308 315 EPISG.
1732 250 1806 318 leot
1837 318 1841 351 3

88 386 308 458 Bercioulasqus
323 384 412 454 levas,
425 389 454 442 et
468 388 604 458 agentern
631 384 757 442 Prothoe
770 383 915 440 muudum
932 385 960 454 A
1009 382 1087 452 iilos,
1102 384 1182 440 velut
1195 384 1225 440 iu
1237 399 1304 441 cera
1317 383 1374 442 mel
1389 384 1521 444 latitabat
1535 385 1649 447 adbuc.

125 476 255 550 Despicit
269 487 390 532 sternas
407 491 517 547 pauper
531 476 655 547 adeptus
671 491 752 547 apes.
971 472 1090 530 Nullius
1105 478 1182 530 certa
1197 473 1314 531 virtutis
1329 476 1504 548 splendidus
1519 494 1604 547 suro,

89 567 228 637 Suspicor
242 565 389 636 angelicas
400 564 469 621 bino
489 566 636 621 exsultare
650 565 796 634 cobortes,
1004 562 1066 619 Sub
1080 563 1142 619 vitii
1160 563 1277 636 plumbo
1293 566 1408 622 sorduit
1423 565 1478 622 iste
1494 567 1556 624 diu.

127 656 162 712 Et
176 655 240 712 cmii
257 656 334 711 cives
349 655 485 725 plaudere
501 656 562 710 cive
578 671 661 712 noro.
969 651 1133 711 Demisere
1150 654 1221 709 lusit
1235 671 1300 711 sors
1315 654 1403 728 longo
1419 665 1559 727 tempore,
1575 657 1706 718 demum

90 746 252 804 maledics
267 742 402 801 Octobris
416 752 490 811 erut.
507 759 574 800 cum
592 743 689 801 Bruno
704 742 853 815 professos
1007 742 1044 798 Se
1060 758 1197 812 peccasse
1212 745 1309 799 sciens
1324 752 1370 799 est
1381 746 1517 802 miserata
1535 747 1644 806 sirum.

127 833 280 901 Naturam,
296 835 331 888 ad
348 850 470 906 superos
485 838 661 891 exoneratus
680 833 752 889 abit.
970 830 1004 888 iil
1018 832 1107 887 veluti
1123 833 1236 889 veniam
1253 840 1362 904 peteret
1376 835 1444 903 sibi,
1460 835 1564 893 leniter
1577 836 1623 894 illi

90 924 183 987 XLVI.
198 921 378 997 Epitaphium
408 924 495 982 liclioe
510 925 547 996 (7)
563 923 671 980 cometis
692 921 916 981 Cenomanensis.
1006 921 1178 988 Suuridsns,
1191 922 1330 978 miserum
1347 923 1424 979 tollit
1439 926 1469 981 ia
1485 942 1538 985 axo
1552 944 1620 984 suo.

378 1015 429 1087 (Ex
445 1019 547 1070 eodem
563 1017 633 1083 ms.)
972 1008 1205 1069 Fortunarurru
1222 1013 1257 1067 de
1275 1013 1393 1082 pulvere
1406 1021 1509 1086 raptus
1523 1017 1560 1072 ad
1576 1033 1676 1076 arcem

89 1104 161 1166 iura
175 1110 315 1174 incuset
330 1109 410 1178 pacis
425 1120 540 1173 amaus,
556 1107 585 1159 et
598 1101 744 1159 maximus
758 1099 848 1159 armis
1007 1097 1161 1166 Culminis,
1177 1102 1212 1155 ad
1230 1102 1345 1157 mitram
1363 1105 1496 1174 presulis
1510 1105 1559 1161 ille
1572 1108 1665 1164 volat.

91 1196 190 1254 ileliae
204 1213 306 1253 causor
320 1194 475 1262 scelerum,
492 1200 635 1264 patronus
650 1191 776 1259 bonesti,
971 1186 1008 1247 Ut
1022 1195 1119 1245 tamen
1136 1190 1241 1246 existat
1256 1192 1356 1249 salvus
1369 1194 1430 1248 veri
1446 1201 1540 1262 tenor,
1556 1195 1633 1255 alter

91 1285 222 1353 lustitia,
238 1289 268 1342 et
282 1282 423 1355 quidquid
442 1283 470 1338 in
489 1281 620 1355 principe
637 1282 765 1338 mundus
782 1280 885 1337 adorat
1009 1281 1113 1338 Factus
1125 1282 1222 1350 homo,
1235 1285 1298 1355 jam
1314 1301 1345 1341 se
1361 1303 1418 1342 noa
1436 1294 1516 1359 putat
1531 1305 1596 1346 esse
1612 1308 1717 1350 suum.

92 1376 213 1444 Occidit,
230 1379 257 1430 st
274 1374 380 1447 pariter
396 1389 451 1444 pax
470 1377 500 1428 et
515 1373 605 1428 decus
621 1371 704 1427 urbis
719 1376 746 1427 al
762 1370 842 1426 orbis
972 1369 1052 1428 Felix
1065 1370 1101 1429 de
1116 1373 1234 1441 misero,
1251 1374 1357 1446 presul
1372 1376 1408 1430 da
1425 1393 1551 1449 paupers
1567 1381 1678 1452 lactus,

93 1464 207 1523 Excidit
221 1464 302 1521 liclia
318 1463 429 1535 patria,
446 1462 502 1518 heu
516 1460 523 1518 l
539 1467 568 1518 et
580 1462 669 1517 rebus
683 1461 831 1535 adempto.
1009 1463 1138 1517 Vertitur
1153 1463 1181 1517 iu
1198 1463 1294 1520 llorere
1310 1465 1360 1538 qui
1377 1466 1433 1522 luit
1448 1468 1539 1524 barba
1555 1471 1649 1542 prius.

95 1553 204 1613 XLVII.
213 1553 395 1628 Epitaphium
404 1552 549 1617 arietariam
557 1551 711 1609 simoniaci
723 1550 754 1608 in
765 1565 922 1608 excommu·
974 1548 1088 1608 Gaudet
1103 1550 1153 1624 qui
1167 1551 1271 1622 doluit,
1287 1558 1344 1610 stat
1358 1555 1406 1626 qui
1417 1558 1521 1627 jacuit,
1532 1559 1704 1630 juvenescit

363 1645 502 1698 nicotiana
515 1640 651 1714 defuncti.
1012 1639 1066 1707 Qui
1080 1641 1187 1706 senuit,
1204 1658 1263 1697 uon
1284 1648 1329 1699 est
1343 1642 1398 1700 iste
1413 1647 1488 1716 quod
1503 1655 1569 1704 ants
1583 1649 1651 1709 tuit.

269 1732 302 1804 (e
317 1748 373 1789 ms.
391 1731 661 1803 dinanensi-Regio,
674 1729 752 1803 etl.)
935 1754 960 1822 B
976 1731 1073 1788 Herba
1089 1731 1271 1803 prius‚modo
1286 1732 1341 1789 llos
1353 1735 1494 1802 3sciutilla
1510 1737 1694 1810 prius,modo
1711 1740 1797 1811 stilla;

100 1821 154 1882 Hic
165 1823 240 1879 situs
254 1830 396 1895 estquem
413 1821 454 1878 nil
469 1820 576 1889 decuit,
589 1820 921 1894 nisidsdeeus.etquem
1015 1821 1098 1877 'lunc
1112 1837 1161 1887 as,
1178 1837 1256 1877 nuno
1270 1837 1394 1890 aurum;
1411 1831 1482 1882 tuna
1497 1825 1574 1884 olus.
1591 1844 1659 1886 scre
1675 1847 1751 1890 ross.

137 1913 183 1973 Nil
201 1914 314 1986 puduit,
327 1912 383 1967 nisi
395 1911 469 1982 quod
486 1911 611 1967 credidit
624 1927 690 1967 esse
703 1910 805 1968 decus.
979 1911 1061 1968 Tunc
1076 1909 1292 1984 quasicandela
1308 1911 1478 1971 mendicans
1494 1916 1593 1973 lumen
1608 1921 1647 1975 ab
1663 1921 1742 1990 iane,

98 2002 143 2062 Ad
158 2002 234 2058 mala
248 2004 291 2057 vir
306 2000 509 2074 promptusarl
526 1999 651 2073 pessima
663 1998 826 2072 promptior
836 1999 925 2061 idom.
1015 1998 1099 2057 Nunc
1114 2000 1197 2072 quasi
1213 2001 1255 2056 sol
1272 2017 1361 2074 aquo
1376 2010 1481 2062 catera
1494 2005 1593 2065 lumen
1610 2009 1734 2068 babent.

130 2090 193 2149 Nou
209 2091 316 2159 banus,
331 2090 391 2146 imo
409 2087 515 2156 malus,
530 2105 588 2145 uon
604 2090 712 2157 malus,
724 2088 785 2145 imo
802 2088 926 2147 maium.
980 2089 1027 2148 sia
1043 2091 1138 2163 potuit
1153 2090 1267 2146 veniam
1284 2092 1407 2149 fortuna
1422 2095 1509 2166 culpa
1525 2099 1645 2167 mereri,

94 2177 159 2238 Fax
174 2177 340 2249 bominum,
357 2177 436 2234 lraus
451 2180 531 2233 totus
546 2176 647 2244 bomo,
671 2175 755 2245 cavit,
772 2181 860 2252 atque
875 2192 926 2235 ro·
1016 2178 1084 2245 Qus
1101 2178 1184 2237 modo
1200 2178 1349 2253 supplevit
1361 2183 1438 2254 quod
1450 2184 1530 2240 dedit
1545 2192 1613 2245 aute
1630 2189 1742 2249 miuus.

782 2265 873 2341 [cauti

132 2355 222 2416 Nocte
236 2357 288 2413 dat
301 2355 465 2428 exsequias,
480 2359 587 2413 noctua
601 2354 666 2413 lues
678 2371 777 2413 canes.

97 2445 150 2507 liei
165 2446 238 2503 mibi
251 2446 351 2520 lquam
365 2448 456 2504 timeo
472 2462 508 2503 ue
522 2446 604 2504 fraus
619 2446 707 2504 bomo
718 2446 821 2504 fraude
833 2461 928 2504 resur·

817 2534 890 2610 [μμ
978 2527 1082 2587 Vestra
1097 2529 1202 2600 peritia
1217 2530 1286 2586 dum
1301 2533 1373 2603 regit
1389 2534 1499 2605 anania,
1515 2537 1613 2594 sidera
1629 2539 1748 2613 tsngltg

1125 2297 1226 2357 XLlX.
1244 2299 1340 2355 Vocas
1354 2297 1387 2355 de
1400 2300 1518 2374 quodam
1531 2319 1669 2379 paupere.

1273 2414 1306 2487 (Ε
1322 2431 1375 2472 urs.
1390 2416 1511 2489 Taren.)

132 2629 174 2681 Ne
191 2628 314 2682 mortem
332 2622 420 2681 inlisa
437 2623 537 2680 lallare
552 2623 645 2696 possit
660 2623 757 2681 bomo.
978 2624 1070 2675 Deum
1083 2617 1274 2677 domtlrffsle
1288 2621 1459 2696 l8)‚mitigat
1473 2628 1678 2699 aspersionis
1691 2629 1799 2704 trangit.

99 2710 176 2786 ilrgs
191 2713 335 2780 membra,
351 2712 425 2786 lapis
445 2713 594 2782 ;animam
607 2730 656 2769 ros
672 2712 926 2790 clauditepnauss,
978 2709 1041 2768 Non
1057 2709 1134 2774 odio.
1149 2726 1208 2766 uon
1225 2710 1257 2766 ut
1271 2714 1376 2784 pretio,
1393 2730 1450 2770 ¹¹0⁰
1467 2716 1496 2770 fil
1513 2733 1599 2788 erese
1611 2726 1716 2792 cotun

135 2803 244 2860 tiorum
260 2810 402 2859 conventu
419 2818 454 2858 ue
470 2801 614 2859 solidetur
628 2804 726 2861 bomo.
978 2800 1107 2857 iustitias
1123 2800 1240 2869 rigaret
1255 2802 1320 2858 tldei
1338 2802 1419 2875 vigor
1434 2807 1573 2864 omnibus
1585 2826 1701 2880 aquus,

100 2891 219 2950 Vestras
234 2893 264 2949 in
279 2899 376 2948 vestro
391 2893 567 2963 consumite,
582 2893 715 2962 Tartara,
731 2908 842 2965 prenae,
977 2893 1041 2946 Non
1061 2890 1187 2963 prelium
1205 2890 1271 2947 iulii
1286 2893 1427 2952 auxilinm
1440 2896 1491 2968 qui
1506 2897 1583 2955 dona
1599 2899 1726 2971 dedere,

136 2983 171 3044 Ni
188 2983 293 3041 restria
309 2982 397 3040 vultis
410 2999 526 3055 parcere
538 3000 546 3053 ς
559 2989 654 3042 vester
668 2989 740 3041 erat.
977 2980 1035 3039 Neo
1051 2980 1148 3036 nocuit
1164 2980 1215 3053 qui
1231 2980 1304 3038 nibil
1319 2984 1423 3056 potuit,
1439 2987 1489 3058 qui
1506 2987 1596 3046 donat
1616 2989 1737 3049 babere.

96 3073 197 3139 Terra,
214 3074 288 3144 quod
302 3073 432 3131 occultas
444 3072 530 3130 dolus
545 3079 600 3143 est,
616 3074 672 3132 hoe
690 3078 736 3132 ssi
760 3073 847 3132 homo
862 3072 925 3132 sole
980 3068 1053 3125 Hillo
1068 3069 1122 3124 iuli
1137 3068 1224 3125 unica
1239 3086 1307 3143 spes
1323 3087 1388 3128 mea
1399 3072 1567 3148 vitiosiore
1576 3077 1690 3147 subire,

133 3163 224 3222 Morte
240 3163 346 3233 bonus,
362 3179 412 3236 por
429 3179 516 3235 quam
531 3164 645 3220 destitit
660 3178 725 3222 esse
741 3163 847 3222 malus.
981 3159 1016 3216 itt
1030 3158 1112 3231 quasi
1129 3158 1248 3215 brutum
1261 3160 1360 3234 jurgia
1374 3167 1471 3220 tutum
1488 3165 1554 3221 lecit
1569 3167 1656 3228 inire.

96 3251 149 3312 Hic
163 3262 207 3311 est
222 3253 270 3310 ille
286 3253 383 3310 scelus
406 3270 464 3326 quo
478 3269 564 3310 nemo
585 3255 746 3324 simoniorg
762 3252 865 3311 bieest
978 3246 1023 3305 Sit
1037 3247 1142 3305 docilis
1154 3247 1237 3316 mihi,
1254 3250 1293 3306 sit
1308 3251 1403 3309 l'acilis
1420 3269 1503 3310 mens
1518 3262 1627 3328 vestra,
1639 3275 1799 3330 precamur,

133 3345 195 3412 Quo
211 3341 312 3400 melior
328 3342 421 3398 malus
447 3348 492 3399 est
519 3343 655 3416 quisque,
672 3343 805 3399 minusve
829 3341 926 3400 malus
977 3338 1111 3397 Forsitan
1128 3338 1174 3396 bis
1190 3345 1279 3413 patet,
1295 3349 1325 3399 et
1339 3348 1437 3401 tamen
1457 3345 1505 3402 hio
1521 3346 1591 3407 latet
1606 3350 1686 3408 uude
1703 3367 1801 3427 quera·

96 3433 153 3493 Sus
169 3431 239 3496 vila,
255 3433 337 3489 cauis
354 3431 463 3500 allicio,
479 3431 632 3503 vulpecula
648 3437 756 3489 ruente.
1677 3441 1757 3515 [mur

134 3523 240 3578 lirutus
255 3528 317 3576 erat
331 3521 378 3576 vix
393 3537 425 3576 se
442 3521 684 3593 numerataque
698 3520 801 3577 Deum.
978 3516 1071 3576 Noxia
1086 3518 1187 3588 pestis,
1202 3516 1300 3577 littera
1314 3523 1409 3591 testis,
1426 3523 1506 3581 dives
1521 3543 1640 3585 avarus.

97 3612 183 3683 Spem
202 3610 327 3678 miseris,
345 3626 405 3665 rem
434 3608 657 3676 distribuente
681 3611 805 3668 l'nrtibus
835 3627 927 3680 arma,
979 3606 1286 3681 Divssavsrusquam
1304 3613 1584 3689 sitamarus,quam
1600 3617 1802 3677 malushostis

141 3699 272 3754 Ecclesia
286 3700 362 3753 vires
373 3697 503 3762 abstulit,
520 3705 549 3753 et
564 3698 619 3753 sibi
636 3715 677 3754 se.
979 3696 1078 3755 Sentio
1094 3696 1160 3768 pius
1177 3698 1278 3767 nimio,
1295 3699 1407 3760 sedvos
1420 3708 1519 3761 tanen
1540 3706 1587 3763 bic
1611 3707 1688 3765 bene
1704 3709 1802 3779 nostis.

104 3788 292 3845 Hrourmans
320 3787 349 3841 iu
367 3786 442 3841 iurta
471 3804 587 3853 manus,
604 3790 632 3843 in
659 3789 757 3862 jurgio
784 3789 927 3864 linguam,
980 3784 1106 3858 Corpore
1123 3788 1278 3856 maximus,
1295 3788 1544 3863 iileuigcrrinrus,
1559 3794 1609 3853 ills
1625 3796 1739 3855 Pilatus

138 3877 234 3943 Trrrps
250 3891 350 3931 cavere
363 3875 459 3931 scelus
475 3877 601 3932 credidit
615 3894 680 3934 esse
696 3879 802 3935 scelus.
980 3874 1032 3933 Ille
1046 3877 1166 3933 deorum
1183 3885 1308 3951 spector,
1325 3897 1424 3936 eorum
1443 3885 1551 3954 templa
1567 3894 1701 3955 paratus.

101 3963 222 4023 xevltt.
240 3966 332 4022 Versus
346 3963 379 4022 dc
393 3965 512 4039 paorlcm
527 3983 647 4036 propere
671 3985 760 4040 nuper
786 3972 865 4042 rapto
891 3972 929 4028 nd
980 3965 1098 4034 ignibus
1114 3976 1521 4044 urera,ouuctsquespargere
1533 3975 1803 4034 membrasenstus.

419 4056 614 4125 presulatum.
981 4055 1072 4114 Exitio
1089 4057 1179 4112 nostri
1197 4058 1284 4114 nimio
1306 4067 1402 4116 vestro
1426 4078 1540 4134 quaque
1564 4068 1664 4133 natus,

103 4144 186 4217 Sapo
200 4145 277 4200 diem
295 4149 431 4201 mrsstum
447 4147 581 4216 arquitur
593 4144 642 4202 lux
656 4161 754 4214 aurea.
771 4163 849 4222 sepe
980 4149 1024 4202 lle
1041 4147 1116 4202 male
1132 4149 1267 4220 perculit,
1278 4155 1307 4205 et
1321 4151 1393 4207 satis
1409 4152 1507 4210 intulit
1521 4171 1628 4226 aspera
1645 4157 1758 4217 damna

140 4235 234 4292 Lectus
252 4241 316 4306 post
332 4232 443 4306 pluvias
458 4233 562 4305 incipit
577 4251 640 4291 csse
652 4235 727 4292 dies.
982 4237 1211 4308 superstrictis,
1228 4254 1291 4311 qua
1303 4239 1359 4295 sibi
1373 4240 1452 4309 vilia,
1469 4243 1519 4298 ssd
1535 4243 1608 4300 mibi
1626 4262 1756 4320 magun

104 4325 206 4383 mi
224 4325 265 4380 bd
282 4324 350 4394 quid
365 4323 495 4394 suspirat
511 4324 653 4396 promissi
671 4324 765 4382 littera
780 4327 892 4401 scripti,
981 4325 1113 4400 Namque
1129 4326 1218 4381 boves
1244 4343 1351 4400 paucas
1380 4335 1408 4386 et
1423 4347 1490 4386 oves
1505 4348 1557 4404 spe
1572 4333 1657 4391 lactis
1673 4336 1804 4396 alebam:

139 4414 191 4468 Vir
205 4414 289 4471 docet
303 4413 358 4470 ista
375 4416 469 4481 modo,
487 4413 575 4481 stilla,
590 4413 687 4469 favilla
703 4415 794 4486 prius.
982 4414 1055 4471 ilinc
1069 4430 1122 4486 ego
1138 4413 1243 4471 victum
1259 4417 1306 4472 vix
1320 4421 1348 4474 et
1362 4418 1502 4476 amictum
1519 4421 1609 4479 vestis
1641 4423 1804 4486 habebam:

105 4502 175 4576 Ejus
191 4519 261 4575 pace
276 4503 388 4574 loquor,
404 4518 460 4560 nou
476 4507 540 4558 erat
552 4507 619 4559 ante
636 4508 716 4560 tanto
944 4499 969 4568 D
985 4504 1083 4560 Flebat
1095 4509 1199 4562 euntes
1213 4513 1240 4561 et
1256 4508 1411 4565 redeuutes
1428 4509 1543 4566 invidus
1558 4510 1625 4569 illas

142 4591 264 4649 Nomine
281 4591 410 4658 festivus,
428 4591 478 4648 sed
496 4592 585 4648 miser
596 4591 680 4649 exsul
695 4593 790 4665 inops.
983 4593 1104 4668 Pergere
1119 4595 1211 4665 latas,
1227 4603 1315 4670 atquo
1330 4599 1455 4672 repletas
1473 4601 1545 4659 lacta
1561 4605 1709 4664 mamillas

106 4681 189 4740 Tunc
204 4696 297 4753 aeque
314 4681 399 4739 mitra
414 4686 512 4754 caput,
537 4698 631 4754 oeque
657 4699 774 4756 gemma
796 4701 931 4759 manum,
985 4683 1106 4751 Quando
1121 4683 1247 4755 videbat,
1262 4687 1414 4745 deliniebat
1430 4699 1534 4760 ments,
1552 4694 1629 4765 quod
1646 4694 1700 4763 ilie

647 4772 753 4847 [neque
768 4784 895 4834 mentam
985 4773 1056 4832 ludo
1069 4778 1191 4841 careret.
1207 4793 1273 4833 cum
1289 4777 1333 4834 vel
1348 4779 1468 4837 haberet
1484 4781 1576 4840 millia
1592 4784 1685 4845 milla.

141 4861 242 4918 Virtus
257 4861 390 4926 ornabat,
406 4861 457 4917 sed
473 4861 556 4933 quasi
571 4862 670 4920 nuilus
688 4871 760 4923 crat.
986 4862 1044 4920 lias
1059 4865 1113 4920 sibi
1130 4867 1217 4923 vendi
1233 4870 1336 4941 poscit,
1354 4869 1478 4927 habendi
1494 4872 1600 4931 duatus
1616 4891 1729 4937 amore.

105 4951 361 5018 Fermentsm,uou
378 4952 556 5008 frumentum
568 4970 699 5022 ;ros‚aon
716 4972 781 5013 ross
792 4977 800 5026 ς
811 4957 930 5031 lartum,
984 4952 1048 5012 Non
1064 4954 1127 5012 volo
1142 4958 1265 5014 readers
1280 4958 1318 5026 vi,
1336 4976 1428 5031 prece,
1446 4978 1577 5028 munere,
1593 4965 1655 5022 siro
1683 4968 1805 5027 timore:

141 5042 203 5101 Nou
219 5057 336 5106 aarum,
353 5040 452 5095 nullus
468 5058 527 5096 uun
542 5049 604 5097 erat
620 5042 698 5100 ullus
713 5044 820 5103 adbuc.
985 5046 1058 5116 Ergo
1074 5046 1212 5118 superbia
1228 5045 1327 5104 divitis
1344 5049 1435 5122 impia
1461 5063 1539 5109 mota
1553 5052 1651 5111 lurore

103 5131 162 5192 Neo
173 5130 280 5188 llorens
295 5128 407 5202 opibus,
424 5145 475 5186 noc
492 5130 589 5186 clarus
602 5133 674 5203 avis,
691 5150 744 5191 nea
760 5134 870 5193 honora
984 5133 1083 5192 Dicere
1098 5135 1307 5211 turpissumi,
1324 5144 1353 5194 et
1366 5141 1466 5196 omnia
1481 5141 1567 5214 plens
1583 5145 1710 5218 pudors;

138 5219 290 5289 Proditus,
303 5218 411 5290 insigni
427 5235 480 5275 nso
495 5221 639 5292 probitate
655 5222 761 5280 niteas.
984 5222 1065 5280 Tunc
1081 5224 1153 5282 mibi
1169 5228 1302 5299 verboru,
1316 5233 1386 5286 luno
1400 5231 1498 5304 gregis
1514 5232 1605 5307 impia
1633 5236 1745 5296 damna
1759 5239 1798 5297 roi

99 5310 182 5367 Tunc
197 5308 275 5365 velut
291 5309 318 5363 in
335 5312 409 5364 testa
422 5307 554 5379 nucleus,
571 5312 649 5367 vetut
663 5311 691 5367 in
708 5312 841 5371 saliunca
1645 5326 1756 5396 [uatus.

138 5436 176 5508 (7)
193 5438 220 5493 is
236 5434 298 5497 ipse
308 5440 352 5489 est
365 5430 526 5515 ilalius‚qui
540 5433 696 5491 uillebertt
709 5434 841 5493 electioni
854 5439 925 5496 arian
982 5442 1139 5499 bonorillre
1155 5445 1326 5516 peroptavit,
1340 5450 1370 5504 et
1386 5462 1473 5522 quem
1490 5448 1520 5505 in
1537 5449 1667 5511 Ecclesia
1682 5458 1710 5512 8.
1730 5457 1806 5516 Petri

104 5508 292 5581 pertinaciter
306 5506 469 5569 obstiterat,
484 5504 535 5561 srd
550 5507 600 5577 qui
616 5523 753 5576 processu
774 5512 924 5580 temporis,
979 5513 1015 5569 ds
1030 5513 1149 5570 Cultura
1163 5515 1305 5588 sepelivit.

105 5581 242 5638 meritum
253 5578 629 5650 ejusveneratus‚intimam
641 5594 707 5634 cum
720 5578 769 5635 illo
783 5582 926 5639 contraxit
1017 5586 1057 5657 (8)
1075 5587 1102 5642 ld
1120 5592 1164 5644 est
1176 5586 1278 5644 inllata
1294 5602 1343 5645 seu
1361 5590 1497 5663 superba.

102 5651 307 5723 amicitiampt
321 5650 367 5706 cui
385 5649 500 5707 tandem
517 5648 654 5706 deluueto
668 5648 851 5708 Hildebertus
862 5653 924 5726 ipss
