3802 6030
75 237 131 299 εει
395 236 604 304 εεεεεεεε
627 237 679 297 nn
702 233 900 297 renonen-
926 269 963 280 -
986 236 1028 298 ru
1051 237 1293 305 escensione
1316 242 1463 306 cuntur.
1719 253 1779 313 aas
1854 216 1862 228 ’

70 368 161 426 Trahi
185 366 262 425 enim
287 368 472 425 desiderabat
495 369 531 426 ad
556 371 661 442 liegem
678 367 1098 442 ascendentem,Ahominem
1120 373 1199 430 m
1224 375 1235 444 [
1248 391 1298 446 per
1322 374 1469 451 gratiam]
1494 377 1666 445 exaltatum,
1692 396 1777 452 quem

70 462 229 530 postquam
246 459 343 513 caruit
358 457 555 515 consolatione
577 459 721 530 praesenti.
747 458 814 514 ldsu
838 457 896 514 sle·
953 458 1038 532 culpa
1053 478 1107 518 sua
1123 462 1203 534 prius
1219 464 1352 521 uiderunt
1366 465 1568 526 humiliatum.
1589 472 1779 527 Honorabaut

68 554 157 605 vatus
173 555 219 604 est
233 547 275 604 sol
288 550 421 619 justitia,
437 547 486 619 qai
502 547 649 605 illuminat
663 563 780 604 omnem
801 547 896 604 homi·
952 553 1087 606 naturum
1105 552 1244 618 bominis,
1263 570 1351 626 quam
1369 555 1505 612 videbant
1520 573 1610 630 super
1623 576 1654 615 se
1666 559 1777 616 exalta·

69 656 139 696 nem
154 639 318 697 venientem
329 638 358 694 in
372 640 448 694 bunc
464 639 619 706 mundum,
634 655 685 710 pur
695 638 896 696 escensionem
952 641 1022 694 tum.
1039 639 1176 697 Sciebant
1191 643 1311 713 quidem
1326 646 1474 702 homiuem
1491 661 1555 704 esse
1580 649 1688 706 iactum
1710 654 1778 708 auis

68 728 178 799 ejusud
188 726 326 782 coelestia.
338 724 897 782 Lunaverediciturllcclssia.Sedsicut
953 735 1103 799 peccatum
1115 731 1151 787 ud
1164 733 1404 791 restaurationem
1419 737 1556 810 angelica
1568 736 1777 814 legionisque
1863 778 1866 787 ·

69 819 143 874 luna
158 815 261 889 recipit
277 814 376 871 lumen
389 815 466 871 m
480 813 576 882 asole,
591 814 632 869 its
647 814 773 870 Ecclesia
785 814 896 870 illumi·
952 818 1105 889 ceciderat,
1121 821 1172 877 sed
1190 822 1419 895 redemptionem
1436 826 1500 897 ejus
1524 843 1575 898 per
1595 828 1699 885 Filium
1726 829 1777 887 uei

69 910 197 964 nataest
211 922 228 961 a
241 904 356 961 Christo
371 910 419 971 ,st
432 902 896 975 sicutlunualiquandodelectus
951 904 1136 976 ignorabant.
1155 910 1187 967 lu
1210 911 1352 985 principio
1377 913 1454 970 enim
1481 918 1582 972 mundi
1608 918 1675 974 lecit
1699 919 1778 976 Deus
1864 974 1874 983 ,,

68 999 192 1070 petitur,
213 996 256 1053 sic
271 998 300 1051 iu
324 999 387 1052 suis
414 994 541 1053 Ecclesia
565 996 742 1068 quandoque
764 994 895 1052 delectus
951 995 1008 1067 (lb)
1023 1001 1159 1071 angelum
1176 1002 1334 1073 quamdam
1353 1002 1564 1076 precellentem
1590 1004 1667 1075 aliis,
1692 1008 1778 1065 vulda

69 1086 184 1143 tolerat.
200 1085 255 1143 Sed
273 1096 338 1158 post
357 1086 558 1141 ascensionem
585 1085 638 1141 buc
666 1085 736 1140 luna
759 1087 841 1142 stetit
864 1084 894 1141 ln
951 1086 1116 1157 specierum
1130 1093 1159 1145 et
1174 1089 1343 1162 sapientem,
1360 1093 1463 1162 dequo
1475 1094 1779 1170 diciturperprophe·
1835 1104 1838 1109 ’
1859 1148 1865 1155 .

67 1177 171 1234 ordine
186 1193 251 1244 suc,
267 1177 336 1248 quis
351 1184 421 1232 tuno
437 1191 488 1248 per
513 1175 744 1248 predicationem
769 1179 897 1232 excrevit
950 1177 1010 1230 tam
1028 1192 1035 1231 :
1052 1198 1067 1227 n
1083 1177 1126 1233 Tu
1141 1177 1326 1247 signaculum
1352 1182 1557 1239 similitudinis
1580 1184 1642 1255 Dei,
1672 1185 1778 1258 plenus

67 1272 97 1323 et
111 1267 148 1323 ad
165 1265 385 1322 tribulationem
399 1265 497 1323 exivit.
519 1265 600 1320 Tunc
623 1269 726 1321 Petrus
750 1267 801 1338 qni
826 1280 895 1322 voce
950 1263 1127 1334 snpientiaet
1138 1268 1407 1337 perlaetusdecore,
1420 1271 1448 1326 in
1461 1272 1574 1327 deliciis
1586 1274 1713 1344 paradisi
1726 1274 1777 1332 Dei

67 1356 198 1414 ostiariae
213 1355 383 1425 succubuit,
398 1372 414 1412 ε
428 1371 499 1413 nuce
513 1354 637 1411 Neronis
659 1354 822 1412 resistentis
836 1371 894 1413 nos
949 1352 1032 1409 suisti
1049 1354 1158 1427 (ducis.
1179 1374 1278 1426 sxvru,
1296 1361 1340 1428 12,
1358 1362 1412 1433 13).
1429 1380 1441 1412 ε
1456 1360 1486 1416 ln
1499 1377 1532 1418 eo
1543 1363 1622 1418 euim
1633 1371 1696 1418 erat
1707 1363 1778 1420 sub·

69 1448 204 1504 recessit.
949 1441 1029 1498 tilicr
1043 1450 1147 1502 nutura
1156 1463 1164 1515 ;
1174 1446 1204 1503 in
1216 1447 1278 1514 illo,
1292 1449 1389 1521 imago
1401 1449 1448 1506 llei
1460 1449 1586 1507 similior
1598 1451 1777 1522 insinuatur,

102 1538 166 1593 lloec
181 1534 315 1593 ascensio
334 1543 376 1591 est
393 1552 470 1592 unus
481 1534 664 1601 assultibus,
675 1535 711 1591 de
725 1534 893 1607 quibussa·
949 1531 1018 1588 dum
1033 1533 1143 1591 dicitur
1159 1543 1261 1608 postea
1277 1554 1328 1611 pur
1343 1539 1537 1610 prephatam:
1555 1561 1569 1591 n
1585 1539 1687 1597 Omnis
1702 1540 1777 1613 lapis

66 1628 165 1684 lomon
182 1626 213 1683 in
225 1625 353 1683 Canticis
368 1643 401 1683 :n
416 1625 756 1682 llcceistevsnitsalisus
769 1626 796 1681 in
811 1643 893 1683 mon·
949 1618 1094 1690 protiosus
1111 1624 1330 1696 operimentum
1347 1630 1431 1682 tuum
1449 1626 1542 1699 (ibid.)
1559 1649 1572 1678 υ
1589 1629 1663 1693 Quia
1675 1647 1777 1693 novem

66 1717 146 1774 tibus
160 1716 254 1789 (daut.
267 1733 288 1784 r,
302 1717 338 1786 8).
352 1736 366 1765 e
382 1715 496 1772 satiens
512 1715 600 1783 venit,
617 1713 683 1786 quin
698 1714 841 1772 vestiendo
857 1715 892 1770 nd
949 1706 1103 1767 ordinibus
1114 1711 1285 1785 illeprimus
1297 1716 1430 1787 augelus,
1442 1716 1507 1772 ideo
1519 1721 1642 1773 ornatus
1653 1721 1682 1775 et
1692 1734 1778 1790 oper·

67 1807 302 1878 contemptionem
320 1812 462 1871 nostrum,
479 1804 621 1877 quosdam
647 1804 740 1861 saltus
762 1804 855 1862 dedit.
871 1807 893 1861 Α
946 1803 994 1855 tus
1007 1801 1070 1872 tuit,
1083 1803 1152 1859 dum
1164 1804 1483 1878 omuibussgminibus
1496 1807 1668 1880 angelorum
1681 1809 1780 1883 prule,

68 1896 141 1952 coelo
155 1896 268 1968 quippo
282 1898 363 1950 venit
388 1895 417 1949 in
443 1901 558 1950 uterum
584 1894 722 1967 Virginis,
747 1894 783 1950 de
813 1901 893 1951 utero
945 1893 994 1944 tus
1009 1896 1064 1959 cst,
1080 1899 1271 1950 stercorum
1288 1897 1507 1967 comparatione
1523 1896 1778 1969 clarioriuit3sed

68 1984 100 2041 in
116 1985 301 2058 ρωερρίυω,
319 1986 354 2040 ds
377 1984 518 2056 proesupio
542 1984 620 2039 venit
644 1984 679 2039 sd
704 2001 831 2052 crucem,
858 1985 893 2039 de
945 1976 1110 2037 illeverunt
1126 1981 1155 2039 in
1172 1985 1342 2055 superbiam
1357 2002 1392 2041 ex
1407 1985 1498 2043 nimiu
1522 1986 1778 2055 claritatedixit:

67 2089 153 2131 cruce
173 2073 204 2130 in
226 2072 405 2147 sepulcrum,
429 2074 464 2129 ds
488 2073 623 2146 sepulcro
647 2073 683 2128 ud
713 2072 833 2140 inferus,
858 2074 894 2130 ds
946 2069 1777 2149 «ducendaminroelum,p0uanasedernnreumuquui·

64 2161 895 2221 interierudiitincoelum.UndeuitPsulmista:«llasul·
945 2159 1775 2239 lenem,sterosimilisditissimollso.mulir.»Fuerunt

64 2257 135 2311 tavit
150 2261 185 2311 ut
198 2255 282 2328 giges
296 2256 332 2310 ud
349 2257 522 2312 currendam
538 2255 659 2324 eium,a
678 2272 795 2314 summo
820 2258 893 2315 soelo
945 2252 1024 2307 enim
1040 2254 1256 2312 consentientes
1274 2256 1359 2312 mutti
1375 2274 1409 2314 ex
1424 2257 1536 2330 angelis
1547 2258 1624 2324 aliis,
1638 2257 1687 2331 qui
1699 2261 1772 2316 dum

64 2344 196 2416 egressio
210 2348 274 2416 ejus
290 2345 379 2416 (Psoi.
395 2362 476 2412 xviu,
491 2345 529 2417 6).
543 2366 557 2396 ε
573 2350 654 2401 llanc
666 2346 891 2405 exsultationem
945 2340 1003 2400 Deo
1020 2343 1133 2402 similes
1148 2345 1286 2403 volebant
1309 2346 1383 2415 lieri,
1401 2347 1512 2421 sugetis
1539 2348 1572 2420 [s.
1591 2348 1773 2423 bominibus]

67 2432 140 2490 alibi
155 2434 303 2492 denotmdt
317 2434 391 2507 ipse,
407 2438 477 2491 dum
493 2438 555 2492 ait:
575 2457 588 2488 a
606 2435 645 2492 ue
661 2440 790 2494 torrente
807 2438 836 2494 in
847 2437 893 2495 viu
946 2431 1073 2490 minores
1089 2435 1182 2491 effecti
1193 2443 1282 2506 sunt;
1296 2444 1323 2492 et
1337 2436 1452 2509 primus
1464 2436 1513 2495 ille
1524 2438 1658 2510 angelus,
1669 2442 1699 2494 et
1710 2439 1774 2508 ejus
1856 2422 1860 2431 ⁴

66 2523 161 2588 bibet,
177 2531 328 2596 propterea
340 2525 480 2581 exaltabit
493 2531 581 2596 caput
595 2524 683 2596 (Paul.
700 2543 757 2596 cix,
772 2529 811 2598 7).
829 2548 841 2580 ε
859 2527 890 2585 lu
945 2525 1243 2594 comparss‚dscoelo‚
1254 2525 1320 2583 aliis
1332 2526 1419 2583 bonis
1430 2527 1587 2598 spiritibus
1600 2526 1775 2584 remanenti·

66 2612 179 2669 mundo
195 2624 256 2670 urat
270 2620 395 2680 torrens,
409 2615 524 2682 mortis,
538 2615 632 2671 fluens
644 2632 661 2670 a
672 2622 790 2688 peccalo
803 2616 891 2688 primi
945 2610 1011 2678 bue,
1027 2612 1206 2683 ceciderunt,
1224 2615 1264 2670 liu
1276 2615 1353 2686 quud
1365 2618 1400 2672 de
1411 2615 1539 2688 singuiis
1551 2633 1649 2673 novem
1662 2615 1771 2673 ordini·

63 2703 207 2776 parentis.
224 2701 265 2760 De
277 2705 335 2761 boc
345 2704 374 2760 in
387 2706 432 2761 via
442 2706 524 2775 bibit,
537 2704 607 2778 quia
619 2712 740 2763 mortem
753 2705 781 2761 in
794 2713 891 2765 trans·
945 2704 1000 2761 bus
1010 2722 1077 2777 pure
1088 2705 1228 2763 cecidisse
1237 2706 1377 2774 creditur,
1387 2723 1514 2778 quorum
1524 2706 1587 2764 loco
1595 2707 1771 2780 supplendo,

62 2792 103 2848 itu
117 2796 272 2864 gustavit;
289 2800 378 2866 utque
393 2795 457 2850 ideo
472 2794 637 2864 exsultavit,
649 2796 719 2867 quia
739 2795 891 2854 moriendo
945 2794 1040 2851 lactus
1055 2801 1100 2852 cst
1114 2796 1213 2852 homo.
1237 2794 1298 2851 Nisi
1314 2795 1416 2867 [eninr]
1434 2804 1602 2869 peccassent
1628 2799 1769 2871 homines,

62 2897 169 2954 corpus
187 2883 286 2956 posuit
301 2900 329 2938 in
347 2882 492 2956 sepulcro,
508 2886 586 2957 quod
606 2886 786 2959 resurgendo
802 2903 892 2954 super
944 2885 1016 2942 salui
1032 2885 1065 2957 is.
1082 2886 1161 2960 lacti]
1177 2887 1303 2943 luissent
1317 2888 1432 2944 similes
1448 2889 1560 2961 angelis
1576 2893 1605 2943 et
1619 2889 1771 2946 immortu-

63 2971 184 3046 angelos
197 2972 313 3030 levavit.
331 2974 448 3031 Levavit
463 2991 552 3047 super
566 2974 685 3047 angelus
697 2993 748 3048 per
757 2992 890 3034 ressure-
944 2973 996 3032 les.
1009 2975 1083 3032 Nam
1099 2977 1123 3032 si
1140 2976 1232 3032 Adam
1248 2993 1305 3033 nun
1320 2982 1480 3048 peccasset,
1497 2977 1618 3034 vixisset
1637 2977 1666 3032 in
1686 2995 1770 3050 pura·

60 3064 188 3118 ctionem
205 3063 364 3118 humanam
381 3067 608 3135 naturamque
625 3063 706 3137 prius
719 3070 782 3122 erat
792 3065 889 3122 minor
942 3065 1008 3120 disc
1023 3065 1058 3120 de
1076 3065 1217 3121 iructibus
1231 3065 1383 3132 arborum,
1399 3072 1427 3121 st
1443 3065 1519 3122 lilios
1539 3067 1603 3121 siue
1628 3067 1768 3139 coucupi-

60 3150 183 3223 augslis.
202 3151 284 3208 Unde
297 3151 435 3224 scriptum
451 3157 496 3209 cst
510 3170 516 3208 :
532 3172 543 3202 ι
560 3152 691 3210 Minuisti
716 3171 783 3212 eum
801 3155 886 3226 paulo
902 3136 927 3204 C
942 3154 1052 3209 scentia
1066 3158 1244 3226 generasset,
1261 3160 1290 3209 et
1305 3153 1334 3209 iu
1352 3160 1429 3210 terru
1446 3160 1542 3210 tumen
1566 3155 1769 3227 uuusquisque

60 3241 160 3297 minus
175 3243 213 3298 ab
237 3241 350 3314 angelis
370 3244 620 3314 (Panl.v1u,6).s
648 3243 781 3310 Quandiu
807 3247 885 3302 enim
942 3243 1152 3316 permansisset
1168 3258 1261 3314 usque
1276 3243 1312 3298 ad
1334 3243 1492 3298 terminum
1519 3243 1724 3309 constitutum,
1740 3246 1769 3299 st

60 3330 114 3386 suit
130 3330 282 3404 passibilis
296 3320 328 3388 et'
341 3332 481 3400 mortuiis,
499 3331 630 3406 angelica
641 3340 755 3403 nutura,
767 3351 831 3408 que
842 3340 887 3392 est
941 3334 1013 3388 tunc
1029 3338 1149 3403 accepto
1164 3331 1261 3387 fructu
1278 3332 1313 3387 de
1330 3329 1408 3404 ligno
1419 3331 1493 3398 vitae,
1506 3337 1534 3388 et
1545 3339 1675 3404 gustato,
1690 3330 1769 3404 quod

58 3419 250 3483 immertalis,
267 3420 364 3478 minor
380 3422 452 3490 luit;
469 3423 519 3478 sed
538 3428 693 3495 postquam
711 3428 787 3481 urus
803 3427 888 3481 Pater
940 3427 1001 3477 erat
1021 3424 1050 3477 in
1067 3421 1163 3478 medio
1180 3421 1318 3493 paradisi,
1344 3420 1427 3477 vivus
1454 3421 1484 3477 iu
1509 3421 1581 3477 coelo
1606 3423 1767 3479 translatus

59 3511 154 3584 gloria
169 3512 392 3569 resurrectionis
401 3512 547 3568 ethonore
559 3513 790 3570 immortalitatis
803 3531 887 3571 coro-
941 3512 1054 3568 luisset.
1072 3509 1139 3577 Sed,
1153 3516 1292 3583 peccuute
1305 3510 1433 3579 homine,
1445 3510 1580 3583 ingressu
1589 3518 1633 3567 est
1645 3528 1723 3567 mors
1734 3511 1766 3567 iu

58 3604 139 3658 navit
161 3619 229 3659 eum
255 3603 303 3674 qui
330 3603 411 3675 prius
436 3605 533 3659 mitior
556 3609 628 3672 erat,
654 3621 742 3676 super
766 3605 886 3678 augelus
941 3603 1095 3674 mundum,
1113 3603 1198 3673 perlit
1223 3600 1441 3669 immortalitas,
1459 3601 1544 3673 periit
1571 3617 1709 3657 ascensus
1734 3601 1765 3657 in

60 3691 226 3748 iactusest.
242 3690 315 3748 Cum
338 3692 429 3764 igitur
450 3693 545 3765 angeli
570 3693 728 3749 humanam
748 3701 885 3751 naturam
940 3696 1056 3748 coetum.
1072 3691 1126 3748 sed
1141 3692 1219 3748 Deus
1234 3708 1360 3748 sumnus
1383 3691 1591 3747 misericordie
1613 3690 1764 3748 hominem

57 3780 112 3836 sibi
127 3798 193 3838 esee
209 3781 363 3855 praelatam
382 3781 526 3853 viderunt,
543 3784 593 3855 qui
611 3783 692 3856 prius
706 3800 737 3840 se
754 3783 886 3855 prelatos
940 3782 1028 3838 homo
1044 3785 1138 3839 luctus
1153 3783 1287 3846 redemit,
1303 3788 1331 3838 et
1348 3799 1398 3854 per
1410 3787 1625 3837 mortemsuam
1641 3787 1764 3840 mortem

58 3871 208 3941 viderant,
223 3872 276 3944 qui
294 3870 376 3942 prius
391 3888 422 3928 se
438 3872 474 3928 ab
490 3872 660 3929 bominibus
671 3873 785 3930 adornri
798 3874 887 3947 patie-
940 3873 1234 3941 nostrumdcstruxit;
1247 3873 1321 3931 415
1336 3889 1387 3944 per
1398 3872 1635 3928 resurrectionem
1647 3871 1766 3928 immor·

58 3961 177 4029 bantur,
194 3962 229 4017 ab
247 3961 377 4019 humano
392 3978 497 4036 genere
512 3962 553 4019 itu
568 3963 705 4035 exaltato,
716 3980 747 4020 se
769 3963 884 4021 adorari
939 3962 1085 4019 talitatem
1101 3963 1265 4036 reperavit;
1279 3979 1329 4034 per
1341 3962 1543 4018 ascensionem
1560 3960 1766 4018 Dominusad·

56 4051 229 4107 timuerunt.
247 4051 384 4109 Adoravit
399 4052 534 4125 angelum
548 4051 704 4109 Abrabam.
719 4053 790 4111 Tres
812 4053 886 4111 vidit
939 4053 1014 4108 itum
1028 4052 1058 4109 in
1074 4051 1180 4108 coelum
1197 4051 1282 4108 nobis
1297 4051 1373 4121 lecit,
1389 4055 1419 4106 et
1435 4050 1442 4105 i
1447 4066 1498 4124 pse
1513 4050 1672 4109 Dominicus
1686 4051 1766 4108 domu

56 4148 83 4195 et
101 4156 193 4196 unum
209 4141 353 4211 adoravit,
367 4157 418 4197 nec
433 4141 554 4198 adorare
576 4141 727 4214 probibuit
750 4144 884 4217 angelus.
939 4140 1036 4197 locum
1053 4139 1162 4198 summi
1177 4138 1272 4211 augeli
1290 4139 1445 4210 supplevit.
1463 4139 1514 4194 stit
1532 4156 1598 4195 vero
1611 4139 1765 4197 inferiores

53 4228 155 4284 Voluit
168 4228 298 4286 ioannes
312 4231 432 4288 adorare
448 4230 583 4303 angelum
599 4236 664 4304 post
680 4235 885 4289 ressurrectio·
940 4228 1389 4287 homincsinleriorumordinum
1400 4229 1514 4283 ruinam
1524 4232 1766 4286 restauraverunt

54 4336 136 4389 nem,
150 4321 201 4377 sed
211 4324 247 4376 ab
259 4320 362 4393 angelo
374 4338 430 4377 non
442 4330 485 4378 est
496 4323 668 4393 permissus.
681 4322 886 4394 despiciebant
975 4320 1076 4392 ltuque
1089 4318 1234 4385 Christus,
1253 4319 1416 4374 secundum
1432 4318 1662 4387 numanitatem,
1674 4333 1764 4390 super

89 4444 149 4516 (15)
167 4443 195 4501 ln
212 4444 267 4500 hoc
284 4461 417 4501 sermone
430 4445 615 4503 Hildebertus
641 4462 730 4518 agens
746 4446 782 4503 de
803 4463 884 4504 creu·
939 4460 1055 4512 gemus,
1072 4447 1196 4499 tractatu
1214 4439 1389 4513 theologico,
1404 4439 1452 4494 ubi
1466 4455 1528 4509 cup.
1545 4440 1590 4508 20,
1613 4457 1704 4512 agens
1728 4440 1764 4499 du

53 4517 134 4573 tione
145 4516 330 4588 angelorum.
346 4517 459 4587 opinari
477 4519 591 4573 videtur
607 4520 682 4575 intur
698 4520 778 4591 ipsos
794 4535 882 4588 tinge·
897 4509 920 4575 D
936 4516 1106 4572 excellentia
1122 4515 1245 4571 Luciferi
1261 4520 1330 4568 ante
1345 4512 1471 4578 lapsum,
1494 4515 1536 4567 sic
1549 4514 1588 4567 ait
1604 4529 1611 4568 ι
1627 4515 1696 4570 Ante
1720 4529 1764 4571 eoa

53 4589 117 4644 luni
135 4590 293 4659 quemdum
311 4589 405 4660 primo
420 4590 509 4644 luisse
524 4597 666 4658 creatum,
680 4607 703 4646 et
714 4593 827 4646 ceteris
837 4609 883 4647 ur·
938 4589 988 4658 qui
1000 4588 1172 4654 reciderunt,
1186 4603 1259 4641 arnas
1274 4586 1333 4656 suit
1347 4584 1527 4639 excellentior
1540 4586 1762 4650 omnibusult'isc

52 4659 175 4716 dinibus
191 4677 249 4730 pres
264 4660 461 4715 excellentiori
480 4665 656 4731 perfectione
667 4667 707 4718 itu
721 4665 884 4734 prelatum,
938 4670 965 4716 et
977 4675 1032 4713 nort
1046 4660 1135 4715 solum
1149 4661 1193 4713 tris
1208 4659 1256 4728 que
1272 4657 1497 4722 ceriaelerunr,red
1514 4661 1541 4710 et
1565 4659 1686 4712 cirinthus
1701 4674 1765 4714 eum
1857 4666 1860 4671 '

52 4739 85 4786 ut
111 4735 197 4801 quasi
209 4732 311 4786 sesnin
325 4731 529 4803 particularem
542 4736 726 4790 constituerit
739 4735 883 4805 ordinem,
936 4736 1024 4802 luisse
1033 4731 1240 4786 ccclienliorom
1252 4728 1359 4783 trudetur
1369 4725 1523 4782 strictonius
1533 4728 1614 4782 cette.
1626 4728 1718 4794 Quod,
1732 4734 1764 4785 ut

49 4807 166 4858 sutoris
182 4803 336 4858 ordinibus
351 4804 563 4872 praecellentem.
580 4807 659 4869 cuius
673 4807 775 4878 quippe
794 4808 885 4862 subti-
938 4803 1162 4888 prebet,iisdem
1174 4818 1262 4857 sacre
1275 4801 1433 4870 Scripturas
1445 4799 1764 4872 verbtsutttunqutbus

48 4874 107 4930 lior
120 4884 180 4930 ernt
198 4880 314 4933 nictare.
339 4886 365 4930 et
376 4875 467 4945 iennpo
493 4877 542 4930 uei
556 4877 690 4944 erectior,
703 4895 785 4946 cujus
796 4876 885 4947 operi·
937 4892 967 4930 ru
986 4877 1038 4931 boc
1054 4890 1189 4931 sermone
1205 4888 1275 4927 usus
1290 4879 1345 4936 est,
1359 4872 1472 4926 scilicet
1488 4887 1494 4925 :
1512 4871 1686 4942 Oorinislnpr'e
1700 4888 1762 4943 pre·

48 4959 181 5002 meritum
200 4951 291 5002 cerinis
315 4946 385 5017 dapis
410 4951 545 5018 pretiosus
562 4956 625 5015 tun,
649 4949 719 5003 dum
744 4951 884 5004 omnibus
937 4946 1033 5005 tirsus.
1051 4954 1106 5002 etc.
1123 4946 1157 5001 Et
1171 4946 1207 5001 ad
1224 4945 1278 4999 hcc
1291 4943 1494 5013 insupsrcitut
1506 4943 1534 4998 b.
1550 4943 1722 5017 Gregorium
1734 4947 1764 4999 et

45 5018 221 5091 agminibus
242 5017 412 5090 angelornm
438 5022 575 5088 prostatus
596 5024 652 5079 set.
670 5026 702 5075 ut
726 5037 760 5075 ex
782 5037 882 5076 curum
940 5017 1095 5074 isidorum.
1507 5086 1512 5096 ·

43 5093 270 5160 comparatione
293 5089 397 5145 clarior
421 5093 582 5157 rastitcr1t;
608 5092 685 5146 unde
710 5109 769 5158 pre·
794 5091 884 5148 nimia
974 5089 1046 5144 llinc
1062 5086 1271 5143 videtureduci
1291 5101 1376 5153 posse
1401 5087 1532 5155 probatio
1558 5086 1718 5158 reciproca,
1736 5089 1765 5144 et

43 5163 183 5219 claritate
198 5163 226 5216 id
243 5162 414 5232 superbiam
428 5180 540 5224 versus,
554 5165 594 5218 uit
606 5180 613 5219 :
626 5166 658 5218 ln
672 5164 770 5218 coslum
785 5179 881 5219 nesea·
938 5168 1013 5233 quau
1032 5160 1078 5215 bic
1092 5176 1196 5225 serino,
1213 5175 1300 5232 quum
1317 5175 1333 5214 e
1350 5176 1404 5212 ms.
1421 5155 1622 5226 Victorino-et
1643 5159 1765 5230 insuper

39 5235 126 5300 άεηι,
150 5234 256 5290 simitu
279 5250 325 5289 eru
351 5233 493 5289 dirissimo
516 5238 649 5304 (laune,
668 5236 722 5306 ll).
749 5237 831 5289 Unde
854 5238 883 5290 et
936 5250 971 5288 ea
991 5233 1093 5286 ecdem
1121 5247 1175 5286 ms.
1204 5238 1324 5303 tyrano,
1349 5232 1398 5286 ubi
1429 5234 1578 5297 pristitum
1606 5239 1764 5287 tractatum

41 5308 115 5378 ipse
132 5323 138 5360 ι
157 5307 190 5360 dt
204 5305 302 5373 silures
315 5305 349 5360 de
362 5309 480 5375 stupetis
491 5308 636 5363 ordinibus
647 5307 687 5362 illi
699 5314 884 5363 consentreu·
937 5303 1133 5375 theologicum
1149 5306 1321 5370 reperimus.
1337 5305 1479 5368 eruimus,
1487 5303 1526 5357 sit
1536 5319 1601 5358 vers
1613 5304 1765 5360 Hildeber-

40 5385 106 5443 tcs,
124 5379 294 5433 ceciderunt
308 5385 336 5433 et
351 5378 482 5433 damnati
495 5388 575 5434 eunt.
937 5377 1032 5440 tinas,
1046 5382 1075 5431 et
1087 5376 1162 5447 quod
1176 5375 1256 5431 illiue
1268 5381 1410 5430 tractatus
1422 5381 1595 5431 auctorvcre
1608 5378 1694 5432 luerit
1707 5374 1764 5432 tid·

74 5453 154 5505 llaec
166 5459 269 5510 autem
286 5453 431 5505 sententia
447 5451 609 5506 conformis
633 5449 752 5506 omnino
767 5453 884 5508 videtur
937 5449 1088 5516 dabertus,
1104 5465 1191 5521 quem
1208 5448 1330 5519 proinde
1347 5453 1378 5501 ut
1392 5446 1455 5517 elus
1487 5445 1651 5520 legitimum
1673 5448 1765 5504 letum

39 5521 206 5580 asertiont
220 5537 311 5595 quam
327 5520 449 5592 protulit
464 5522 651 5579 Hildebertus
667 5522 698 5577 in
715 5539 781 5592 suo,
796 5540 882 5595 quern
940 5522 1060 5594 publica
1072 5525 1138 5578 luce
1151 5518 1325 5577 donandum
1338 5518 1519 5576 censuimus.

38 5613 61 5656 e
78 5610 141 5654 ms.
156 5598 270 5666 byrsae
285 5597 416 5649 recenter
431 5595 609 5660 deteximus,
627 5601 656 5648 et
670 5594 747 5651 inira
762 5595 884 5667 subjun-
