3802 6030
119 270 156 332 li
590 262 978 331 remurmuremus
1001 268 1210 332 GENOllAN.
1234 268 1353 332 EPISC.
1786 272 1824 334 lu

118 422 257 472 noouse
272 401 381 471 ueteri
389 399 522 488 prodit,
543 406 583 466 ut
600 396 814 466 Eminentia
834 402 909 467 Tun
923 420 1001 475 sua,
1023 422 1099 490 qua
1112 410 1267 472 recenter
1281 423 1299 470 e
1311 403 1477 489 pluribus
1493 402 1611 490 deteqi
1621 410 1822 489 potuerunt.

117 510 208 579 dicet
228 509 420 598 opuscula,
438 506 595 595 quartini
613 525 651 573 eo
664 507 821 593 qratiora
835 508 913 591 fore
927 508 1083 596 confidit,
1095 529 1164 598 quo
1176 512 1402 578 sinceriorem
1418 517 1486 577 ture
1496 510 1595 577 illius
1615 511 1822 581 ueneranda

115 626 271 696 senecta,
287 635 357 704 qua
372 613 474 701 cipes,
495 614 626 681 iconem
639 612 842 701 prophetico
860 615 966 701 quasi
992 614 1160 699 penicillo
1180 616 1352 706 depictam
1370 614 1670 702 supplicabundus
1688 616 1802 704 alleri,

116 724 199 793 duna
215 722 325 792 cerlis
340 721 420 810 ejus
440 720 540 790 nodis
551 718 742 806 praedicare
757 718 838 787 licet
852 723 944 809 quod
956 729 1055 791 estate
1069 721 1173 792 eliam
1188 734 1319 802 nostra,
1331 729 1367 791 et
1380 728 1508 792 nostris
1533 723 1586 794 las
1606 726 1733 807 oculis,

276 924 293 986 J
297 921 440 984 ucuuslos
454 919 618 998 clarosque
632 935 720 979 senes
730 918 843 980 llorere
857 918 1001 982 videmus

276 1022 407 1083 Pectore
421 1019 476 1100 qui
490 1016 619 1080 memori
635 1016 764 1079 recitant
778 1017 949 1097 linguaque
961 1019 1078 1082 diserta

279 1120 338 1180 Res
353 1116 475 1180 noviter
492 1121 606 1195 gestas,
623 1114 838 1194 imitandaque
852 1116 936 1178 lacta
950 1115 1089 1196 priorum
1104 1117 1161 1198 (a).

118 1301 305 1374 Nimirum.

275 1493 338 1556 Nec
352 1492 402 1556 vel
418 1490 578 1572 corporeis
592 1496 622 1552 te
637 1489 761 1551 fraudat
776 1489 896 1553 viribus
909 1495 997 1560 aelas,

276 1591 438 1671 ingenium
453 1592 510 1653 tibi
536 1607 684 1669 meusque
699 1588 818 1668 vigent,
840 1598 871 1651 et
887 1595 1028 1668 tempore
1042 1596 1204 1664 crescunt;

272 1694 339 1754 Nec
359 1690 417 1751 tibi
432 1694 646 1766 contemptum
663 1688 784 1768 peperit
798 1687 951 1749 maturior
966 1693 1054 1760 setas,

273 1787 416 1853 Sadenoi
431 1785 543 1866 capitis
558 1784 656 1848 crevit
669 1785 845 1850 reuerentia
860 1784 973 1865 major.

159 1988 273 2057 Crevit
286 2005 418 2067 reuera,
445 1985 577 2055 Prusul
590 1981 875 2064 eminentissime,
892 1989 925 2050 et
941 1984 1040 2072 apud
1056 2001 1174 2052 omnes
1194 1994 1322 2055 crescet
1340 1986 1378 2054 in
1401 1988 1608 2056 immensum
1629 1990 1691 2058 illa
1707 1994 1755 2057 tot
1773 1988 1815 2054 ti·

113 2094 194 2165 tulis
207 2095 322 2163 delita
339 2094 406 2160 tr'li
419 2093 625 2168 reuerentia,
646 2091 731 2158 dum
745 2090 850 2157 decus
870 2090 964 2157 illud
980 2091 1075 2177 quod
1087 2091 1190 2159 Sedes
1204 2090 1404 2177 Apostolica
1420 2093 1486 2163 tili
1499 2095 1621 2163 merito
1635 2114 1735 2164 saara
1750 2114 1815 2163 sua

13 2196 20 2227 ⁵
109 2220 270 2291 purpura
294 2201 453 2280 eontulit,
471 2207 520 2267 tol
534 2196 590 2265 itti
610 2199 778 2266 m'rlulum
794 2204 827 2264 et
847 2197 1047 2282 prociarum
1070 2198 1267 2284 splendore,
1289 2199 1452 2285 centuplo
1467 2203 1572 2289 quasi
1582 2205 1706 2289 fenore
1720 2204 1816 2291 refe-

16 2376 19 2381 .
113 2328 190 2378 res:
220 2309 304 2377 dum
331 2326 395 2375 ree
421 2308 495 2395 ipse
520 2303 837 2374 christianissimus
858 2306 904 2389 (et
927 2311 1081 2391 quantus
1097 2322 1160 2370 rea
1176 2303 1201 2392 l)
1229 2314 1263 2372 te
1286 2317 1325 2373 ut
1356 2306 1557 2376 ministrum
1581 2309 1631 2377 ad
1651 2310 1817 2398 obsequio

113 2435 327 2505 quacunque
346 2413 623 2499 paratissimum,
644 2412 844 2498 sincereque
863 2417 895 2477 et
917 2408 1100 2478 anonimo
1122 2419 1232 2479 totum
1252 2411 1309 2479 illi
1325 2412 1487 2481 deuotum
1515 2432 1653 2494 ornare,
1680 2418 1811 2500 fouere,

13 2594 15 2599 ,
48 2606 51 2611 ¹
108 2521 302 2609 predicare
316 2539 386 2587 non
400 2518 534 2586 desinet
544 2539 557 2593 ,·
577 2517 662 2586 dum
682 2516 830 2604 denique
851 2514 913 2584 itta
930 2517 1150 2597 uenerabilis,
1182 2535 1252 2605 qua
1271 2518 1365 2605 cipes
1381 2518 1499 2586 arisel
1520 2520 1627 2587 totius
1653 2538 1814 2606 persone

109 2628 266 2717 dcqnitas
281 2637 313 2694 et
329 2623 550 2715 prestantia,
567 2624 649 2691 dum
666 2622 741 2699 illa,
757 2641 834 2711 quae
848 2624 886 2690 in
905 2622 1015 2690 oculis
1030 2622 1147 2697 micat,
1169 2623 1329 2713 officiosa
1344 2631 1379 2692 et
1395 2625 1557 2694 amabilis
1578 2626 1722 2694 comitas
1739 2646 1811 2695 om·

109 2734 286 2803 niunsliln'
303 2736 437 2802 cultum
456 2731 654 2801 conciliabit
671 2742 705 2798 et
719 2729 823 2798 corda
837 2727 1016 2799 devinciet.
1032 2734 1216 2819 Nusquam
1236 2741 1366 2815 lamen,
1388 2733 1557 2800 audacius
1577 2733 1692 2801 dicam
1712 2735 1813 2821 apud

109 2842 199 2911 ullos
222 2842 337 2929 maqis
359 2838 423 2908 illa
442 2840 636 2907 reuerentia
660 2843 798 2917 crescet,
820 2857 924 2925 quam
951 2836 1048 2924 apud
1071 2856 1147 2919 nos,
1169 2857 1253 2927 quos
1282 2847 1323 2907 ut
1345 2850 1418 2908 tuos
1440 2846 1526 2908 totos
1554 2839 1640 2908 adeo
1662 2850 1810 2928 paterne

107 2951 217 3036 foues,
234 2967 317 3037 quos
337 2948 387 3015 ita
405 2947 553 3034 deniqne
567 2946 688 3021 tueris,
710 2963 795 3032 quos
815 2952 864 3012 tot
883 2944 1129 3012 benevolentia
1143 2945 1258 3032 siqnis
1279 2945 1442 3014 decorare
1461 2965 1532 3016 non
1553 2945 1702 3015 desistis.
1719 2949 1811 3017 Feti-

42 3086 46 3091 ·
110 3074 183 3126 cem
199 3057 341 3123 interim
355 3073 423 3136 me,
445 3051 478 3121 si
489 3055 583 3121 lunc
597 3051 875 3139 qualemcunque
891 3052 1056 3119 ultimum
1071 3049 1273 3119 solitudinis
1297 3051 1386 3120 milti
1403 3053 1469 3120 suls
1484 3062 1639 3120 cetrema
1655 3054 1734 3122 oilae
1746 3073 1811 3141 pe·

111 3163 209 3233 riodo
224 3181 388 3231 concesse
400 3167 568 3247 praetem,
584 3178 655 3227 non
676 3157 867 3244 insipidum
884 3157 949 3227 tili
960 3160 1037 3243 lore
1050 3176 1244 3244 speravero.
1261 3160 1423 3241 Felicem,
1441 3161 1600 3247 inquom.
1617 3179 1684 3241 me,
1700 3162 1735 3226 si
1747 3159 1811 3229 noc

111 3271 343 3360 quodcunque
365 3265 562 3336 sincerioris
584 3285 665 3355 erqo
684 3273 718 3334 te
741 3264 972 3352 obsequentia
999 3284 1081 3333 mee
1101 3266 1358 3333 monimentum
1388 3266 1551 3351 leniqnis
1577 3264 1658 3343 illis,
1682 3268 1811 3355 quitus

111 3378 213 3455 soles,
229 3377 353 3453 oculis,
371 3377 543 3460 inspicere
562 3392 634 3442 non
654 3371 868 3462 dediqnarr‘s.
887 3374 978 3441 Hinc
1001 3371 1203 3440 ardentiora
1226 3390 1317 3454 mea,
1333 3372 1398 3440 sed
1409 3380 1443 3440 et
1462 3391 1619 3441 meorum
1633 3374 1811 3442 sodalium

112 3492 202 3567 rota,
220 3492 259 3552 ut
274 3484 324 3552 ad
343 3483 507 3552 Ecclesia
529 3499 601 3548 sue
624 3478 742 3561 decus,
758 3480 807 3548 ad
823 3480 916 3565 repis
941 3477 1109 3568 requique
1130 3477 1279 3568 pluriam
1299 3487 1334 3547 el
1346 3480 1560 3568 profectum,
1576 3481 1626 3548 ad
1644 3481 1811 3551 lanarum

23 3576 42 3633 J
112 3594 271 3664 omnium
290 3592 437 3659 tutelam
452 3597 485 3657 et
507 3585 669 3656 solatium
685 3593 775 3656 Deus
798 3590 878 3674 Opt.
895 3590 992 3655 Mae.
1016 3584 1270 3676 patriarchales
1289 3587 1397 3654 etiarn
1411 3585 1453 3655 de
1472 3589 1615 3669 nostris,
1638 3587 1705 3656 tili
1720 3606 1811 3657 sem·

102 3717 170 3789 per
176 3698 357 3775 ,incolumi
370 3696 489 3785 lonqos
511 3704 544 3763 et
555 3695 677 3782 felices
701 3693 810 3762 addat
833 3711 959 3761 annos.
973 3696 1030 3761 Ita
1044 3693 1150 3762 totius
1163 3699 1288 3760 nosne
1303 3694 1596 3782 eonqreqationis,
1613 3704 1648 3762 et
1664 3712 1728 3764 suo
1746 3713 1809 3763 no·

105 3806 202 3875 mine
221 3823 266 3873 ea
279 3803 399 3873 animo
413 3809 521 3871 vovet.

169 4014 389 4087 llmiueuliae
408 4017 493 4086 'lun

534 4349 774 4414 addictissimus
786 4358 817 4414 et
831 4349 1131 4427 obsequentissimus
1146 4353 1195 4414 Fr.
1212 4354 1368 4416 Antonius
1385 4357 1608 4430 Bessorum,
1629 4351 1805 4417 monachus

819 4451 1072 4516 Benedictlnuss
1090 4455 1337 4534 congregatione
1358 4457 1392 4518 S.
1409 4456 1519 4517 llnuri.

88 4788 122 4854 B
135 4787 327 4854 monasterio
347 4794 403 4851 tuo
422 4786 689 4868 sangermanensi

124 5065 169 5150 (9)
185 5065 353 5130 llarbodus
366 5064 400 5126 in
414 5062 473 5126 liu.
487 5081 507 5125 x
523 5063 755 5143 Oapitulorum,
771 5061 873 5144 capite
885 5063 931 5129 De
943 5072 1098 5129 nnectote.
