3802 6030
28 258 35 271 ,
93 215 171 279 1·th

392 366 454 404 oras
482 365 615 412 ouranos.

93 437 161 501 Quae
177 441 291 509 reptant
308 439 335 492 in
352 439 447 510 aquis,
460 436 641 509 volitantque
659 455 709 511 per
721 455 788 495 acra
801 435 917 510 pennis,

130 525 240 582 Dicitur
255 525 283 580 in
296 525 398 597 quinta
409 525 474 583 luce
489 543 604 583 creasse
617 527 705 582 Deus.

94 613 236 684 Suscepto
252 613 356 670 Christi
369 613 574 672 mensiumine
590 621 689 673 nostra
701 616 825 687 jubetur

127 707 159 761 ln
175 704 272 761 cordis
288 704 388 778 pelago
401 706 485 763 noxia
499 708 646 765 discutere
661 749 667 762 .

93 795 219 865 Dueque
234 794 312 850 velut
327 800 443 866 repunt,
461 797 647 870 tenebrisque
658 803 797 870 teguntur
811 794 920 868 abyssi,

129 881 264 938 Protinus
280 883 397 940 admoto
413 885 519 957 pellere
531 885 652 956 judicio.

93 971 162 1035 Ouo
177 971 263 1043 quasi
281 989 399 1028 summa
424 977 536 1046 petunt,
550 983 575 1030 et
597 976 673 1031 [lunt
688 975 820 1047 proxima
839 972 921 1040 coelo,

129 1064 192 1116 llaec
209 1062 336 1117 retinens
349 1062 447 1118 animo
463 1068 557 1119 servet
575 1064 693 1136 alatque
705 1080 768 1119 suo,

94 1150 175 1216 Quod
191 1150 300 1205 vidisse
312 1150 420 1206 bonum
437 1151 514 1208 Deus
530 1152 695 1208 alllrmatur
710 1157 885 1224 utrumque,

129 1239 208 1294 Hanc
223 1255 342 1294 causam
359 1240 485 1296 reddunt
501 1242 623 1314 mystica
640 1243 690 1313 qui
703 1243 836 1314 capiunt.

96 1327 259 1385 Suntmala
277 1344 340 1400 ques
353 1330 442 1385 tacite
458 1339 562 1400 repunt
587 1332 616 1386 io
641 1331 727 1388 corde
752 1332 896 1387 bonorum
914 1365 921 1416 3

129 1421 202 1472 Nam
215 1417 350 1472 nituntur
365 1434 414 1473 eos
428 1419 465 1474 ad
479 1420 555 1477 mala
573 1420 757 1493 pertrahere.

92 1506 149 1562 Sed
163 1522 228 1561 cunt
245 1506 565 1581 pelluntur,sunotique
581 1509 691 1582 perillo
709 1510 881 1582 probantur,

129 1594 206 1650 Sunt
218 1595 304 1663 bona,
322 1601 492 1652 sanctorum
505 1599 581 1670 quod
598 1599 750 1655 cumulant
774 1597 920 1653 meritum.

97 1685 166 1742 ilino
181 1685 289 1742 vidisse
302 1686 477 1752 bonum‚sed
494 1705 552 1744 non
570 1690 674 1746 iecisse
687 1690 812 1745 retertur

130 1773 196 1831 Haec
212 1775 351 1843 Deus,illa
366 1777 458 1832 bonos
480 1794 565 1849 posse
590 1779 693 1849 juvare
716 1778 828 1833 videns.

406 1883 468 1921 oras
488 1884 605 1924 sexrus.

94 1952 179 2006 Sexta
195 1951 257 2008 luce
269 1953 324 2007 Deo
336 1952 473 2025 produxit
486 1959 564 2010 terra
577 1954 699 2026 jubente

131 2043 252 2115 Rsptile,
266 2044 446 2115 jumentum,
463 2063 589 2119 cumque
606 2048 665 2103 lora
681 2047 832 2119 pecudem.

96 2132 159 2188 llrec
174 2137 271 2189 motus
283 2133 412 2190 hominis
432 2137 591 2209 designant
606 2136 767 2202 exterioris,

131 2219 183 2287 Qui
202 2222 405 2292 praedictorum
418 2230 512 2280 terrea
525 2241 604 2281 more
616 2228 730 2297 petunt.

95 2310 174 2376 Quod
193 2326 272 2367 mare
288 2312 563 2383 produxithominis
578 2319 659 2369 notat
673 2313 821 2368 interioris

131 2398 252 2463 Sensus,
267 2401 444 2471 quos,piscis
458 2401 697 2472 moro,prolunda
711 2406 824 2472 tegunt.

95 2490 133 2541 At
149 2493 244 2542 motus
261 2488 387 2544 bominis
398 2490 706 2561 designantexterioris

129 2575 247 2631 Terreni
265 2577 347 2643 letus,
366 2582 486 2649 utraque
511 2596 615 2650 nempe
644 2584 757 2650 patent.

96 2668 216 2734 Hocque
231 2667 389 2736 not.r,quod
405 2666 445 2720 nil
463 2666 512 2721 ubi
525 2668 622 2739 signat
632 2667 728 2722 littera
743 2666 840 2723 carnis

132 2751 423 2821 Motus,productum
441 2757 517 2826 quod
530 2754 608 2810 voles
623 2755 763 2811 invenies.

483 274 488 289 ,
574 215 661 276 VEN.
686 211 923 278 lllLDEBllllt'l'l
945 211 1145 274 canollata.
1170 213 1292 276 episc.

933 347 961 413 Α
1010 345 1067 401 Sed
1082 347 1206 416 ratione,
1223 347 1272 402 Dei
1284 365 1348 419 quis
1363 353 1442 406 tenet
1456 351 1592 423 elligiem.

1724 224 1800 286 1216

970 436 1032 500 Dua
1048 436 1119 491 bene
1135 437 1205 492 dum
1216 438 1333 506 fruitur,
1345 439 1447 494 merito
1460 442 1642 513 preponitur
1653 443 1722 510 iltis,

1006 529 1079 579 Dum
1097 524 1183 592 male,
1200 527 1340 595 iumentis
1364 527 1491 584 allicitur
1517 530 1633 586 similis.

970 613 1016 668 Sic
1029 612 1127 670 Deitas
1142 614 1434 684 hominem,certsurre
1451 619 1579 690 pondere
1595 622 1724 692 quodam

1008 701 1203 775 Consilioque,
1216 720 1300 760 suam
1317 706 1385 761 lecit
1401 707 1437 761 ad
1453 708 1592 779 effigiem.

975 796 1047 846 Dum
1068 791 1140 848 dicit
1153 797 1294 857 nostram,
1310 794 1462 850 Deitasest
1474 797 1551 853 trino
1566 799 1696 855 notanda
1712 819 1721 870 ;

1009 878 1082 935 Nam
1099 885 1230 937 nostram
1246 881 1327 938 solus
1343 883 1438 939 dicere
1455 901 1513 941 non
1529 891 1650 957 poteret,

1008 967 1085 1024 Fecit
1097 971 1134 1025 ed
1148 969 1464 1043 elligiern,repeteodo:
1478 975 1538 1042 Dei,
1562 975 1650 1046 Deus,
1667 977 1762 1044 illum,

1010 1056 1071 1112 Non
1088 1061 1147 1113 tres
1162 1059 1322 1115 credendos
1339 1060 1434 1116 innuit
1449 1078 1513 1118 csse
1543 1063 1624 1134 deos,

975 1145 1116 1202 Subditur
1131 1145 1177 1201 bis
1192 1148 1342 1217 quodmas
1353 1149 1441 1204 luerit
1456 1159 1480 1206 ot
1495 1152 1603 1208 semina
1624 1156 1711 1223 lacta,

1010 1234 1127 1290 Dicatur
1138 1237 1231 1291 lactus
1246 1253 1313 1292 cum
1330 1238 1411 1310 prius
1425 1256 1500 1295 arnus
1514 1240 1602 1297 homo
1618 1262 1626 1309 ;

975 1320 1046 1378 Nnrn
1064 1341 1126 1380 mas
1151 1324 1267 1381 feminei
1289 1327 1431 1382 retinebat
1458 1329 1694 1399 seminamus,

1011 1415 1045 1468 Et
1056 1413 1108 1468 luit
1122 1430 1156 1469 ex
1171 1423 1251 1469 oostu
1267 1415 1373 1471 lemine
1384 1416 1459 1472 lacta
1472 1419 1571 1475 marie.

976 1501 1057 1559 Unde
1072 1500 1170 1559 volens
1185 1504 1313 1560 hominis
1329 1507 1498 1563 benedicere
1508 1507 1693 1580 {posteritati

1011 1593 1052 1648 En
1067 1609 1125 1648 una
1138 1594 1276 1665 quoniam
1290 1611 1345 1649 non
1364 1601 1475 1667 poterat
1490 1598 1562 1663 deri,

935 1709 958 1774 B
980 1683 1037 1739 Vox
1052 1684 1168 1739 Domini
1183 1686 1284 1741 merito
1301 1686 1426 1757 geminis
1443 1687 1589 1745 benedixit
1604 1688 1633 1744 in
1651 1706 1723 1759 uno,

1009 1772 1045 1829 Ut
1057 1774 1159 1829 iecisse
1175 1774 1252 1829 Deus
1268 1775 1478 1831 Melchisedech
1495 1776 1623 1850 legitur:

974 1866 1006 1917 In
1022 1861 1132 1918 lumbis
1148 1863 1332 1936 bbruhrcqui
1349 1869 1419 1921 tune
1434 1866 1581 1921 benedixit
1598 1870 1703 1935 Aaron,

1009 1952 1081 2008 Cum
1098 1952 1358 2021 decimas,rediene
1371 1955 1465 2009 vietor
1481 1956 1516 2010 ab
1533 1955 1629 2022 hoste,
1655 1957 1747 2015 daret.

973 2042 1046 2099 Hinc
1061 2042 1149 2099 horno
1161 2044 1273 2114 primus
1284 2050 1347 2099 erat
1359 2047 1516 2114 duo;carne
1532 2046 1798 2118 prophetabatuna,

1009 2132 1080 2187 Cum
1097 2132 1179 2187 dese
1195 2132 1299 2188 lectam
1315 2134 1474 2206 susciperet
1497 2135 1618 2191 sociam.

973 2220 1043 2276 Vult
1058 2226 1086 2276 et
1101 2221 1130 2275 in
1148 2221 1201 2276 hoc
1223 2223 1355 2293 geminos
1371 2225 1448 2295 quod
1466 2225 1507 2279 sic
1523 2225 1669 2281 benedicit
1685 2225 1715 2281 in
1732 2244 1795 2293 uno,

1008 2311 1221 2365 Commendare
1236 2310 1312 2387 Deus
1325 2310 1439 2366 vincula
1464 2311 1602 2383 conjugii.

975 2398 1044 2453 lnde
1060 2398 1109 2454 Dei
1125 2399 1259 2470 sequitur
1274 2400 1449 2466 benedictio,
1460 2417 1524 2472 quae
1540 2401 1628 2456 datur
1642 2403 1736 2458 omni.

1010 2487 1063 2552 Oui
1079 2504 1149 2543 cura
1164 2488 1243 2557 vigili
1261 2489 1417 2559 quaejubct
1432 2489 1482 2545 illa
1498 2490 1591 2546 lacit:

973 2577 1109 2645 Crescite,
1128 2577 1281 2649 multiplici
1296 2577 1430 2634 tellurem
1447 2578 1526 2651 prole
1544 2579 1665 2652 repleto,

1010 2666 1046 2721 Dt
1061 2666 1236 2722 nobisillam
1253 2667 1390 2738 subdite3
1407 2668 1486 2724 dicta
1501 2675 1579 2725 nota.

975 2754 1160 2826 Praesitisque
1174 2755 1265 2811 maris
1279 2756 1481 2812 animantibus
1497 2756 1691 2830 alitibusque,

98 2837 170 2895 Nam
188 2855 255 2895 earo
269 2844 655 2916 nostragraris,netureque
671 2861 785 2917 semper
801 2845 837 2899 ad
862 2844 921 2900 ima
1010 2842 1061 2898 llis
1076 2858 1192 2914 quoque
1208 2860 1271 2916 quae
1282 2844 1352 2899 varii
1365 2850 1441 2900 terra
1459 2851 1537 2900 creat
1554 2848 1676 2918 generis

131 2925 190 2983 Nos
211 2927 311 2997 trehit,
341 2938 367 2985 et
383 2934 491 2985 terrum
504 2929 546 2987 sie
561 2932 644 3003 quasi
661 2935 729 2986 nata
744 2933 826 3004 petit.

94 3014 141 3071 Sic
151 3015 215 3086 jam
230 3015 384 3088 completis
400 3019 544 3091 predictis
557 3020 692 3075 omnihus
702 3019 777 3089 istis,

130 3104 272 3161 Ornatam
290 3107 471 3178 mundoque
487 3109 674 3180 speciemque
684 3109 805 3177 dabant,

97 3195 223 3267 Oueque
240 3197 412 3268 figuratum,
424 3213 488 3269 quae
505 3201 760 3255 mundumornare
776 3198 919 3255 minorem

130 3285 262 3354 possent,
274 3287 582 3356 innuerent,Conditor
596 3291 676 3345 orbis
692 3292 733 3345 nit
749 3306 756 3346 :

975 2930 1110 2987 Crescere
1117 2932 1235 3002 justitia
1252 2950 1304 2988 nos
1318 2933 1381 2989 vult
1396 2939 1424 2989 et
1438 2934 1642 3006 multiplicari,

1012 3018 1212 3089 Doctrineque
1228 3021 1315 3076 honis
1329 3022 1418 3077 cordo
1430 3021 1541 3094 {repleri
1562 3023 1730 3081 hominum.

977 3109 1794 3180 1172Corporlsetnostriterrammacerandosubnot-un

1007 3198 1136 3253 subdere
1152 3215 1204 3255 nos
1220 3200 1324 3255 animre
1341 3203 1476 3272 praecepit
1504 3202 1639 3272 imperio,

972 3287 1007 3342 st
1022 3288 1213 3344 cordisnostri
1230 3289 1384 3357 dominari,
1410 3290 1540 3361 corporis
1555 3294 1645 3361 atque
1678 3326 1683 3334 -

93 3371 277 3430 Plasmemus
295 3375 550 3447 bonrinem,quem
570 3386 666 3432 nostra
677 3381 813 3433 venustet
823 3379 920 3449 imago
1008 3376 1135 3432 Motibus
1158 3377 1278 3445 illicitis,
1296 3385 1326 3432 ut
1343 3380 1424 3450 prius
1439 3372 1565 3435 edocuit.

128 3469 162 3520 at
176 3465 353 3522 similitudo,
370 3471 617 3535 Muneraquanta
634 3467 724 3532 dedit,

91 3558 201 3612 cuncta
217 3554 445 3610 creansbornini
462 3556 486 3610 si
498 3555 596 3610 dantis
607 3557 691 3625 jussa
708 3563 825 3624 teneret,

128 3647 161 3698 Et
172 3643 228 3697 nisi
246 3644 393 3714 peccando
410 3660 462 3712 por
473 3643 574 3714 poculi
592 3643 696 3699 lleretl

92 3732 197 3786 ml
216 3729 279 3786 Non
294 3736 392 3786 tamen
401 3730 651 3787 hecbominidota
662 3734 762 3788 credas
773 3734 918 3800 exteriori,

132 3820 256 3877 laterior
269 3821 350 3877 solus
368 3822 427 3878 haec
439 3822 526 3876 bomo
541 3822 618 3878 dona
633 3829 721 3879 tenet.

97 3910 169 3968 lline
183 3911 351 3981 invisibilis,
369 3914 602 3984 immortalisque
615 3923 741 3983 creatus,

129 3999 456 4074 Dstrctionalie‚sicque
474 4004 529 4058 Deo
540 4003 652 4058 similis.

94 4092 126 4147 ln
143 4092 226 4149 nobis
243 4092 316 4148 ratio
332 4094 465 4165 quedam
481 4095 603 4150 Deitatis
617 4094 714 4166 imago
730 4101 783 4163 est,

130 4181 163 4237 Et
175 4184 267 4239 nostri
279 4187 393 4238 tanturn
412 4199 480 4253 pars
492 4184 571 4239 videt
585 4182 635 4238 illa
645 4183 748 4240 Deum.

95 4270 742 4338 Praeterirnursolemutisauirnantihusilla,

129 4361 241 4433 Quique
262 4361 336 4433 regit
352 4360 458 4417 coslum
472 4364 631 4433 querimus
647 4360 737 4432 hujus
752 4376 815 4430 ope.

54 4475 57 4480 ·
94 4448 145 4505 Dat
160 4449 322 4506 similitudo
345 4451 476 4521 Deitatis,
492 4468 545 4506 nos
560 4450 667 4506 imitari

126 4539 246 4607 lustitia
261 4546 289 4595 et
305 4558 417 4596 morum
440 4542 593 4597 nobilitate
618 4540 720 4597 Deum.

90 4626 140 4682 est
154 4628 234 4683 aliud
250 4631 327 4701 quod
346 4630 432 4686 babet
451 4631 582 4686 bumana
598 4630 705 4685 creatio
721 4631 853 4701 dignum,

127 4716 207 4782 Quod
225 4717 296 4773 benc
313 4720 398 4773 verba
415 4721 461 4774 Dei
478 4720 600 4791 mystica
616 4720 793 4791 significant.

94 4805 210 4859 Dixerat
225 4803 255 4858 in
271 4804 390 4876 reliquis
408 4824 414 4859 :
431 4807 492 4861 Fiat
510 4825 516 4873 ;
536 4812 609 4861 lteris
629 4808 674 4861 bic
691 4825 697 4863 :
717 4808 880 4874 l'aeiamus,

46 4884 55 4893 '
128 4892 222 4960 Dinit3
239 4892 360 4947 oonsilio
378 4911 424 4950 res
440 4896 524 4965 qnasi
543 4895 632 4962 digna
649 4897 714 4951 t'nit.

91 4980 220 5057 luceque
234 4981 310 5035 trina
321 4981 408 5036 simul
425 4982 520 5036 Deitas
533 4984 609 5037 hanc
625 4992 668 5039 est
683 4991 810 5054 operata,

127 5069 217 5134 Quem
234 5067 327 5123 solum
346 5071 491 5140 propriam
510 5072 578 5126 lecit
591 5076 623 5127 att
641 5073 788 5144 effigiem,

90 5157 261 5228 Adiecitque
277 5157 371 5213 Deus:
389 5163 480 5213 'l'errae
497 5159 678 5226 dominetur,
695 5167 723 5216 et
748 5162 806 5216 itlta

125 5247 298 5324 Quaemere,
310 5263 373 5318 quas
388 5245 551 5317 tellusque
567 5248 637 5303 levis
652 5264 701 5303 aer
716 5249 833 5305 habent.

88 5334 214 5408 Dignius
224 5334 279 5392 hoe
294 5335 400 5391 animal
414 5333 536 5391 Deitatis
552 5335 680 5407 imagine
690 5336 813 5405 clarum,

126 5422 288 5481 Prelloitur
298 5423 430 5496 reliquis,
445 5439 513 5479 voce
529 5424 768 5495 creantis,homo,

89 5512 152 5573 Non
168 5513 211 5584 vi,
222 5530 281 5585 qua
296 5513 391 5586 potius
407 5511 766 5586 pollentanimeliaplure,

972 3467 1053 3530 Quod
1072 3471 1193 3522 cunctae
1210 3466 1324 3537 herhas,
1343 3470 1530 3540 truciumque
1545 3469 1669 3524 larentia
1684 3469 1764 3542 ligna

1008 3555 1062 3610 Dat
1077 3560 1161 3620 Deus,
1181 3555 1227 3611 his
1238 3572 1319 3611 escas
1339 3558 1380 3611 sic
1396 3561 1478 3628 potes
1494 3557 1636 3628 accipere.

973 3649 1078 3701 Parvos
1093 3650 1120 3699 et
1134 3661 1263 3716 magnos,
1280 3645 1386 3701 herbas
1400 3651 1428 3701 et
1445 3645 1533 3718 ligna,
1555 3647 1657 3702 lideles

1008 3737 1123 3808 Accipe,
1134 3736 1182 3808 qui
1197 3736 1328 3807 patribus
1344 3740 1415 3790 etant
1426 3735 1565 3792 alimenta
1580 3737 1695 3807 sacris3

971 3825 1030 3881 Nec
1046 3825 1139 3880 solute
1157 3825 1299 3897 patribus,
1317 3826 1366 3880 sod
1386 3829 1414 3880 ct
1430 3825 1479 3879 illa
1496 3824 1639 3897 bonisque
1657 3825 1801 3898 malisque

1008 3915 1151 3979 Prnrlrrnt,
1168 3932 1242 3987 quos
1256 3914 1382 3986 pecudes
1397 3914 1564 3985 significant
1576 3919 1692 3971 stares.

971 4005 1045 4061 Nam
1061 4005 1168 4063 Christi
1181 4005 1272 4077 pietus
1289 4004 1458 4074 possedere
1476 4005 1605 4075 precipit
1619 4006 1702 4061 omni

1007 4095 1060 4160 Oui
1078 4095 1191 4167 potibat
1206 4095 1316 4148 sanctis
1333 4093 1477 4165 precipue
1493 4091 1636 4163 patribus.

972 4183 1050 4238 Vidit
1061 4187 1166 4238 cuncta
1183 4187 1257 4237 Deus
1274 4199 1336 4253 quae
1353 4183 1502 4248 lecerat‚et
1517 4182 1593 4236 bona
1607 4181 1691 4237 valde

1007 4274 1082 4340 (Mox
1093 4270 1226 4341 infertur)
1237 4275 1320 4324 erent
1333 4287 1340 4337 ;
1351 4272 1461 4342 respice
1477 4270 1556 4325 dicta
1572 4270 1666 4341 prius.

978 4365 1009 4415 ln
1026 4359 1146 4430 reliquis
1161 4359 1270 4414 vidisse
1286 4359 1393 4413 bonum
1412 4358 1590 4429 persingula
1605 4358 1719 4415 dictum
1745 4364 1798 4427 est,

933 4430 956 4494 Ῑ)
1010 4451 1046 4504 At
1062 4465 1118 4502 non
1132 4449 1254 4503 formato
1270 4447 1439 4502 dicitnrboc
1455 4447 1586 4504 bonine.

971 4539 1034 4594 Non
1051 4536 1161 4593 vidisse
1177 4537 1561 4608 bonun1,voxmystica,sed
1579 4536 1658 4592 bona
1671 4537 1755 4609 dicit,

1008 4625 1070 4681 Nun
1088 4641 1139 4696 per
1152 4641 1183 4679 se
1198 4623 1322 4679 laudans
1339 4624 1426 4689 hunc,
1445 4624 1578 4678 nisicum
1595 4624 1730 4698 reliquis.

972 4715 1098 4788 Spiritus
1110 4714 1159 4770 ille
1175 4713 1236 4782 Dei,
1253 4731 1401 4786 perquem
1417 4723 1484 4769 sunt
1498 4714 1556 4768 ista
1572 4715 1674 4785 relata,

1005 4804 1057 4861 Hie
1075 4809 1263 4877 peccaturum
1278 4809 1396 4858 noverat
1411 4820 1474 4859 esse
1493 4804 1650 4859 honinem.

970 4891 1069 4949 Noluit
1084 4892 1161 4947 hunc
1177 4906 1245 4961 ergo
1261 4890 1354 4946 solum
1372 4890 1632 4954 laudarocreantis

1005 4981 1059 5048 Oui
1075 4980 1155 5036 solus
1166 4981 1284 5051 jussum
1298 4981 1516 5051 postpositurus
1531 4986 1591 5034 erat
1606 4999 1612 5044 ;

972 5075 1065 5141 Atque
1081 5069 1157 5124 inter
1169 5067 1311 5139 pecudum
1330 5068 1431 5122 leudes
1446 5067 1512 5122 laus
1528 5067 1633 5122 dicitur
1646 5067 1723 5138 ejus,

1004 5158 1058 5224 Qui
1075 5173 1199 5229 peccans
1216 5155 1316 5225 pecudi
1328 5172 1380 5226 par
1392 5155 1498 5211 meruit
1513 5156 1585 5211 sseri.

968 5248 1042 5320 Ergo
1058 5247 1193 5301 disserte
1205 5245 1333 5300 mundus
1344 5244 1496 5312 formatus,
1513 5250 1541 5299 et
1555 5246 1652 5300 omnis

1003 5336 1286 5402 llliusornatuseet,
1315 5340 1451 5406 operante
1476 5338 1545 5390 Deo.

967 5426 1094 5482 Perfecto
1104 5439 1226 5479 numero
1243 5424 1370 5478 lactaeet
1385 5421 1522 5494 perfectio
1533 5421 1647 5493 mundi,

1002 5513 1180 5586 Disponente
1195 5512 1270 5568 bono
1286 5509 1385 5567 taliter
1399 5509 1521 5569 artlllce.
