3802 6030
94 176 127 235 st
607 171 820 235 PRAEFATIO
841 171 893 233 ΑΙ)
914 170 1056 235 NOVAM
1077 171 1302 236 salmossa.
1769 175 1809 239 22

92 306 233 393 nensis,
250 307 292 376 in
313 308 444 378 Hister.
466 305 584 388 vend,
604 308 693 375 tom.
716 306 777 374 111.
802 305 842 373 A.
868 306 1097 376 Duetresnius
1117 327 1192 377 non
1218 307 1364 378 videtur
1392 312 1563 379 accurate
1587 309 1803 383 discussisse

91 418 202 467 suam
225 399 271 466 de
295 402 493 467 monacatu
524 395 722 466 Hildeberti
753 395 1017 480 assertionem
1043 417 1081 465 re
1106 397 1206 486 prius
1235 418 1310 467 non
1336 400 1548 489 ponderata,
1576 406 1723 469 secutus
1750 407 1805 471 est

92 489 306 557 chronicon
323 488 577 568 cluniacense,
588 486 694 575 jussu
714 491 753 554 D.
773 485 899 554 iacobi
923 485 967 553 de
992 486 1179 565 ambasia,
1204 488 1344 557 abbatis
1367 489 1621 558 Cluniacensis
1646 491 1801 560 eoenobii

91 598 195 646 anno
212 581 313 658 1485,
335 597 354 644 a
377 580 417 644 D.
436 576 631 645 Franciseo
650 577 694 645 de
715 575 804 645 Rivo
823 574 1058 645 cluniacensi
1076 597 1211 664 magno
1228 578 1345 666 priore
1362 580 1558 667 digestum.
1584 579 1660 647 Tali
1689 579 1802 669 igitur

91 668 228 736 nititur
242 672 463 756 argumento
477 666 522 735 de
538 664 761 756 professione
783 664 986 736 monastiea
1003 665 1196 734 Hildeberti
1213 672 1438 747 conjectura.
1457 668 1556 747 Quod
1578 669 1648 736 ista
1677 670 1803 739 omnia

91 757 168 826 sint
189 756 397 826 recentiora
412 777 456 824 ac
481 754 632 845 proinde
652 755 828 825 debiliora
853 775 963 823 nemo
994 762 1049 824 est
1076 756 1139 844 qui
1165 777 1238 824 nen
1259 757 1391 825 videat.
1423 757 1656 845 cbjiciunlur
1679 761 1803 847 gravis

90 846 275 916 momenti
285 845 457 923 rationes,
468 845 600 947 quibus
611 845 795 914 contraire
810 844 858 912 im
864 844 1034 934 possibile
1046 850 1110 913 est.
1123 845 1245 914 Vitam
1257 848 1292 914 S.
1305 848 1471 935 Hugonis
1482 848 1598 915 deseri
1603 848 1674 936 psit
1685 848 1803 918 Hilde·

90 936 219 1006 bertus
237 936 443 1025 ;quomodo
463 933 607 1003 silentio
620 934 924 1024 praetermisisset,
941 955 980 1004 se
996 934 1060 1003 tali
1081 935 1257 1022 magistro
1275 957 1381 1004 usum
1399 956 1476 1004 esse
1490 941 1525 1004 et
1540 943 1613 1004 lam
1626 936 1801 1026 praeclaro

91 1025 327 1095 abbateduce
337 1024 511 1093 didicisse
521 1044 646 1093 sacras
657 1029 766 1104 artes,
784 1022 977 1114 ordinique
992 1024 1231 1093 Benedictino
1243 1026 1699 1095 nemendedisselTacent
1708 1046 1800 1115 prae·

90 1120 190 1183 terea
210 1134 340 1183 omnes
355 1114 531 1183 coaetanei
542 1113 736 1203 scriptores
751 1110 1002 1183 deHildeberti
1019 1119 1232 1197 monnesio,
1247 1115 1418 1203 quamvis
1435 1115 1479 1183 de
1504 1120 1603 1183 tanto
1619 1115 1696 1183 viro
1717 1115 1800 1205 plu-

88 1205 161 1272 ries
180 1204 294 1273 verba
311 1203 552 1279 laciant‚eum
568 1202 726 1271 summis
742 1201 911 1271 laudibus
925 1202 1151 1286 extollentes,
1171 1205 1246 1271 utS
1270 1205 1489 1279 Barnardus.
1507 1203 1799 1275 claraevallensis

89 1293 219 1371 abbas,
235 1293 298 1383 qui
319 1297 427 1362 vocat
441 1290 544 1360 illum
566 1297 736 1380 Mepnum
757 1294 969 1362 sacerdotem
991 1298 1027 1361 et
1050 1295 1224 1362 excelsum
1247 1295 1284 1361 in
1301 1297 1401 1364 cerdo
1424 1297 1545 1384 pieria
1574 1306 1605 1363 et
1633 1315 1799 1384 nrdpnem

91 1386 255 1452 Ecclesia
274 1384 488 1452 columnam.
515 1380 552 1451 Si
572 1381 615 1451 de
640 1385 788 1450 auctore
810 1382 900 1451 vita
925 1384 960 1449 S.
989 1382 1131 1451 abbatis
1156 1382 1407 1451 cluniacensis
1434 1386 1525 1452 bene
1555 1384 1798 1473 perquiratur,

91 1472 223 1541 audire
242 1478 297 1540 est
310 1473 349 1540 in
371 1472 526 1541 decursu
544 1471 706 1541 historiae
726 1468 964 1539 confitentem
981 1492 1018 1540 se
1040 1474 1076 1538 B.
1104 1475 1296 1560 Hugonem
1314 1494 1385 1542 non
1403 1479 1488 1542 ante
1512 1473 1648 1541 vidisse
1672 1494 1797 1563 quam,

91 1561 281 1651 pergendo
310 1566 463 1630 Romam
487 1582 574 1631 cum
596 1559 721 1629 Hoello
745 1560 917 1662 episeopo
942 1562 1223 1637 cenomanensi,
1252 1563 1290 1629 in
1321 1562 1541 1631 monasterio
1566 1562 1797 1632 cluniacensi

89 1650 311 1719 divertisset.
333 1654 424 1719 cum
441 1671 526 1720 vero
568 1649 822 1719 erbumaniter
846 1670 903 1717 vrr
932 1669 1078 1737 magnae
1103 1651 1309 1719 sanctitatis
1343 1650 1510 1719 Hoellum
1538 1651 1796 1741 alloqueretur,

88 1760 185 1830 saepe
207 1742 345 1829 saepius
368 1742 411 1808 ad
440 1672 689 1808 Hildebertum
718 1738 1022 1807 archidiaconum
1049 1739 1265 1809 deflectebat
1291 1741 1429 1822 oculos,
1464 1740 1686 1830 tandemque
1709 1762 1794 1810 eum

90 1829 226 1898 blande
243 1830 302 1897 his
317 1829 437 1898 verbis
452 1829 506 1898 sic
527 1828 631 1897 ellari
646 1828 821 1919 diguatus
841 1834 917 1897 est:
939 1831 1096 1898 'lautum
1121 1830 1252 1918 inquit,
1272 1851 1318 1898 ne
1347 1830 1442 1899 desis
1462 1832 1590 1919 grutiae
1606 1830 1683 1912 Dei,
1712 1852 1797 1921 que-

92 1920 194 1988 niam
213 1918 401 2008 provisum
419 1927 474 1987 est
483 1920 519 1986 te
535 1918 574 1986 in
584 1919 878 2008 eo,inquonunc
890 1916 1127 1987 administras
1139 1918 1280 2001 ordine,
1297 1920 1508 1987 nullatenus
1521 1940 1791 1989 remansurum.

95 2011 226 2077 Parum
239 2009 416 2098 temporis
430 2007 596 2086 fluxerat,
613 2012 810 2078 eteventus
821 2013 876 2077 est
886 2007 1103 2077 vaticinium
1118 2008 1345 2078 subsecutus.
1358 2009 1651 2078 archidiaconus
1662 2010 1798 2079 etenim

95 2117 130 2165 se
157 2098 258 2166 uenti
280 2118 380 2167 anno
396 2097 646 2187 pontificalem
658 2098 1110 2186 sortitusestdignitatem.
1124 2099 1194 2166 Nos
1207 2099 1274 2167 hoc
1288 2099 1510 2181 audivimus,
1526 2120 1588 2167 uos
1600 2102 1798 2187 praesentes

97 2119 276 2265 vidimuffi
299 2207 367 2256 nos
386 2186 482 2256 beati
503 2185 603 2255 illius
620 2187 783 2257 hominis
798 2188 1008 2256 orationum
1024 2187 1220 2288 participes
1236 2189 1273 2254 in
1295 2209 1336 2256 eo
1357 2188 1443 2255 lacti
1463 2210 1592 2256 sumus
1602 2189 1797 2278 colloquio.

103 2277 171 2344 Nos
188 2275 348 2367 quidem,
366 2276 465 2344 lema
483 2274 679 2359 revelante,
701 2276 880 2344 nonnulla
900 2278 943 2346 da
959 2284 1037 2363 ejus
1053 2280 1246 2345 sanctitate
1261 2276 1521 2353 didiceramus,
1549 2277 1729 2346 nonnulla
1752 2278 1796 2346 de

106 2366 393 2444 mansuetudine,
411 2365 591 2434 nonnulla
605 2366 716 2435 etiam
732 2365 776 2434 de
793 2367 862 2446 bis,
881 2365 1015 2455 quibus
1030 2371 1066 2435 et
1082 2366 1169 2435 vitio
1182 2365 1364 2453 judicium
1380 2372 1416 2434 et
1431 2367 1554 2435 virtuti
1573 2373 1799 2455 praerogatur

112 2454 363 2525 incrementum
381 2478 390 2534 ;
408 2456 619 2524 invenimus
636 2459 757 2525 autem
771 2454 1004 2544 amplioraex
1024 2457 1148 2543 gregis
1162 2457 1455 2532 couversatione,
1474 2457 1629 2546 pastoris
1644 2455 1797 2545 vigilan·

112 2544 187 2612 tiam
202 2548 465 2636 perpendentes
481 2546 582 2634 laist.
606 2548 726 2623 clun..
746 2567 779 2634 p.
796 2547 887 2632 923).
909 2571 924 2607 a
943 2546 1011 2614 Hic
1037 2544 1292 2613 tantummodo
1317 2545 1361 2614 de
1388 2547 1470 2614 visu
1495 2545 1682 2636 loquitur;
1713 2544 1796 2634 quis

112 2653 184 2722 ergo
198 2635 263 2704 sibi
280 2656 496 2724 persuasum
525 2634 669 2704 babebit
691 2633 885 2703 alumnum
915 2636 952 2702 B.
985 2633 1133 2715 Odenis,
1160 2635 1385 2724 discipulum
1414 2641 1523 2727 atque
1553 2634 1794 2704 monachum.

113 2726 264 2810 ampliore
283 2745 324 2794 ec
336 2731 413 2812 sere
428 2727 561 2804 omnic,
574 2744 621 2793 ac
641 2725 757 2812 crepis
781 2729 1040 2793 conuersatione
1060 2727 1248 2804 devenisse,
1279 2738 1468 2813 ceteroque
1495 2732 1595 2813 foma
1620 2727 1795 2793 revelante

116 2811 294 2882 didicisset
314 2815 551 2884 Proleruntur
564 2833 709 2971 queque
725 2813 815 2881 duos
832 2813 930 2881 Petri
945 2814 1188 2882 Pictaviensis
1207 2813 1391 2892 versiculi,
1415 2815 1477 2903 qui
1504 2821 1616 2883 totam
1642 2818 1795 2883 contro-

115 2902 249 2972 versiam
269 2902 499 2989 dirimerent,
515 2903 547 2972 si
592 2923 611 2971 e
627 2902 832 2972 Hildeberto
847 2906 948 2971 certo
962 2907 1143 2992 ageretur.

509 3088 631 3151 Prodiit
645 3088 718 3151 binc
733 3088 827 3151 eliam
841 3089 959 3151 Juliani
974 3089 1075 3151 dulcis
1086 3088 1244 3163 alumnus,

551 3187 610 3261 Qui
625 3188 704 3250 bene
716 3187 883 3249 'turonica
897 3188 1021 3269 proluit
1037 3187 1192 3249 Ecclesia.

152 3342 202 3408 Ast
218 3362 317 3411 nunc
337 3339 420 3430 quis
448 3336 753 3409 cluniacensibus
782 3337 888 3407 illum
920 3356 1115 3409 accensere
1145 3336 1303 3424 poterit?
1331 3338 1392 3406 vix
1425 3338 1524 3406 enim
1560 3344 1624 3408 aut
1660 3359 1706 3407 ne
1734 3338 1797 3408 vix

117 3429 241 3518 quidem
257 3432 289 3499 ei
307 3429 351 3498 ad
371 3428 584 3498 scholarum
602 3427 856 3516 magisterium
873 3427 1161 3497 Cenomanensis
1180 3425 1348 3495 ccclesiae
1380 3425 1542 3494 licuisset
1565 3448 1629 3516 per
1651 3431 1798 3517 tempus

117 3537 308 3624 moremque
331 3518 501 3589 Ecclesiae
520 3518 674 3599 assumi,
691 3518 722 3585 si
742 3516 929 3586 Cluniucis
948 3517 1126 3586 institutis
1146 3537 1249 3584 suam
1264 3516 1479 3585 collocasset
1493 3537 1641 3604 operam
1659 3523 1694 3585 et
1712 3521 1794 3586 voto

114 3607 281 3696 religionis
296 3629 375 3678 sese
386 3606 647 3677 obstrinxisset.
668 3606 781 3688 Unde,
801 3613 839 3677 ut
858 3608 910 3677 ait
929 3610 968 3675 D.
988 3605 1232 3688 Mabillonius‚
1255 3626 1330 3674 non
1352 3605 1442 3673 mibi
1460 3611 1611 3693 apparet
1629 3625 1793 3694 unquam

114 3696 341 3769 Hildebertum
372 3696 484 3765 luisse
511 3695 791 3765 cluniacensem
823 3697 1063 3776 monachum,
1103 3717 1172 3765 nec
1205 3700 1290 3764 ante
1320 3717 1388 3763 nec
1418 3702 1495 3780 post
1524 3694 1792 3784 episcopatum,

112 3789 262 3875 quamvis
279 3786 500 3856 desiderium
517 3786 595 3875 ipse
608 3785 825 3876 expresserit
844 3786 959 3855 vitam
979 3784 1215 3875 amplexandi
1236 3785 1458 3873 regularem,
1475 3784 1504 3852 si
1532 3785 1680 3852 venium
1706 3805 1794 3854 con·

112 3876 260 3948 cessisset
276 3881 463 3947 Romanus
481 3874 672 3945 Pontifex:
691 3900 708 3936 r
725 3875 835 3963 cnjus
850 3875 973 3943 sinum
995 3875 1100 3964 quasi
1120 3895 1199 3942 reus
1214 3874 1433 3965 jamdudum
1451 3877 1640 3963 amplexus
1661 3895 1793 3958 essem,

111 3965 137 4032 si
154 3969 331 4037 consultus
347 3986 441 4055 papa
459 3963 642 4054 pontificis
657 3983 751 4032 onus
767 3963 925 4033 amolliri
942 3963 1165 4053 permisisset
1178 3963 1319 4052 (tlildeb
1339 4019 1346 4047 ,
1362 3963 1467 4053 epist.
1480 3968 1526 4033 ad
1544 3966 1790 4054 Hugonem).r

111 4055 227 4145 Sicque
245 4059 321 4126 tota
338 4056 412 4123 ruit
431 4057 471 4123 Ι).
495 4053 730 4141 Beacgendre
741 4056 1013 4141 argumentatio
1026 4052 1172 4121 dillusa.

153 4149 192 4213 Ul
205 4151 322 4216 autem
340 4144 385 4212 ad
407 4148 552 4213 Petrum
571 4142 838 4212 pictaviensem
857 4143 1061 4222 redeamus,
1079 4163 1153 4210 non
1170 4141 1259 4211 satis
1275 4141 1451 4232 expressit
1475 4145 1649 4219 mentem,
1679 4141 1798 4211 Hilde-

107 4232 235 4305 berlum
252 4239 287 4306 S.
303 4233 445 4304 iuliani
458 4233 653 4302 alumnum
669 4231 837 4301 dicendo.
860 4236 944 4303 Duae
961 4253 1095 4321 nempe
1116 4232 1356 4300 inveniuntur
1384 4230 1546 4300 celebres
1570 4231 1735 4301 eeclesiae
1756 4234 1795 4299 B.

103 4325 238 4395 tuliano
253 4325 400 4404 dicatae,
418 4324 517 4414 prior
535 4343 668 4409 nempe
683 4321 916 4395 cenomanis.
936 4323 1112 4410 posterior
1128 4343 1212 4390 vero
1227 4320 1441 4395 l'urenibus,
1459 4321 1577 4388 ambae
1596 4319 1796 4388 undecimo

103 4415 230 4484 saeclo
245 4414 484 4485 scientiarum
501 4412 672 4481 doctrina
688 4411 939 4499 virtutumque
959 4411 1250 4480 christianarum
1266 4411 1459 4500 splendore
1475 4414 1726 4477 coruscantes.
1745 4411 1795 4477 De

102 4505 252 4575 eeclesia
270 4508 395 4572 autem
416 4500 616 4571 cathedrali
638 4499 799 4570 civitatis
815 4501 1066 4569 cenomanica
1098 4500 1323 4590 probabilius
1343 4498 1502 4567 intendit
1529 4506 1654 4568 auctor
1682 4519 1795 4589 pane·

100 4595 210 4684 gvrici
228 4593 273 4662 ad
290 4596 483 4681 Hugonem
499 4590 680 4661 abbatem.

126 4668 316 4763 'Quamvis
331 4682 542 4772 opinionem
559 4678 729 4769 amplecti
747 4678 840 4749 liber
855 4682 942 4747 esto.
965 4681 1074 4748 Porro
1095 4676 1206 4746 talem
1231 4677 1274 4745 de
1300 4697 1337 4745 se
1364 4674 1502 4745 lamam
1529 4676 1664 4778 ubique
1686 4674 1797 4745 dillu-

101 4771 200 4841 derat
216 4771 415 4863 etquidem
432 4769 477 4839 de
492 4769 625 4838 eximio
642 4768 781 4856 ingenii
797 4767 852 4836 sui
874 4769 1048 4837 acumine
1063 4772 1098 4835 et
1121 4767 1298 4835 doctrina
1325 4764 1539 4835 excellentia
1570 4769 1612 4833 Hi
1628 4764 1797 4834 debertus

102 4868 220 4931 noster
240 4866 281 4929 ut
291 4861 337 4930 ab
353 4857 477 4928 Hoello
490 4858 825 4927 Cenomanensium
841 4857 1024 4947 episcopo,
1041 4856 1176 4925 scholis
1192 4855 1357 4924 ecclesiae
1382 4855 1603 4923 cathedralis
1634 4855 1800 4944 preecce-

98 4956 207 5020 retur.
224 4953 339 5019 Tanta
358 4949 427 5017 luit
440 4947 571 5016 eruditi
592 4947 833 5017 scholiarchas
849 4946 958 5035 longe
978 4945 1120 5035 lateque
1138 4951 1176 5014 ut
1190 4945 1372 5014 auditores
1389 4964 1500 5033 quum
1517 4943 1665 5034 plurimi
1684 4944 1801 5013 unde-

96 5062 242 5131 quaque
257 5040 359 5110 circa
374 5058 478 5107 suam
497 5036 709 5126 professoris
724 5036 1338 5114 cathedramconfluerentcuanto
1350 5039 1472 5102 aulem
1487 5040 1649 5123 ternpore
1662 5035 1801 5122 magis-

94 5132 186 5199 terio
200 5127 420 5219 praeluerit,i
452 5131 613 5195 noratur.
631 5133 737 5195 Anno
753 5129 857 5194 Dom.
876 5126 1194 5203 1092‚ar.atisver0
1209 5122 1625 5212 suaetrigesimequinto
1638 5124 1673 5190 in
1685 5122 1802 5192 archi-

95 5220 293 5290 diaconum
315 5217 361 5288 ab
376 5148 503 5285 eedem
520 5214 643 5284 Hoello
665 5217 817 5305 praesule
833 5214 1053 5284 sublimatur
1070 5235 1078 5297 ;
1100 5214 1196 5303 quod
1212 5214 1361 5303 quidem
1380 5211 1525 5302 insigne
1551 5213 1797 5281 ministerium

96 5331 162 5401 per
178 5305 489 5399 quinquennium,
507 5308 546 5373 ut
560 5305 637 5394 ipse
653 5313 766 5386 notat,
782 5306 894 5394 digne
912 5304 1023 5393 gessit
1037 5305 1160 5395 (Epist.
1174 5307 1231 5379 21,
1249 5304 1309 5372 lib.
1327 5323 1379 5385 111,
1391 5304 1440 5371 cd
1450 5301 1628 5375 Guilldm.
1641 5301 1798 5372 aberrem

95 5407 132 5469 S.
159 5400 357 5487 Vincentia).
371 5395 432 5465 Sic
447 5394 594 5463 tandem
614 5404 722 5465 aucta
734 5396 800 5464 luit
812 5417 874 5484 per
889 5395 965 5463 dies
976 5395 1074 5476 vitre,
1086 5395 1248 5463 scientiae
1259 5399 1367 5483 atque
1380 5393 1619 5484 regendorum
1636 5393 1796 5462 aliorum

95 5488 239 5581 peritiae
249 5482 587 5574 archidiaconijam
604 5485 742 5575 optima
757 5490 855 5571 neta,
874 5485 913 5552 ut
928 5490 1070 5554 mortue
1087 5484 1209 5553 Hoello
1221 5483 1355 5572 dignus
1366 5484 1552 5553 videretur
1567 5481 1797 5555 Hildebertus
