3802 6030
179 261 257 325 tres

212 394 266 461 Oui
277 409 343 450 oum
360 392 478 448 fortuna
491 393 572 462 terga
587 388 692 445 dedere
708 389 782 460 iuge
800 402 808 444 ι

177 484 250 541 Cum
266 482 482 546 leriaotunum,
498 495 555 535 non
568 476 823 541 lulmineterrent,

212 574 376 642 lunataque
390 585 528 643 percusso
539 569 627 625 turha
642 583 745 641 pavere
760 564 834 623 solet
849 581 856 621 :

176 661 306 732 Cumque
319 659 500 732 deditporiea
512 662 640 714 venture
655 657 740 729 sigua
755 655 859 722 ruine,

212 749 340 808 Sollicito
356 766 467 806 vacuus
482 749 515 804 ht
526 748 608 806 louns
623 750 687 821 lpse
698 751 788 804 metu.

177 839 317 913 Quisquis
332 842 409 896 enim
422 855 458 896 ex
473 837 584 895 timidis
607 837 675 910 egri
690 834 825 907 contagia
835 833 916 901 vitet,

211 928 349 986 Vicinum
366 934 499 986 metuens
514 943 551 984 ue
566 927 664 983 trahat
675 926 744 983 inde
760 924 868 982 malum
883 923 897 980 1

176 1018 248 1076 Pars
262 1018 334 1075 estis
349 1019 434 1090 pauci
446 1016 558 1085 melior,
575 1016 625 1090 qui
646 1016 730 1072 rebus
744 1014 775 1070 in
791 1013 881 1073 aretia

213 1109 299 1165 Ferre
311 1108 383 1164 mihi
398 1106 510 1163 nnllam
525 1106 633 1179 qnippe
648 1103 758 1178 putatis
773 1119 869 1176 opem.

176 1196 287 1254 Occidit
297 1201 326 1252 et
341 1197 483 1264 Theseus,
499 1200 528 1251 et
542 1195 592 1266 qni
609 1193 760 1250 comitavit
774 1193 807 1264 (1.
832 1191 1001 1264 comitatur]

794 1282 939 1355 [Ornatam
957 1299 965 1352 3

214 1376 268 1432 Sed
284 1380 380 1431 temen
396 1373 426 1429 io
438 1371 540 1430 landes
555 1372 625 1429 viril
639 1376 762 1446 uterque
777 1388 858 1430 suns.

178 1465 233 1523 Vno
249 1465 334 1522 etium
350 1463 406 1519 seri
421 1462 585 1519 laudabunt
598 1478 675 1536 saepe
690 1466 819 1535 nepotes,

213 1553 353 1625 Claraqne
365 1553 421 1609 erit
435 1552 552 1625 scriptis
567 1552 766 1626 gloriaveetra
781 1551 854 1608 meis

177 1644 360 1701 Conveniens
375 1641 474 1698 culmo
490 1657 584 1716 genus
603 1650 663 1711 est3
691 1641 746 1698 tihi
762 1641 859 1699 nobile
875 1656 1001 1714 nemque

215 1737 329 1797 Pectus,
345 1735 372 1788 et
384 1731 529 1788 heredem
544 1731 568 1767 ⁸⁸
588 1730 786 1803 simplicitatis
802 1730 901 1788 babes.

180 1820 354 1888 tiv0r3iners
367 1819 481 1886 vitium,
493 1835 589 1876 morea
606 1835 664 1876 non
679 1817 737 1876 exit
753 1819 782 1875 in
797 1818 884 1890 altos,

213 1908 307 1981 thue
322 1908 417 1966 lutens
427 1910 487 1965 lma
499 1908 598 1982 vipera
607 1909 698 1980 serpit
710 1908 811 1964 humo.

178 1999 260 2056 Mens
272 2005 321 2055 tun
336 1998 472 2055 sublimis
488 2015 579 2072 snpra
593 1999 806 2072 gennseminet
816 1999 914 2074 ipsum

213 2087 358 2145 Grandine
374 2087 492 2160 ingenio
508 2104 565 2144 nou
581 2088 634 2144 tihi
648 2105 754 2146 nomen
773 2088 860 2146 ineat.

177 2184 249 2253 Ergo
263 2179 314 2237 alli
330 2185 454 2236 noceant
466 2179 597 2249 miseris,
611 2185 773 2254 optentque
787 2181 897 2239 timeri.

211 2269 370 2342 Tinctaque
391 2269 519 2325 mordaci
532 2267 644 2342 spicula
658 2268 726 2326 lella
738 2275 852 2343 gerant.

178 2361 217 2413 at
230 2362 280 2414 tna
294 2356 480 2431 supplicibus
496 2359 602 2415 domna
614 2364 658 2415 eet
673 2363 791 2416 besueta
802 2358 954 2430 juvandis,

216 2449 247 2503 ln
263 2462 388 2518 qnorum
405 2462 526 2503 numero
543 2462 590 2503 me
609 2463 710 2518 precor
725 2463 788 2505 esee
803 2447 884 2505 velis.

178 2535 276 2593 Firma
290 2535 385 2592 valent
402 2553 453 2609 per
467 2553 508 2600 se,
530 2535 704 2610 nullumque
729 2538 900 2596 machaonis
924 2554 1006 2610 qnae·

787 2627 868 2698 [runt
882 2625 941 2699 (31)
962 2643 969 2692 ;

212 2711 253 2767 ad
272 2711 415 2767 medicam
432 2711 543 2768 dubius
558 2712 692 2787 confugit
705 2730 781 2787 aeger
795 2729 893 2788 opem.

177 2799 292 2871 Scripta
305 2797 420 2871 placent
435 2817 452 2856 a
468 2805 562 2859 merle
573 2801 651 2874 lere,
665 2803 735 2876 quia
756 2803 859 2861 ledere
874 2803 953 2862 vivos

214 2887 309 2954 Livor,
325 2892 354 2944 et
365 2888 476 2961 injusto
497 2907 616 2965 carpere
631 2892 811 2951 dentesolet.

178 2977 251 3034 Cum
264 2977 373 3035 desunt
388 2979 474 3047 sires,
491 2986 588 3037 tamen
599 2987 644 3038 est
657 2981 805 3039 laudanda
823 2981 970 3052 voluntas,

214 3066 274 3123 Hau
288 3083 342 3141 ego
356 3074 651 3143 contentosauguror
665 3088 731 3129 esee
750 3071 831 3131 deos.

179 3154 238 3213 lluo
254 3157 324 3212 lecit
340 3158 480 3214 ulveoiat
495 3174 606 3233 pauper
616 3177 734 3234 qnoque
748 3167 851 3234 gratus
862 3161 897 3218 ad
909 3178 1002 3231 uram,
1018 3144 1040 3212 C

216 3250 252 3306 111
267 3250 381 3322 placeat
395 3265 469 3306 enan
484 3266 543 3307 non
560 3251 659 3306 minus
675 3267 750 3324 agna
765 3251 847 3309 bove.

179 3337 325 3396 Fulminis
339 3339 453 3395 nlllaloa
467 3337 616 3396 interdum
635 3340 731 3396 vivere
742 3338 809 3397 talis

216 3428 320 3484 ml)
336 3427 481 3494 vidimus,
497 3433 525 3485 et
553 3429 631 3484 rellci
646 3445 703 3485 non
734 3429 908 3501 prohibente
922 3429 1002 3486 Jove.

181 3516 272 3574 Crede
287 3515 371 3581 mibi,
388 3515 505 3572 miseris
519 3516 645 3573 coelestia
661 3518 784 3573 onmine
800 3524 913 3590 parent.

218 3604 276 3663 Nec
290 3620 406 3678 semper
420 3604 505 3661 laesos
524 3609 552 3660 et
567 3606 630 3662 sine
645 3606 702 3661 llos
713 3613 860 3680 premunt.

181 3693 354 3767 luppiterin
368 3694 477 3750 multos
489 3695 645 3752 temeraria
661 3695 785 3753 lnlmina
798 3703 924 3772 torquet,

217 3781 271 3846 Qui
288 3780 499 3854 poenamculpu
516 3799 573 3839 non
590 3800 722 3841 meruere
733 3787 803 3857 pati.

179 3869 315 3942 Principe
330 3870 381 3926 sed
406 3875 506 3926 nostro
522 3888 580 3929 non
593 3877 637 3929 eet
652 3875 815 3931 moderatio
838 3875 928 3948 ultus,

211 3958 337 4014 lustitia
353 3959 427 4016 vlrea
440 3964 583 4033 temperat
597 3961 645 4018 ille
656 3964 719 4019 suis
735 3964 803 4036 (32).

210 4064 345 4123 1111111111
360 4066 529 4141 infidelitate
541 4071 665 4141 sertulae
682 4076 709 4128 et
724 4074 831 4129 canoris
852 4074 961 4130 mendi.

319 4175 409 4248 (Eme
425 4175 855 4253 .Murianlantissiodorensis.)

176 4273 254 4331 Nulli
272 4275 349 4332 lidus
364 4292 456 4342 amor,
473 4275 547 4334 nulli
572 4278 688 4335 lortunu
699 4279 794 4336 lidclis
809 4300 817 4351 3

211 4364 471 4439 Nullidispensant
488 4367 545 4424 mel
556 4369 620 4425 sine
635 4371 700 4427 lello
713 4388 812 4428 suum.

174 4454 291 4512 Extollit
306 4457 423 4513 fortuna
437 4474 518 4526 suos,
530 4461 810 4531 prosterniteusdem
823 4483 831 4535 3

208 4548 244 4600 nt
257 4544 365 4616 quibua
378 4545 427 4605 ills
442 4547 529 4617 luvet,
545 4565 603 4606 nou
620 4551 695 4608 luvet
710 4550 759 4609 illu
774 4553 835 4611 din.

173 4631 336 4703 Uritamor,
353 4634 503 4693 blenditnr
513 4654 606 4707 umor,
620 4639 779 4699 delectatet
792 4645 849 4701 urit
865 4663 872 4702 ε

208 4724 241 4781 nr
255 4742 346 4796 amor,
363 4726 511 4784 blanditur
525 4746 617 4796 umor,
636 4730 780 4791 delectent
790 4738 818 4791 et
829 4737 903 4797 urit:

171 4810 310 4884 Tempus,
327 4814 422 4887 magis
434 4817 510 4874 unde
526 4816 631 4889 placet,
646 4818 780 4879 vulnerat
807 4823 875 4882 inde
899 4829 993 4903 magis

205 4901 297 4958 Coena
313 4902 364 4960 illa
379 4910 460 4973 retae,
477 4911 620 4978 temperat
635 4907 685 4964 illa
700 4910 788 4977 utres.

1017 398 1043 460 Α

206 5016 263 5140 (31)
280 5019 370 5075 idest
385 5019 476 5076 mullo
491 5028 578 5118 ege-nt
588 5022 717 5093 medico3
730 5027 868 5111 tl'nelraon
883 5033 992 5108 quippe

175 5102 207 5142 ca
220 5086 318 5144 abram
335 5092 432 5147 lerunt
444 5093 589 5149 medicum
603 5094 760 5169 AEscnlapu
776 5099 880 5160 filium.

204 5158 263 5230 (32)
274 5160 502 5235 Subsequunlnr
517 5165 546 5220 ln
561 5167 663 5222 eodem
676 5173 877 5245 manuscripto
893 5177 992 5248 plnres

169 5244 283 5296 versus.
306 5235 355 5289 scd
385 5234 496 5290 nullom
526 5252 659 5292 naccum
682 5243 924 5316 praecedentibus,
940 5267 993 5307 uec

169 5301 258 5357 etiam
276 5303 353 5361 iuter
368 5322 399 5363 se
421 5309 631 5365 connexionem
649 5310 801 5384 liquentes,
832 5334 906 5389 qnos
928 5321 993 5380 iden

204 5506 289 5566 ⁸³lls.
309 5508 505 5570 habetlc'edle.

671 254 762 316 vert.
786 246 1025 315 utenhusen!
1047 249 1254 314 (11111οΜ111.
1278 253 1401 317 enisu.

1809 259 1881 320 1111

1057 380 1158 439 Stante
1187 388 1250 441 rota
1264 385 1383 444 fortuna
1407 387 1482 444 lavat
1499 405 1506 457 3
1522 388 1602 445 cadit
1630 389 1704 457 hac,
1721 391 1831 464 premit
1850 392 1883 449 il·

1740 482 1751 555 [
1768 482 1826 539 lam
1843 501 1851 555 3

1091 561 1226 618 Succedit
1239 567 1420 638 tempus,sed
1432 566 1563 625 venietur
1572 584 1664 627 emur.

1058 648 1155 707 Nutrit
1169 655 1398 726 emergentem,
1414 661 1535 729 generat
1549 658 1667 717 lectuna
1680 660 1840 719 timorem:

1093 739 1207 797 Gaudia
1222 743 1410 816 principium,
1426 745 1493 803 linis
1509 747 1626 822 utrique
1639 749 1741 819 tdolor.

1057 831 1123 884 Hae
1139 828 1301 888 luditviees
1315 833 1423 901 venias,
1439 836 1598 893 comitatur
1611 845 1765 913 utrasque,

1093 920 1195 991 lmque
1210 918 1287 976 diem
1303 923 1449 991 tenebras,
1466 925 1494 980 io
1510 927 1705 1001 tenebraeque
1719 930 1816 1004 ldiem.

1058 1001 1138 1062 Unde
1154 1006 1249 1079 magis
1265 1008 1382 1067 lortunn
1397 1011 1502 1082 placet,
1520 1015 1576 1071 lect
1590 1015 1803 1078 indedolorem
1819 1039 1826 1091 3

1093 1095 1122 1149 er
1138 1097 1215 1167 quod
1231 1097 1316 1155 dulce
1328 1101 1422 1174 magis
1437 1103 1564 1176 subripit
1576 1103 1625 1162 illa
1640 1105 1699 1166 cito

1056 1183 1119 1239 Νοα
1132 1185 1267 1257 equidem
1297 1205 1411 1261 semper
1435 1190 1559 1250 delectat
1573 1211 1666 1254 amor.
1683 1198 1746 1256 Sibi
1771 1216 1876 1276 semper

1091 1274 1281 1346 Suppositum
1294 1278 1442 1349 quoddam
1456 1281 1540 1338 triete
1554 1292 1684 1343 reservat
1699 1304 1796 1348 amor.

1057 1360 1215 1417 Fortunam
1232 1379 1318 1432 cure,
1330 1382 1405 1422 curae
1418 1368 1596 1428 enuntiantur
1605 1389 1735 1433 amorem
1750 1397 1758 1447 3

1092 1448 1257 1518 Hicesius,
1278 1453 1345 1510 hino
1360 1457 1500 1528 gemitus,
1524 1459 1593 1518 binc
1622 1460 1718 1535 labor,
1733 1466 1809 1525 'binc
1834 1469 1873 1527 la·

1721 1557 1844 1632 [crumas.

1055 1627 1157 1685 Miscet
1167 1646 1250 1687 umor
1270 1631 1339 1689 lacti
1352 1633 1486 1709 laqueos,
1501 1639 1642 1716 mellique
1653 1660 1800 1706 venenum
1809 1669 1817 1719 3

1096 1719 1130 1775 Et
1145 1719 1264 1779 lortuna
1279 1723 1365 1780 mulis
1375 1726 1503 1799 plurima
1517 1732 1590 1790 dura
1606 1734 1704 1793 honis.

1060 1807 1107 1864 Sic
1122 1823 1175 1865 nee
1191 1810 1268 1866 lldns
1284 1827 1376 1880 amor,
1392 1815 1437 1872 aio
1452 1833 1504 1875 nec
1520 1819 1636 1878 lortuon
1647 1824 1761 1896 ddelia3

1092 1895 1138 1952 Sic
1152 1896 1270 1955 lortnne
1285 1901 1458 1973 quidem3sie
1473 1922 1588 1981 quoque
1601 1911 1709 1988 trangit
1719 1932 1808 1975 amos.

1094 1984 1242 2044 1111111111.
1258 1988 1295 2044 lle
1308 1992 1492 2052 instabilitate
1500 2012 1594 2053 rernm
1610 1999 1808 2064 dumosorum.

1362 2081 1395 2144 (11
1414 2098 1469 2140 ms.
1496 2084 1576 2158 libr.)

1058 2162 1242 2223 Omniusnut
1255 2167 1407 2227 hominum
1425 2173 1506 2229 tenni
1517 2177 1672 2247 pendentia
1688 2181 1748 2254 filo,

1095 2252 1131 2308 111
1145 2255 1242 2311 subito
1257 2271 1327 2314 casn
1343 2275 1407 2332 que
1422 2261 1539 2320 valuere
1551 2272 1653 2325 ruunt.

1059 2343 1147 2399 Ludit
1161 2342 1191 2400 iu
1207 2344 1346 2405 humanis
1361 2348 1460 2408 divina
1474 2356 1605 2426 potantia
1622 2359 1723 2431 rebus,

1096 2435 1248 2490 [etcertum
1259 2439 1444 2508 praesensvix
1461 2442 1547 2500 hahet
1560 2444 1633 2502 hora
1653 2448 1753 2507 fldem.

1184 2524 1300 2583 11111111.
1316 2528 1353 2584 lla
1367 2533 1543 2591 matrirooait
1554 2546 1742 2600 accremento.

1061 2612 1105 2686 (11.
1123 2629 1178 2671 rue.
1200 2618 1290 2689 Regio
1314 2618 1394 2690 1103,
1423 2621 1481 2680 vit.
1510 2625 1664 2696 271111.
1696 2632 1740 2700 lll,
1764 2637 1793 2691 et
1817 2634 1872 2692 aliia

1430 2711 1521 2786 coln.)

1185 2793 1241 2867 (33)
1264 2793 1300 2852 111
1320 2803 1460 2871 cognatos
1483 2807 1511 2859 et
1539 2804 1645 2864 uldnes
1662 2808 1760 2869 uniret
1785 2812 1870 2885 couju-

1758 2918 1845 2973 mum,

1133 2970 1260 3029 liaritale
1275 2975 1376 3045 prime
1392 2979 1481 3051 poclis
1496 2981 1551 3038 luit
1566 2902 1786 3048 necessarinrb:

1135 3061 1168 3118 Ut
1184 3072 1325 3134 angerent
1337 3065 1508 3126 charitalem
1526 3074 1634 3146 nuptie
1652 3078 1706 3135 sub
1720 3081 1822 3151 malla.

1129 3149 1170 3204 Ad
1187 3160 1320 3208 externos
1336 3157 1516 3216 transierunt
1531 3177 1614 3220 saera
1629 3166 1826 3226 matrimonia.

1059 3237 1179 3303 Aldues,
1196 3243 1439 3315 consanguineos,
1456 3248 1594 3324 conjugia
1607 3254 1706 3326 prima

1059 3324 1121 3383 Nou
1135 3336 1339 3402 susceperunt,
1353 3349 1405 3389 nec
1420 3336 1518 3408 proles
1533 3356 1603 3409 nna,
1619 3358 1673 3400 nee
1689 3362 1777 3404 nnus.

1058 3412 1150 3471 Unius
1167 3417 1224 3473 llus
1238 3418 1293 3475 luit
1308 3423 1427 3493 coniux,
1442 3424 1486 3481 uir
1500 3428 1587 3485 unius
1601 3431 1707 3490 Adam.

1059 3504 1208 3563 l‘rncessit
1221 3512 1328 3566 coitum
1341 3513 1516 3587 benedictio,
1532 3521 1628 3592 gratia
1643 3525 1768 3596 prolem.

1058 3592 1155 3666 Nupta
1169 3611 1295 3668 sequens
1306 3615 1363 3656 non
1379 3601 1431 3671 alc,
1443 3605 1490 3660 cni
1505 3607 1589 3680 euple
1603 3625 1694 3683 prava
1717 3613 1842 3673 virerum

1055 3673 1191 3740 ethnam,
1207 3680 1469 3752 consanguineum,
1485 3685 1639 3746 fratremve
1649 3691 1776 3765 jugavit,

1055 3759 1118 3818 Non
1138 3763 1233 3821 solnm
1249 3768 1317 3838 qnia
1332 3785 1456 3846 quaeque
1471 3790 1567 3847 parem
1585 3794 1643 3836 nun
1656 3781 1831 3855 inveniebat,

1053 3852 1109 3908 Sed
1126 3853 1194 3925 qula
1209 3857 1343 3914 blessinm
1358 3861 1455 3932 proles
1470 3866 1603 3936 paritura
1618 3869 1756 3942 placebat
1766 3875 1796 3948 [1.
1809 3892 1867 3948 pre·

1760 3964 1836 4022 ibat'

1052 4023 1090 4078 Tu
1107 4024 1232 4094 genitrix
1242 4025 1321 4083 lenae
1336 4032 1450 4088 venturi
1462 4038 1582 4107 praecia
1596 4038 1706 4099 Christi
1747 3964 1757 4035 1
1829 3974 1837 4036 1

1052 4110 1186 4192 Coangii
1203 4116 1313 4172 sociam
1328 4118 1475 4191 patienter
1486 4124 1667 4187 sustinuisti.

1051 4203 1121 4258 Ante
1132 4204 1232 4262 datam
1247 4205 1340 4278 legem
1356 4210 1444 4268 locob
1458 4215 1566 4274 Rachel
1581 4224 1610 4275 et
1626 4219 1675 4277 tia
1696 4224 1805 4297 nupsit

1051 4294 1221 4350 Uxoressuh
1239 4295 1299 4368 lege
1315 4297 1388 4356 duas
1402 4301 1494 4360 simul
1519 4304 1648 4368 Heleana
1676 4312 1770 4370 duxit.

1050 4380 1203 4454 'l'emporle
1219 4383 1299 4442 illius
1313 4388 1338 4442 si
1353 4390 1397 4446 via
1407 4395 1557 4453 attendere
1571 4403 1691 4472 nuptas,
1900 4449 1901 4463 .

1050 4471 1155 4529 13511
1171 4475 1295 4540 Onesita
1309 4482 1354 4534 est
1364 4481 1490 4551 soboles,
1507 4503 1565 4545 nnn
1580 4489 1716 4548 attentata
1731 4493 1860 4566 voluptas.

1052 4562 1115 4620 Non
1131 4563 1199 4637 sibi,
1215 4569 1265 4624 sed
1282 4570 1382 4641 generi
1399 4579 1534 4636 matroon
1546 4582 1765 4656 satisfaciebat3
1895 4532 1900 4647 1

1049 4652 1119 4710 lode
1129 4655 1350 4731 Redempterem
1365 4671 1522 4725 venturum
1534 4672 1743 4747 prospiciebat.

1047 4742 1122 4800 Hine
1137 4744 1187 4800 nni
1203 4749 1311 4820 multa,
1329 4767 1386 4808 nnn
1398 4755 1499 4815 multis
1515 4775 1575 4818 una
1589 4763 1714 4833 maritis,

1048 4830 1199 4891 Haeserunt
1211 4835 1332 4910 pariter,
1347 4841 1427 4899 velut
1442 4845 1521 4905 ulmo
1540 4848 1671 4923 plurima
1684 4854 1767 4914 ritis.

1047 4920 1110 4977 Nun
1125 4924 1314 4983 coimmultis
1334 4930 1371 4986 ad
1399 4932 1510 5004 prolem
1539 4941 1731 5015 snldaiebnt3

1048 5039 1187 5097 duximus
1216 5044 1404 5119 omittendos,
1421 5055 1454 5107 nt
1467 5054 1540 5112 nulli
1556 5058 1693 5120 lectorem
1719 5065 1859 5123 commodo

1048 5126 1099 5166 seu
1117 5111 1302 5172 oblectationi
1319 5121 1497 5190 profuturus.

1087 5183 1145 5254 (33)
1161 5183 1219 5242 Hoc
1235 5191 1442 5262 summarium,
1458 5201 1670 5268 quoddeeslin
1686 5223 1746 5267 ms.
1762 5210 1860 5269 ebroe.

1048 5255 1215 5326 suppletum
1245 5263 1291 5316 est
1318 5277 1334 5318 e
1365 5263 1454 5339 Regio
1479 5271 1550 5329 1103
1577 5279 1645 5334 α1α
1674 5279 1785 5340 Vlclor.
1810 5281 1862 5337 ete
