3802 6030
99 281 177 346 tate
667 277 841 342 CARMDN
865 277 907 339 iti
926 275 1066 340 otheos
1089 276 1238 341 RDGUM.
1733 287 1815 350 1200

132 416 208 474 Sunt
223 414 264 470 ibi
281 413 332 486 qui
350 411 504 487 perhibent
520 429 551 469 se
565 411 677 469 Baetim
694 411 799 470 coiere.
940 422 964 489 Α
1016 411 1144 484 Regibus
1157 411 1295 469 adductis
1308 411 1469 469 Samariam
1486 428 1600 486 capere.

97 503 250 578 Conspicit
266 504 344 560 Elias
359 509 400 559 tot
417 503 569 575 pontificae
585 507 763 570 statuarum,
982 498 1044 556 iter
1063 501 1161 558 Achab
1181 502 1271 558 israel
1288 507 1332 559 cet
1346 520 1355 571 3
1371 502 1419 559 bie
1432 504 1508 560 inter
1524 504 1631 563 naenia
1644 505 1762 567 clausus

139 595 199 651 Nec
214 593 356 650 cubitavit
369 592 410 648 eis
427 593 479 649 hor
497 592 567 648 dare
583 593 785 665 propositum:
1021 591 1121 646 Detictt
1136 598 1165 646 et
1180 592 1308 662 trepidat
1322 594 1458 648 surnariae
1475 594 1612 667 populus.

101 690 162 743 Ara
177 686 216 739 eit
231 700 290 739 una
306 681 385 748 Dant,
401 683 437 738 sit
455 683 507 738 boa
522 683 636 755 pesitus
652 699 742 755 auper
758 698 846 753 unus,
983 676 1042 733 Rex
1054 679 1188 734 henadad
1201 678 1287 750 jubat
1302 679 1358 735 bec
1373 700 1380 749 3
1397 684 1509 753 argenti
1526 683 1671 757 quidquid
1685 689 1714 742 et
1744 686 1810 744 auri

140 781 257 845 Araque
273 774 312 827 eit
327 771 455 837 Domini,
471 772 583 844 bosque
601 788 691 844 super
705 771 839 844 positus3
1018 770 1071 821 uic
1087 768 1184 835 habet,
1203 785 1307 824 uxores
1322 775 1350 824 et
1365 774 1480 842 gottitos
1494 770 1545 827 det
1558 773 1595 828 ei.

104 863 258 938 Appositis
275 862 363 934 tignis
377 866 562 935 supponatur
577 860 649 918 nihii
666 863 763 934 ignis:
982 857 1117 914 Territus
1132 859 1187 915 ista
1202 863 1292 914 ret'ert
1307 876 1314 915 :
1327 864 1386 932 Ego
1401 877 1467 916 sum
1484 867 1590 928 tuus‚et
1601 880 1807 940 meaquoequa,

140 953 188 1010 Sic
204 951 271 1008 Baal
289 958 377 1024 atque
392 967 474 1007 meua
489 968 521 1008 sa
537 953 638 1023 probet
654 952 822 1020 irmeneus.
1018 944 1055 1003 Ut
1071 946 1143 1002 mihi
1160 949 1319 1017 mandasti,
1335 957 1405 1005 sunt
1420 956 1483 1017 toa,
1499 952 1538 1006 mi
1554 953 1683 1010 domine.

106 1042 262 1101 Pontittres
277 1041 404 1097 cunam
423 1040 474 1096 :tu
490 1041 513 1096 si
530 1039 596 1096 Daui
614 1047 658 1097 est
674 1040 760 1107 Deus,
777 1041 875 1113 ignem
983 1034 1103 1092 Mandat
1122 1037 1148 1092 ei
1164 1037 1298 1094 Benadad
1316 1053 1323 1093 τ
1340 1039 1444 1095 Servos
1458 1056 1511 1112 ego
1527 1057 1592 1097 orae
1608 1042 1660 1098 tibi
1678 1043 1808 1118 mittam,
1897 1110 1899 1115 ¹

139 1132 245 1199 Mittat,
262 1137 291 1186 et
307 1131 369 1203 ipse
385 1147 471 1186 suum
489 1130 607 1186 devoret
618 1131 686 1202 igne
702 1132 814 1186 bovem.
1019 1126 1162 1198 Quodque
1176 1126 1300 1197 placebit
1315 1128 1356 1183 eie
1371 1129 1507 1185 Samaria
1522 1135 1647 1202 capiam.

101 1222 131 1279 Si
148 1221 289 1280 Dominus
305 1222 382 1278 Deus
398 1228 515 1293 cetego
527 1221 706 1277 vociferabor
720 1221 756 1276 od
774 1220 869 1290 ittum,
983 1214 1072 1271 Mittit
1086 1217 1187 1271 Achab
1202 1216 1351 1285 henadad,
1366 1217 1422 1273 eibi
1438 1235 1523 1288 apuam
1554 1220 1632 1277 videt
1661 1221 1809 1295 insidiari,
1890 1278 1893 1283 .

137 1315 229 1385 Atque
246 1313 348 1368 bovem
366 1311 509 1368 Dominus
525 1312 644 1367 devoret
659 1309 726 1382 igue
743 1327 842 1367 suum.
1017 1304 1078 1361 Hoc
1095 1305 1183 1361 nimis
1198 1312 1243 1362 est
1257 1306 1376 1375 durum,
1393 1323 1449 1364 non
1467 1309 1559 1378 patiar
1574 1310 1648 1368 fieri.

99 1401 169 1458 tnoe
184 1417 274 1474 super
289 1401 388 1457 binam
406 1403 458 1458 bos
474 1401 562 1456 binus
579 1402 698 1473 ponitur
713 1403 814 1469 Aram,
982 1402 1041 1460 Rex
1056 1405 1155 1461 Achab
1169 1409 1198 1460 et
1213 1403 1348 1462 Beuadad
1365 1414 1497 1478 puguant
1512 1407 1541 1462 in
1558 1408 1664 1465 vertice
1676 1410 1808 1481 mortis;
1850 1452 1853 1457 -
1886 1398 1894 1409 '¹

137 1493 248 1564 Satque
262 1492 350 1548 datur
365 1491 448 1565 ligni,
464 1492 515 1548 sed
531 1490 603 1547 nihii
620 1490 697 1564 ignis
713 1490 765 1548 ibi.
1017 1498 1110 1566 Terga
1122 1494 1187 1567 Syri
1202 1498 1331 1561 vertunt,
1347 1492 1436 1552 isreel
1451 1494 1542 1551 instat
1556 1495 1609 1553 eie.

102 1584 259 1641 Pontittces
274 1582 413 1649 clamant,
429 1591 455 1638 et
472 1583 588 1639 caedunt
603 1598 725 1651 corpora
738 1578 864 1653 cultris3
982 1582 1041 1639 Rex
1057 1582 1192 1639 Booadad
1208 1584 1333 1656 fugiens,
1350 1583 1399 1638 ubi
1417 1583 1494 1640 videt
1508 1601 1539 1640 se
1555 1591 1741 1659 superatum,

139 1671 198 1728 Nee
214 1671 281 1728 Baal
293 1671 376 1727 audit
390 1686 451 1737 eos,
468 1687 521 1727 nee
535 1670 708 1743 daturignis
724 1671 774 1727 eia.
1016 1671 1094 1730 Dixit
1106 1673 1205 1729 Achab
1221 1689 1319 1746 regem
1336 1678 1444 1730 montis
1459 1674 1566 1732 babere
1581 1675 1684 1734 Deum.

101 1766 183 1818 'runc
199 1763 270 1835 petit
285 1761 360 1818 Elias
375 1764 408 1817 ut
421 1762 471 1817 det
487 1761 625 1817 Dominus
640 1761 718 1817 Dous
732 1760 845 1831 ipuem3
941 1766 1085 1875 BAnnus
1100 1761 1173 1829 abit,
1193 1762 1324 1818 benedad
1341 1767 1458 1836 reparat
1482 1781 1588 1822 currus
1620 1765 1808 1840 equitatque,
1871 1754 1876 1821 ᾗ

139 1850 197 1907 Noc
215 1868 305 1918 mora,
321 1850 470 1907 consumit
485 1850 585 1906 coeliaa
600 1850 720 1906 flamma
735 1849 849 1907 bovem.
1018 1852 1109 1923 Atque
1124 1851 1201 1907 redit
1214 1867 1336 1923 sperans
1346 1853 1435 1909 lsrael
1451 1854 1627 1927 opprimere.

104 1940 210 1998 120⁰
223 1941 359 2013 Praecipit
373 1939 450 1997 Elias
463 1939 632 2014 comprendi
648 1956 782 2014 quosque
805 1938 929 2014 prophe·
980 1939 1453 2013 cerniturincampisabhcbab
1483 1942 1805 2019 henadadsuperatus,

859 2029 928 2102 [tas,
1018 2029 1053 2086 Dt
1067 2028 1209 2085 Dominus
1226 2031 1309 2086 tortis
1325 2031 1418 2087 scitur
1434 2032 1543 2104 ubique
1557 2033 1645 2091 Deus.

139 2126 235 2194 Atque
247 2120 333 2178 Cison
350 2122 454 2177 ductos
469 2137 539 2177 ense
555 2121 677 2192 peremit
692 2137 751 2178 eos.
980 2116 1057 2174 Urbs
1073 2118 1215 2174 vocitatur
1227 2117 1324 2190 Apheo
1340 2138 1348 2187 3
1366 2120 1503 2177 Deuadad
1517 2123 1675 2180 conclusus
1687 2123 1718 2180 iu
1734 2122 1807 2182 urbo
1890 2132 1894 2137 '

100 2210 210 2268 Jezraei
226 2212 303 2267 Elias
319 2227 415 2285 regem
433 2215 532 2266 monet
545 2211 627 2267 ocius
643 2210 694 2279 ire,
1017 2207 1062 2263 Sic
1077 2210 1147 2263 latet
1162 2211 1195 2262 ut
1209 2223 1360 2280 uunquam
1376 2225 1408 2264 ee
1423 2215 1505 2282 putet
1521 2212 1671 2284 aufugere.
1780 2270 1790 2283 ,

137 2301 178 2358 Na
195 2303 345 2359 redeuntis
360 2305 414 2359 iter
430 2302 610 2374 praepediant
626 2301 740 2373 ptuvia.
980 2295 1113 2353 Membra
1129 2301 1229 2369 tegunt
1245 2297 1349 2364 saccis,
1365 2302 1395 2354 et
1408 2299 1451 2355 sio
1468 2301 1504 2356 ad
1529 2302 1629 2357 Achab
1653 2292 1822 2362 venientes
1866 2354 1871 2359 .

102 2393 234 2452 Postulat
253 2392 330 2448 Atius
344 2391 469 2448 Carmeli
481 2390 587 2447 vertice
604 2407 723 2459 pronus,
1017 2386 1086 2450 Ouae
1100 2386 1233 2443 henadad
1252 2387 1340 2443 mittit
1354 2390 1442 2445 verba
1457 2389 1555 2446 ierunt
1570 2407 1715 2463 proceres.

139 2487 263 2556 itusque
278 2481 359 2537 dedit
375 2481 467 2538 nubes
483 2486 511 2537 et
526 2480 637 2552 piuvias
653 2479 808 2536 Dominus.
981 2474 1087 2532 Servus
1101 2475 1157 2532 erit
1168 2475 1303 2533 Benadad
1316 2485 1396 2548 tuus,
1412 2483 1442 2534 et
1455 2480 1769 2554 quacunquojubebis

88 2572 202 2630 deerret
220 2573 255 2626 ad
270 2569 388 2627 terebri
407 2571 528 2626 veniens
543 2568 642 2626 Achab
659 2569 758 2626 omnia
773 2570 872 2624 narrat
1017 2564 1140 2633 Dtticiet,
1157 2565 1243 2622 vitam
1259 2570 1291 2621 tu
1307 2567 1364 2624 sibi
1381 2568 1406 2624 si
1421 2570 1549 2625 dederis.
1880 2616 1883 2621 .

136 2660 266 2726 Qualiter
280 2659 358 2716 oties
375 2659 435 2716 huc
451 2665 589 2732 operatus
603 2664 674 2716 erat.
980 2652 1216 2726 iuquitAcbab:
1243 2656 1337 2726 Volo3
1367 2656 1405 2713 eit
1431 2659 1565 2716 Benacum
1597 2658 1669 2717 mibi
1696 2659 1805 2717 tudere
1857 2662 1877 2727 -ζ

100 2752 223 2809 Nuntiat
237 2751 315 2815 otta.
331 2751 401 2824 quia
417 2751 542 2823 perdidit
557 2751 619 2822 ipse
635 2749 800 2824 prophetas,
1663 2748 1805 2822 [iuuetur.
1868 2738 1872 2747 ’

131 2842 185 2898 Per
204 2841 345 2897 iamuiom
363 2840 491 2902 decubet.
507 2841 549 2896 sio
567 2841 671 2897 taciem
687 2839 741 2896 tibi
758 2854 835 2897 oras.
1017 2839 1051 2890 Et
1065 2835 1160 2908 vigeat
1174 2835 1262 2892 trater
1277 2840 1396 2910 tempus
1411 2838 1441 2895 iu
1457 2853 1654 2906 omnemne,

100 2932 177 2990 Dum
192 2932 264 3002 tugit
280 2931 367 2998 titius,
384 2932 439 2987 sub
449 2931 623 3002 juniperum
639 2929 767 2988 venienti
981 2925 1065 2982 'tuuc
1082 2924 1204 2983 humitis
1220 2927 1352 2982 benadad
1368 2929 1496 2984 demisso
1511 2929 1618 2985 vertice
1632 2929 1722 2999 vonit,

138 3021 294 3094 Appetitur
309 3020 365 3076 sibi
382 3038 471 3090 mors,
488 3029 575 3092 atque
590 3019 720 3093 soporiit
732 3019 770 3076 ei.
1017 3014 1109 3088 loque
1124 3031 1177 3072 suo
1193 3032 1281 3071 curru
1298 3032 1348 3073 rex
1364 3017 1462 3072 Achab
1476 3016 1553 3073 hunc
1571 3017 1679 3091 posuit.

96 3110 233 3183 Angelus
248 3110 326 3167 hunc
338 3117 419 3167 vocat
430 3114 461 3166 ut
473 3111 618 3171 comedat.
635 3110 683 3181 qui
696 3108 802 3182 surgit,
817 3111 847 3165 et
860 3122 927 3165 ecoe
982 3104 1053 3161 Ecca
1069 3105 1210 3177 propheta
1224 3121 1278 3161 suo
1294 3105 1405 3176 comiti,
1423 3121 1468 3162 me
1486 3111 1614 3176 percute,
1628 3106 1701 3163 dixit
1716 3126 1724 3178 3

136 3201 263 3275 azymus
280 3203 325 3256 hic
342 3200 437 3273 punis,
454 3215 562 3272 vasque
577 3198 693 3254 videtur
709 3214 801 3269 aquo.
946 3175 967 3243 C
1017 3196 1052 3249 At
1068 3193 1129 3249 iore
1145 3210 1313 3266 percussor,
1330 3194 1380 3266 qui
1397 3199 1566 3266 comesset,
1583 3195 1689 3254 renuit.

100 3292 225 3349 Prar.dit
237 3297 266 3350 et
281 3293 440 3363 obdormit,
454 3296 537 3348 vocut
552 3289 674 3363 angelus
690 3290 768 3347 huno
783 3290 819 3347 ad
834 3288 925 3346 edon·
979 3281 1034 3338 11¹⁰
1046 3282 1134 3337 referi
1149 3283 1248 3337 ⁰⁰mi¹¹
1265 3283 1405 3354 q⁰⁰¹¹i⁸m
1422 3282 1466 3339 ¹³⁰
1483 3284 1617 3356 Deideffli
1631 3284 1740 3356 iDium·

831 3378 924 3451 [dum,
1015 3379 1116 3436 not
1135 3378 1159 3435 It
1172 3395 1282 3450 comcs,
1297 3385 1327 3436 et
1340 3380 1461 3436 veniens
1476 3397 1543 3436 mox
1557 3379 1602 3438 iro
1613 3382 1710 3454 perdit
1725 3398 1808 3443 eom.
1871 3394 1875 3399 '

134 3471 187 3535 Oui
202 3470 330 3527 comedit
346 3485 447 3542 panem
466 3486 553 3543 quom
570 3468 650 3525 videt
665 3468 845 3543 appositum.
979 3468 1032 3526 Vir
1045 3469 1125 3526 venit
1139 3471 1214 3525 aiter
1225 3486 1232 3539 3
1245 3470 1282 3537 ei,
1300 3487 1345 3527 me
1361 3476 1489 3543 percute.
1506 3469 1599 3541 dixit3
1616 3478 1646 3529 at
1661 3471 1711 3529 ilio

93 3559 350 3633 Luscuedauoff.
368 3559 546 3632 Lucedeua]
576 3564 681 3632 quater
709 3559 831 3616 totidem
858 3573 924 3614 cum
1017 3559 1153 3627 Pereunt,
1169 3565 1198 3615 et
1213 3561 1335 3630 sanguis
1351 3560 1609 3634 labituraeapita.
1894 3614 1899 3637 ·.

699 3648 847 3722 [noctibus
863 3647 926 3719 ivit,
982 3649 1052 3705 lude
1065 3649 1206 3723 propheta
1221 3651 1276 3706 sibi
1292 3648 1363 3721 tegit
1378 3666 1495 3707 ornnem
1511 3650 1629 3724 pulvera
1641 3650 1769 3725 vultum,
1887 3710 1890 3715 .

139 3738 210 3795 Cum
228 3738 301 3794 nihii
315 3738 393 3795 Elias
411 3740 534 3811 prandet
549 3738 702 3811 horebque
717 3737 805 3795 venit.
1017 3738 1185 3796 reveniens
1201 3739 1236 3794 ud
1254 3740 1365 3808 Achab,
1383 3741 1441 3797 taio
1456 3741 1507 3796 dat
1522 3739 1672 3814 eloquium
1689 3755 1698 3798 t

104 3828 764 3901 hlontisiiorcbquaedumspeluncovidetur,
793 3831 822 3885 ot
846 3827 926 3884 intus
980 3827 1146 3884 Dummodo
1162 3845 1261 3901 pugna
1277 3830 1340 3898 tuit,
1356 3829 1475 3899 quidem
1492 3832 1568 3903 oepit
1584 3831 1757 3903 fugientem,
1792 3848 1795 3853 ·
1837 3884 1842 3891 .

140 3917 216 3974 Dum
234 3925 332 3974 manet
348 3919 435 3986 Etias,
451 3919 544 3986 inquit
559 3917 585 3974 ci
600 3917 763 3974 Dominus:
1016 3920 1050 3972 ut
1068 3916 1139 3972 mihi
1155 3918 1304 3973 commisit
1318 3917 1381 3990 tege
1397 3921 1450 3975 sub
1466 3920 1520 3976 beo
1537 3921 1699 3979 hominem.

103 4006 263 4080 Egrediens
280 4009 372 4064 stabis
387 4024 484 4064 coram
497 4008 621 4064 Domino
636 4008 779 4071 veniente,
983 4008 1064 4063 Dono
1080 4006 1136 4062 nisi
1152 4006 1299 4074 restituas,
1316 4009 1429 4079 arpenti
1444 4009 1522 4066 solve
1534 4010 1688 4080 talentum,

139 4098 221 4153 Tunc
235 4097 273 4153 ibi
292 4098 469 4169 praevenient
484 4115 530 4153 ros
547 4098 587 4153 ita
602 4097 744 4153 terrificae.
1017 4095 1069 4152 Vel
1085 4095 1157 4152 mihi
1173 4113 1224 4169 pro
1239 4100 1324 4170 capto
1339 4098 1376 4154 da
1391 4103 1480 4172 caput
1494 4100 1557 4169 ipse
1571 4106 1668 4158 tuum.

103 4185 233 4258 Spiritus
248 4192 292 4243 est
307 4188 426 4260 grandis
443 4186 594 4260 torosque,
611 4204 662 4243 nee
686 4192 730 4243 est
748 4186 827 4242 Deus
855 4184 926 4243 illio.
981 4191 1019 4242 At
1035 4187 1106 4244 mihi
1120 4187 1295 4245 commissus
1312 4189 1427 4261 fugiens
1443 4190 1544 4261 evasit,
1558 4195 1587 4246 et
1600 4190 1650 4245 itte

143 4275 227 4333 biotio
242 4278 431 4348 subsequitur
444 4277 526 4347 mire,
545 4294 596 4334 nec
612 4285 656 4333 est
671 4277 747 4334 Deus
762 4275 820 4333 bio.
1017 4276 1072 4343 Qui
1087 4277 1160 4333 mihi
1178 4276 1354 4342 commissit,
1365 4279 1418 4349 jue
1430 4278 1499 4347 petit
1514 4278 1582 4335 inde
1597 4295 1693 4350 grave.

105 4363 252 4422 Maximus
266 4371 311 4423 est
327 4365 415 4439 iguis,
436 4371 511 4423 Deus
540 4372 586 4424 est
613 4383 712 4440 prope,
743 4381 800 4422 uon
830 4371 928 4421 tameo
983 4372 1041 4422 Aut
1056 4366 1204 4422 hominem
1222 4367 1335 4432 reddes,
1351 4371 1402 4422 aut
1416 4367 1571 4423 arbertum
1587 4369 1673 4425 dabis
1687 4366 1731 4425 iili

784 4453 843 4527 [bie
858 4456 903 4510 est
918 4470 927 4524 3
1018 4456 1078 4512 Rex
1093 4455 1145 4521 ait,
1161 4461 1213 4511 aut
1227 4454 1315 4511 debes
1326 4455 1428 4526 judice
1443 4460 1470 4511 te
1487 4456 1603 4527 perimi.

140 4542 247 4600 Sibilat
261 4562 331 4602 aura
348 4546 429 4616 levis,
445 4545 492 4601 hic
507 4547 627 4603 veniens
642 4547 715 4603 treus
730 4549 785 4603 est.
942 4540 966 4607 D
981 4548 1016 4602 Ut
1033 4546 1105 4601 tucia
1121 4553 1197 4600 tersa
1214 4543 1268 4597 iuit
1283 4544 1403 4615 agnitus
1416 4560 1481 4600 esso
1498 4545 1653 4617 propheta,

100 4633 237 4706 Contegit
255 4635 331 4689 litias
348 4635 417 4691 dum
435 4635 552 4707 puiiioio
569 4636 624 4691 sibi
641 4635 765 4701 vultum,
1018 4635 1094 4693 Dixit
1108 4635 1206 4691 Achab
1223 4633 1308 4706 piane
1319 4633 1463 4706 iudicium
1481 4635 1590 4695 simile.

141 4722 215 4787 Quid
231 4723 302 4779 iacis
314 4724 370 4795 hic,
386 4726 482 4796 inquit
496 4725 595 4779 cama
611 4743 661 4781 vox
678 4727 713 4780 ad
729 4722 822 4780 eum?
983 4724 1042 4782 Rex
1059 4724 1190 4780 henadad
1208 4725 1313 4780 merito
1330 4726 1422 4780 iuerat
1437 4723 1481 4780 tir
1496 4725 1615 4792 mortis;
1632 4726 1721 4784 atilli

102 4810 155 4867 lite
173 4811 260 4867 reiert
276 4815 360 4870 :Zeto
376 4814 487 4872 zelatos
502 4832 579 4879 aaut,
595 4815 662 4887 quia
677 4813 769 4886 pergit
1016 4815 1059 4870 Tu
1072 4814 1156 4869 dator
1170 4830 1201 4870 es
1217 4814 1291 4879 vira,
1307 4815 1415 4887 diguus
1431 4831 1463 4871 es
1478 4814 1546 4870 inde
1562 4817 1647 4873 mori.

140 4899 207 4956 Post
225 4900 340 4959 Balaam
364 4904 501 4976 populue,
518 4910 604 4976 teque
619 4905 702 4976 sequi
717 4902 813 4958 renuit
981 4904 1074 4960 Vince
1088 4903 1187 4959 Nabod
1203 4911 1275 4970 erat,
1298 4903 1352 4958 tuit
1368 4904 1427 4959 hac
1445 4905 1472 4959 in
1487 4903 1599 4961 iezraal
1616 4905 1707 4977 urbe3

101 4988 192 5046 lsrael
209 4989 242 5062 [s.
263 4991 392 5065 Jezahei]
408 5011 478 5050 ense
508 4999 590 5050 tuum
618 4993 760 5066 percussit
781 5007 927 5064 quemque
1018 4993 1078 5050 Rex
1091 4991 1190 5048 Achab
1207 4993 1319 5066 appetit
1334 4992 1420 5059 hanc,
1431 4998 1460 5049 et
1474 4994 1530 5050 eibi
1543 4997 1606 5053 voit
1621 5012 1727 5055 emere.

730 5080 925 5153 [prophetam
983 5083 1079 5148 Vinea,
1095 5081 1196 5137 Nabod
1213 5082 1262 5149 ait,
1279 5087 1395 5153 patrum
1414 5083 1467 5138 tuit
1481 5084 1538 5139 ista
1554 5101 1697 5155 meorum,

135 5170 180 5225 Me
195 5187 351 5242 superesse
366 5172 468 5230 (iniens
483 5172 587 5246 quaerit
603 5181 631 5228 ut
649 5171 799 5228 inteream.
1016 5173 1118 5245 Sitque
1134 5187 1202 5228 mera
1219 5171 1325 5242 proha:
1342 5189 1400 5227 nou
1416 5171 1528 5245 capiam
1546 5174 1683 5244 pretium.

103 5257 200 5329 Inquit
216 5262 242 5316 ei
258 5263 400 5320 Douiinus
417 5280 424 5321 :
443 5269 558 5336 perges,
575 5263 646 5333 Etis,
663 5268 770 5332 tuoque
980 5266 1039 5324 Deo
1054 5265 1152 5323 Achab
1169 5265 1280 5334 audito,
1297 5266 1347 5321 dat
1360 5266 1456 5322 tristia
1472 5266 1604 5323 membra
1618 5265 1718 5324 cubiti.

135 5346 239 5407 Victus
255 5353 310 5407 erit
324 5354 422 5409 studio
436 5370 485 5409 rex
501 5352 586 5408 Aeaei
599 5350 697 5424 syria.
1014 5356 1072 5413 Neo
1087 5353 1216 5413 comedit
1229 5369 1345 5425 panem,
1361 5354 1483 5429 vuttque
1497 5354 1597 5411 dolore
1618 5354 1703 5411 mori.

99 5435 183 5509 ⁰⁰8⁰
198 5439 265 5496 Leti
282 5457 378 5514 rodem
395 5458 484 5515 supet
501 5441 609 5507 lssrdtlt
626 5445 672 5497 tsi
687 5438 806 5497 illim!
980 5444 1143 5505 atterebat
1161 5442 1244 5518 ponit
1258 5443 1388 5513 notulas,
1404 5445 1544 5518 ponitque
1558 5443 1699 5518 sigilium.

137 5524 249 5587 Unctus
262 5529 319 5588 erit
333 5548 384 5605 pro
401 5535 441 5604 te,
456 5533 553 5607 aitque
568 5529 710 5605 propheta
724 5545 817 5589 meus.
1013 5533 1126 5594 terrast
1139 5534 1194 5592 has
1210 5534 1342 5605 mittens,
1358 5534 1440 5593 triste
1454 5533 1505 5591 dat
1520 5532 1689 5607 imperium.

98 5619 160 5676 itex
173 5620 261 5693 syrie
277 5621 412 5680 Beuadad
424 5623 486 5681 vult
501 5630 545 5682 ter
559 5623 642 5683 denia
658 5622 844 5698 geminisque
978 5624 1105 5701 imperio
1115 5623 1231 5684 iasabel
1247 5624 1305 5682 duo
1320 5622 1430 5683 crimen
1444 5621 1594 5681 testificati
