3802 6030
155 228 234 295 1th

707 222 886 290 hennom
911 218 1162 284 aaauuuilsts
1185 217 1363 282 eviscovi

1799 224 1873 296 Μ

155 380 271 422 merum
292 363 532 435 canticorumque
554 362 686 435 pervigii.
701 358 805 419 1488
821 360 981 416 eoueentor
996 357 1024 426 Α
1038 369 1100 409 rein
1116 368 1291 437 agnoscens,
1305 369 1410 438 panem
1427 354 1586 421 benedixit,
1603 357 1871 440 remeeotibusque

158 455 191 493 ac
209 435 466 491 lotiuadrvinerum
480 436 855 507 Seriptnrnrnmserieinon
874 431 981 485 imme·
1038 425 1147 495 bajulis
1163 430 1274 492 tribuit,
1303 442 1441 498 piesique
1456 434 1489 482 ut
1501 432 1614 500 aliaque
1631 430 1782 487 dilatione
1797 448 1871 498 eger

158 525 237 565 inor:
264 510 407 561 mactabat
419 508 691 579 seipsumquotidie
704 507 907 562 holocaustum
924 500 982 557 Do·

158 596 249 641 mine.
266 594 299 632 ac
314 593 378 632 rese
394 578 422 632 in
439 580 594 634 erecordie
609 579 727 633 contriti
738 575 915 632 secrilicium
939 571 981 627 ol·

158 652 279 715 lerchal,
297 655 328 703 ut
357 650 451 704 hostia
478 651 669 705 immaculata
688 652 779 717 lieret,
796 658 824 703 et
839 646 982 715 tempium

158 722 209 775 lici
239 722 448 775 iivaintreret.
474 724 569 777 lliset
593 723 637 776 his
665 720 811 776 similibus
838 722 982 796 virtutuin

158 791 317 864 gemmulis
337 796 507 859 adornatus,
522 794 619 847 taliter
633 800 752 865 praeerat
767 791 982 855 andegavensi·

158 866 216 920 bus
231 863 344 917 civibus
360 864 482 919 antieies
497 866 677 920 constitutus
693 862 912 946 biegnobodus:
930 874 983 940 cii·

155 935 207 1007 jus
222 935 346 990 actionis
364 936 542 992 admirandae
563 936 586 990 ii
603 939 670 1007 quis
686 947 799 1001 opinior
824 947 889 987 esse
904 933 983 1011 desi-

158 1007 252 1077 derat,
267 1022 394 1080 sequeus
409 1023 506 1063 sermo
517 1008 629 1081 absque
646 1006 790 1063 mendacii
807 1004 874 1060 luco
889 999 983 1073 expli·

159 1078 247 1135 milii·

211 1158 227 1230 3
241 1156 313 1216 Vlll.
326 1159 362 1215 lie
375 1160 474 1214 vinctis
488 1175 555 1286 qugr
569 1158 644 1286 {ped
656 1161 781 1216 Parisios
795 1154 929 1213 divinitae

506 1247 570 1286 ceo
587 1238 635 1286 uri.

195 1309 287 1369 luitur
303 1307 354 1365 taii
380 1310 504 1365 evidenti
520 1310 732 1381 approbatione
748 1313 777 1363 et
791 1306 917 1362 omnium
935 1321 982 1361 aa·

160 1389 298 1446 serlione,
314 1383 397 1435 beato
409 1381 592 1454 blagnohodo
603 1384 701 1453 aspice
719 1380 892 1450 presulatus
902 1380 983 1460 deco3

160 1460 235 1517 reto,
254 1454 391 1523 praelatus
408 1470 457 1510 rex
476 1454 666 1523 ingobertus,
685 1452 885 1508 monarchiam
901 1464 982 1519 regni

160 1523 340 1580 Francorum
355 1525 502 1589 obtinens.
518 1536 663 1592 comperte
674 1525 812 1580 bonitatis
821 1521 982 1589 emblema,

1039 514 1073 553 ex
1089 515 1122 554 eo
1140 505 1308 570 perciperet.
1324 501 1360 553 At
1376 500 1418 554 illi
1442 503 1554 555 concilo
1569 501 1661 571 gradu
1689 512 1871 561 revertenter

1038 574 1140 625 exenia
1156 570 1303 640 pontilicis
1328 569 1447 626 domino
1463 588 1517 626 auo
1533 575 1634 627 mortio
1649 573 1778 630 eiiaesso
1794 585 1870 631 utiu-

1038 640 1106 696 lere.
1123 642 1234 705 Quibus
1257 642 1396 711 acceptia.
1408 652 1433 697 et
1452 644 1480 698 in
1497 659 1548 698 esu
1565 643 1710 714 suuiptia‚
1726 648 1868 703 continuo

1038 715 1134 768 omnis
1148 715 1232 768 dolor
1246 713 1463 781 intestinorum,
1479 715 1648 771 rel'ociliatie
1660 718 1815 774 viscerum
1833 720 1865 775 li·

1039 785 1109 850 bris,
1128 786 1299 847 abscedens.
1323 785 1457 855 pristinae
1483 786 1649 842 restituitur
1666 791 1867 860 prosperitati,

1038 872 1127 927 ageos
1154 856 1262 922 pretias
1285 857 1426 928 pontifici,
1454 874 1504 929 qui
1520 861 1678 915 itaeumu
1702 864 1869 932 peruiciosa

1038 928 1119 984 clude
1133 929 1290 997 eripuerat.

1071 1009 1087 1081 ᾖ
1104 1008 1154 1066 ΧΙ.
1174 1010 1213 1067 Dc
1225 1007 1352 1082 predipio
1365 1025 1450 1078 cuper
1463 1010 1661 1081 perruii‘ielciii
1673 1028 1835 1086 puerorum

1386 1087 1502 1140 ostenae.

1072 1161 1165 1230 letior
1175 1176 1296 1215 ruminae
1311 1161 1476 1218 sanctitatis
1490 1162 1534 1217 vir
1547 1162 1699 1222 diraciiaim
1716 1164 1777 1222 sihi
1793 1182 1869 1223 eora-

1037 1232 1158 1289 misaam
1183 1232 1361 1288 illustrando
1377 1242 1464 1303 alque
1483 1238 1671 1291 admonendo
1688 1239 1866 1295 circumiens

1037 1304 1167 1377 pervenit
1185 1307 1219 1359 ed
1230 1306 1376 1377 queddniii
1393 1308 1545 1375 praedium,
1561 1310 1640 1381 quod
1657 1310 1865 1375 Quartiniecua

1036 1376 1194 1445 vulgariter
1212 1386 1408 1446 nuncupatur.
1424 1378 1515 1443 Quem
1534 1378 1613 1450 pueri
1630 1382 1749 1451 garruli
1767 1384 1796 1437 in
1809 1383 1863 1453 pia·

1036 1454 1084 1504 tea
1099 1448 1204 1504 ml)
1217 1449 1381 1516 conglobati
1391 1451 1498 1519 pariter
1510 1452 1740 1521 procedenteaei
1753 1455 1862 1510 obviem

1037 1519 1188 1575 cachinnis
1203 1535 1236 1574 ec
1260 1520 1381 1575 vocibus
1395 1520 1612 1577 debacchantes
1636 1521 1793 1582 lacessere
1806 1542 1861 1583 nou

159 1597 194 1651 ed
212 1611 244 1650 se
260 1594 398 1655 Parisios.
427 1595 476 1651 uiii
491 1602 562 1653 tiioc
584 1598 725 1665 temporis
740 1596 919 1658 morabatur,
933 1608 982 1647 ao·
1037 1593 1245 1654 lormiilabent.
1262 1607 1295 1647 ee
1309 1591 1439 1647 convicia
1453 1594 1580 1649 iudendo
1604 1597 1738 1651 pelenda
1749 1597 1864 1667 jactite-

159 1666 259 1722 ceisiri
274 1669 419 1738 praecepit.
436 1670 527 1734 cnjus
547 1669 734 1738 jussionibus
762 1668 982 1735 obtemperans,
1038 1663 1127 1727 bent;
1143 1678 1215 1736 quoe
1229 1661 1279 1718 iiie
1293 1664 1412 1719 intuens
1424 1670 1542 1733 repente
1554 1681 1632 1721 unus
1643 1682 1681 1723 ex
1691 1666 1861 1726 ludentibus

160 1755 217 1793 niro
234 1739 333 1810 segnis
347 1741 388 1793 irc
411 1745 545 1809 perrexit.
564 1740 636 1795 Dum
652 1755 721 1822 ergo
737 1739 815 1793 intra
831 1736 981 1792 civitatem
997 1736 1022 1805 Β
1038 1734 1136 1807 pueris
1154 1734 1259 1789 mistus
1276 1734 1387 1805 pulveri
1402 1735 1482 1790 omui
1498 1753 1564 1792 cuin
1583 1738 1862 1813 perileuciiaerap·

159 1810 329 1867 inarediena
357 1808 454 1866 voires
482 1812 632 1876 transiret,
663 1827 702 1865 rei
724 1809 773 1881 qni
792 1809 820 1863 iu
849 1812 983 1880 ergastu·
1038 1813 1087 1861 tus
1103 1822 1154 1877 per
1168 1811 1249 1860 vasta
1264 1806 1339 1860 aeria
1354 1821 1433 1860 more
1448 1807 1526 1879 globi
1542 1807 1746 1891 heoillacque
1758 1812 1862 1869 lerata·

159 1880 196 1936 lis
212 1881 315 1936 irretiti
334 1882 742 1945 iecinoribuedeiinrbeniur.
758 1888 908 1950 comperto
919 1880 984 1948 ejus
1037 1883 1095 1933 lur.
1111 1876 1465 1934 Tunodeaodelihuscum
1477 1883 1647 1951 parentibus
1663 1884 1795 1940 tristitia
1806 1901 1862 1942 ma·

160 1956 298 2021 adurente,
328 1957 446 2007 vecibus
462 1955 638 2023 importunis
651 1955 824 2013 clamantes.
841 1951 915 2006 beati
930 1949 983 2005 i'iri
1037 1953 1128 2017 tuque
1158 1947 1301 2020 profligati
1329 1964 1380 2019 per
1394 1950 1478 2005 devia
1494 1967 1615 2022 quaeque
1639 1961 1859 2026 sequentee.ae

160 2024 265 2079 soiulia
281 2024 426 2092 petebant.
439 2027 475 2080 dt
486 2026 534 2080 uhi
546 2024 835 2081 audivitmiseroruin
845 2020 984 2089 luuubrea
1037 2021 1156 2092 rupium
1165 2019 1344 2093 valliumque
1354 2022 1504 2078 eniractna
1517 2028 1678 2095 sectantes,
1691 2025 1776 2083 niiilo
1787 2029 1864 2100 pmii·

160 2094 653 2167 iilulaluseoruinqueiameniebiie
667 2096 800 2158 exitium.
818 2093 983 2150 misericor·
1036 2094 1154 2149 ciebant
1181 2092 1295 2159 ellectu,
1319 2101 1439 2162 excepto
1461 2094 1559 2150 labore
1580 2095 1781 2167 ietigationie,
1797 2100 1863 2172 quid

161 2168 210 2222 dia
226 2174 332 2234 motus,
348 2168 470 2237 vestigia
487 2170 592 2238 pressit
605 2184 669 2239 quai
684 2169 713 2222 lo
730 2165 879 2239 precinctu
891 2171 982 2231 erant,
1036 2169 1153 2236 egerent
1168 2163 1321 2218 concilium
1338 2164 1469 2220 demebat
1487 2181 1574 2222 casus
1593 2167 1753 2225 inauditus
1767 2177 1797 2226 et
1825 2186 1864 2227 re·

160 2238 249 2294 eundi
265 2240 299 2295 ad
316 2239 467 2295 basilicam
482 2241 622 2295 orationis
637 2239 740 2312 gretie.
755 2237 890 2294 iudicem
913 2252 983 2306 ergo
1037 2235 1181 2309 panlinus.
1198 2235 1328 2292 Tandem
1345 2237 1546 2304 desperatione
1560 2238 1657 2294 adacti
1673 2256 1727 2311 per
1743 2240 1824 2298 invia
1840 2247 1863 2298 et

159 2314 261 2365 sitiens
275 2327 386 2366 cernua
414 2320 519 2373 menie.
536 2314 662 2384 rogitare
687 2308 771 2382 cuipii
784 2315 817 2363 ut
832 2308 982 2365 damnatis
1037 2310 1177 2362 dumosae
1192 2312 1323 2362 tramites
1332 2307 1663 2380 lailecenira.reperieoi
1680 2330 1810 2382 puerum
1823 2316 1862 2370 iu-

156 2384 271 2437 veniam
290 2390 449 2452 prestaret.
473 2390 502 2439 et
518 2381 639 2440 liberem
656 2380 793 2452 perpendi
812 2380 982 2436 iacuttatem
1036 2384 1080 2435 ier
1094 2379 1241 2435 condensa
1251 2380 1382 2448 veprium
1398 2379 1629 2446 semivir-eniam.
1645 2387 1676 2438 et
1691 2386 1741 2441 iiix
1755 2386 1862 2443 exilem

158 2452 333 2519 indoluerat.
361 2459 400 2511 itt
428 2454 486 2518 ilie.
504 2464 537 2509 ut
551 2462 614 2509 erat
629 2453 821 2519 truculentus,
842 2467 982 2517 responso
1036 2450 1196 2506 anhelitum
1214 2451 1395 2507 trahentem:
1416 2467 1501 2523 quem
1517 2460 1652 2522 parentas
1668 2471 1738 2512 cum
1759 2473 1859 2525 magno

155 2523 185 2580 in
199 2526 392 2597 pmlioaancti
407 2527 458 2579 viri
476 2527 635 2581 adversane
649 2522 982 2588 voiuntatl.aiueelirctu
1035 2523 1146 2595 gemitu
1177 2522 1265 2592 paliiu
1282 2521 1459 2605 involutum,
1474 2531 1501 2578 et
1518 2542 1591 2594 pene
1606 2530 1727 2583 conciis
1745 2530 1861 2586 artubus

158 2597 312 2652 aliirelecil
324 2599 389 2668 :qni
401 2615 414 2648 ei
433 2600 548 2651 l'uneeto
557 2604 752 2669 contemptor.
761 2596 982 2662 ecclesiamque
1036 2600 1205 2664 decerptum
1231 2595 1258 2647 in
1278 2602 1432 2662 presentia
1453 2598 1545 2650 sancii
1562 2597 1614 2651 viri
1631 2600 1819 2667 obtulerunt.
1833 2617 1861 2656 ac

157 2667 595 2736 tendebatingrediens.Christi
608 2666 982 2723 clementiamexorebatut
1036 2666 1194 2737 popliiihue
1224 2664 1305 2722 flexis
1331 2682 1449 2721 erorare
1465 2683 1576 2737 corpere
1592 2676 1625 2723 ut
1639 2670 1800 2728 doloribus
1813 2671 1861 2729 liiii

160 2738 426 2805 noxiiernpioiiieui
440 2739 656 2796 dienriuereiau
671 2740 983 2794 aiorianeannmerne·
1035 2738 1079 2793 eui
1095 2735 1220 2804 compati
1251 2738 1432 2803 dignaretur,
1449 2739 1557 2810 quilius
1582 2746 1723 2809 praecepit
1741 2753 1775 2798 ui
1790 2746 1860 2800 intra

158 2807 269 2865 rel.liio
280 2811 322 2865 sic
338 2811 366 2863 in
376 2827 459 2879 prere
474 2815 811 2882 perreverenle‚repenle
825 2808 981 2877 compedes
1034 2817 1116 2879 septa
1131 2807 1258 2863 ecclesiia
1272 2825 1392 2873 puerum
1403 2815 1552 2877 ponerent,
1563 2817 1592 2867 et
1603 2812 1722 2870 Domini
1738 2818 1861 2872 clemen·

157 2879 979 2951 eltiitimanicisquecnniueiendiiusrareeris.nuiieehi·
1034 2879 1104 2935 tiam
1122 2896 1174 2952 pro
1189 2895 1222 2934 eii
1239 2880 1449 2951 supplicarent.
1466 2884 1574 2936 Verum
1586 2887 1684 2940 denuo
1700 2888 1860 2944 etisedenle

155 2966 187 3007 ce
198 2952 630 3024 impediente,rinrtiepeluere.
641 2953 798 3008 Proeliiunt
808 2956 981 3021 namque.et
1035 2953 1130 3013 turha.
1144 2953 1258 3007 eumad
1275 2953 1428 3008 ecelesiam
1443 2954 1571 3023 predicti
1590 2962 1730 3023 parentes
1743 2975 1860 3015 menreb·

152 3029 245 3079 saneti
260 3026 406 3095 pontilicis
416 3029 522 3080 reterre
533 3025 660 3080 advoluti
669 3026 808 3096 vestigiis.
817 3026 977 3095 gratiarum
1034 3027 1078 3078 ies
1095 3032 1266 3087 remearent,
1283 3023 1425 3079 valentem
1445 3041 1566 3089 puerum
1583 3027 1860 3101 ini·enerunt.quem

152 3097 283 3151 actiones
298 3113 340 3154 ros
354 3104 457 3152 erunt.
468 3097 520 3153 Pro
535 3098 767 3168 quoruniaelute
778 3095 826 3150 iiie
839 3095 979 3165 principis
993 3104 1016 3169 c
1031 3094 1203 3152 del'nnctum
1218 3095 1470 3167 sparnacensem
1486 3097 1528 3151 eir
1545 3099 1859 3172 [lemineappreneaaa

151 3165 342 3224 clementiani
358 3183 492 3236 exorans,
508 3176 636 3240 optatam
654 3169 869 3224 absolutionem
883 3167 978 3237 impe·
1032 3182 1121 3222 manu
1135 3166 1226 3236 pueri,
1238 3183 1273 3223 ex
1287 3166 1369 3222 aditu
1388 3167 1516 3234 portione
1532 3166 1646 3234 levavit.
1662 3178 1693 3226 et
1709 3189 1818 3230 sanum
1834 3180 1858 3229 et

151 3241 284 3305 trainae
300 3258 335 3295 ne
353 3240 516 3297 riiteriusin
534 3248 615 3296 tanto
632 3242 760 3296 iocinore
775 3239 977 3310 deprehende·
1029 3238 1096 3293 vitia
1110 3246 1267 3305 properem
1278 3238 1405 3293 reddidit
1416 3240 1597 3306 parentibus.
1608 3242 1859 3301 retribuenabona

152 3316 253 3366 rentur
267 3313 472 3369 comniinendo
489 3311 648 3367 interdixit.
1031 3308 1230 3381 proiiiueione
1244 3309 1301 3364 sibi
1318 3308 1503 3366 itteiadiidi
1517 3312 1729 3383 gratulabundi
1736 3317 1859 3387 genibus

236 3389 307 3458 pix,
326 3391 699 3449 pm201mmpaffzimm
717 3387 891 3448 tetrametram,
1028 3382 1093 3453 ejus
1113 3380 1242 3437 advoluti
1258 3387 1326 3438 veta
1346 3381 1503 3438 relerentes
1516 3384 1552 3440 ad
1571 3386 1649 3441 iares
1667 3390 1805 3462 proprios
1818 3405 1859 3446 re·

187 3470 248 3525 Sub
276 3472 377 3525 anilem
400 3480 530 3540 tempore
545 3470 664 3544 qnidim
691 3470 801 3524 iumine
824 3468 975 3524 oculorum
1029 3468 1173 3513 mmm·
1575 3525 1607 3538 ,,

153 3541 265 3596 amineo
275 3542 422 3609 maenium
438 3543 491 3595 viri
507 3545 663 3596 ririuiihns
675 3542 783 3596 auditis
794 3541 830 3594 ed
841 3543 974 3612 andega-
1148 3521 1237 3613 ixiif
1255 3527 1295 3580 ⁰⁶
1307 3523 1425 3617 wilm
1441 3524 1634 3620 Timidiiiiii
1647 3533 1757 3588 ciritio·

151 3627 270 3667 „puppem
289 3614 507 3679 predestinavit
522 3613 626 3669 mo
641 3614 715 3667 ΜΘ
746 3617 893 3682 preeunte
909 3628 976 3680 pap.
1061 3606 1099 3662 lit
1111 3606 1307 3676 veroquidein
1320 3622 1363 3661 vir
1377 3606 1577 3679 Theudegiaib
1587 3626 1623 3665 uo
1635 3615 1757 3667 nemine
1769 3612 1859 3670 nimie

151 3698 219 3754 gere
234 3685 390 3743 civitatem.
406 3686 555 3738 conlidens
571 3701 621 3750 ape
632 3691 745 3751 integra
759 3681 976 3751 rjussolamine
1025 3677 1206 3748 egritudini!
1221 3680 1406 3734 incommodo
1422 3681 1584 3744 iflbffl'flbdi·
1598 3697 1683 3749 ‘litem
1698 3686 1783 3742 ”⁰¹¹⁸
1800 3702 1852 3742 Μ·

152 3752 304 3821 pristinam
320 3755 471 3810 (iptorum
486 3771 605 3810 aurarem
638 3769 811 3823 recuperare
835 3753 973 3810 salutem.
1026 3751 1159 3805 deornm
1175 3765 1233 3814 ars,
1250 3766 1304 3803 nee
1320 3751 1582 3806 lomeniaealnbrie
1595 3756 1630 3807 ed
1647 3756 1854 3830 senilaiiaper·

151 3823 205 3889 Qui
223 3826 299 3878 intra
318 3828 417 3881 urliem
435 3828 602 3889 ingrediens
618 3832 651 3881 ut
667 3825 814 3898 pontilicis
829 3826 974 3882 medelam
1027 3824 1134 3876 sedium
1160 3820 1725 3883 led⁰⁰⁰i0V⁸10bd¹¹i·C⁰fflwidinii&
1752 3832 1850 3885 morbo

152 3903 304 3965 quareret,
321 3899 431 3952 dicium
448 3904 493 3952 eet
507 3900 577 3972 qnia
593 3899 668 3952 inire
683 3905 765 3967 septu
778 3899 909 3955 basilien
923 3898 974 3950 di·
1026 3893 1145 3948 ettritus
1161 3908 1242 3962 epam
1254 3909 1371 3948 omnem
1386 3894 1589 3964 recuperande
1604 3896 1739 3963 pristinae
1750 3904 1853 3956 ualetu-

152 3965 228 4021 ainis
237 3968 974 4037 oilieiisinteutuamissarumsoleinniacelehriireit
1026 3961 1104 4020 dini!
1120 3964 1259 4020 abolitum
1268 3964 1398 4029 hilberti.
1407 3981 1519 4021 mernor
1531 3968 1641 4031 Dlffisssii
1652 3972 1798 4028 luticiiiic
1809 3974 1854 4028 bt·

150 4054 184 4094 ec
200 4038 250 4096 iile
279 4042 331 4094 lioe
355 4051 503 4111 comperto
526 4043 658 4112 preduce
674 4056 731 4110 quo
746 4049 864 4097 venerat
878 4040 973 4096 reeta·
1025 4035 1171 4095 nedelind
1188 4040 1253 4104 rjus
1267 4052 1298 4119 ee
1314 4037 1504 4120 del‘erriuiione
1520 4038 1606 4120 debili
1626 4043 1759 4113 pepon-ii
1773 4046 1855 4100 uhtu:

151 4110 223 4167 riam
242 4111 342 4168 edieoa
358 4113 475 4168 bracem
494 4113 659 4184 pontilicem
676 4114 797 4180 invenit,
814 4118 847 4168 ut
860 4111 971 4169 dietum
1025 4113 1084 4185 lus.
1102 4108 1192 4174 Quem
1206 4107 1253 4163 ilia
1268 4114 1384 4163 intuens
1399 4108 1660 4179 direegriiudinls
1676 4117 1849 4172 tumorede·

149 4181 301 4245 suernein
331 4185 596 4259 supplementario,
624 4199 710 4255 quem
728 4200 796 4240 voce
816 4186 972 4247 inportune
1025 4179 1850 4249 bilitatum.irdchrietisuffragiacenvereus.orationum

149 4256 305 4311 clamitans
317 4256 570 4326 deprecatoriam
588 4257 733 4326 perditum
750 4257 915 4312 restitueret
930 4255 973 4310 iu·
1025 4249 1127 4306 uranie
1144 4266 1194 4318 pro
1210 4265 1243 4305 eo
1258 4253 1336 4306 omni
1353 4267 1419 4306 cum
1437 4253 1577 4308 instantia
1593 4253 1718 4313 i'uudere
1729 4261 1850 4321 studuit:

149 4342 224 4382 men.
242 4328 335 4399 cuins
350 4329 543 4400 querimoniis
559 4329 662 4384 beatus
678 4326 800 4383 antistes
817 4325 972 4394 misertus,
1024 4322 1135 4404 sicque²
1152 4320 1249 4376 divina
1261 4321 1374 4379 lavante
1389 4322 1555 4407 clementie,
1568 4325 1604 4379 ab
1621 4328 1703 4383 omni
1719 4330 1852 4387 molestie

148 4400 280 4455 oratione
307 4416 358 4472 pre
380 4404 445 4465 ejus
470 4399 673 4456 incolumitate
693 4400 822 4469 profusa,
853 4407 971 4470 peraeto
1023 4397 1852 4471 0⁰l9⁰t¹⁸0l⁰i⁰⁸ssiquewtlitiflmtdsspiuuqulgrabato

149 4467 305 4527 missarum
333 4471 441 4528 oficio.
473 4473 685 4540 perceptionem
703 4471 778 4525 sacri
794 4471 924 4541 eorporis
939 4470 969 4524 in
984 4467 1009 4535 ὓ
1024 4481 1080 4520 usu
1096 4464 1192 4520 aleno
1213 4466 1362 4533 eejnleius
1378 4466 1483 4527 iuerat.
1495 4468 1612 4524 incessu
1630 4473 1752 4545 proprio
1767 4490 1801 4531 ee
1815 4473 1850 4531 ii·

149 4556 182 4595 os
196 4548 261 4605 ejus
276 4559 340 4597 cum
355 4541 555 4597 benedic-lione
571 4542 753 4604 intromisit:
768 4542 818 4613 qui
830 4542 970 4598 continuo
1023 4536 1093 4593 bere
1109 4535 1228 4591 arbitrio
1239 4537 1274 4591 ed
1293 4553 1348 4593 ena
1362 4538 1521 4607 repedavit.

150 4613 230 4666 omni
259 4613 533 4682 caecitetedepuire.
551 4614 628 4669 nciee
647 4613 810 4680 oculorum,
838 4616 887 4686 qui
919 4629 970 4679 per
1032 4670 1035 4675 ,
1064 4613 1167 4689 gxiii.
1181 4615 1218 4670 lie
1235 4617 1366 4674 noviento
1381 4619 1417 4674 ad
1429 4635 1491 4675 eum
1505 4618 1566 4675 iiiia
1579 4619 1683 4693 reniae
1696 4624 1819 4694 periclo.

150 4685 242 4737 multa
258 4684 551 4741 annorumcurriculn
562 4684 786 4740 iueratietebrie
800 4686 969 4755 deputatus,
1055 4693 1154 4762 Operae
1182 4698 1309 4765 pretium
1338 4704 1383 4753 eet
1396 4702 1501 4756 reterre
1511 4704 1540 4754 et
1555 4699 1626 4755 illud
1644 4704 1725 4774 quod
1744 4706 1843 4765 un

148 4755 193 4808 cui
211 4757 385 4825 restituitur,
402 4764 491 4827 etque
505 4758 614 4825 gratiae
628 4771 719 4826 agene
734 4755 841 4813 Christi
856 4757 968 4825 virtuti,
1022 4767 1107 4823 mulii
1123 4775 1261 4823 asserunt
1276 4768 1464 4826 miraculum.
1481 4769 1607 4828 Rediens
1624 4788 1756 4848 narnqua
1770 4794 1851 4834 vene.

146 4840 214 4880 cum
228 4826 665 4901 alacritatementiaclcorporie
680 4828 715 4883 ad
733 4828 851 4900 propria
861 4843 969 4901 regres-

34 4900 40 4907 ‘
146 4912 199 4953 aua
215 4904 267 4951 rat.

226 4968 241 5038 i
256 4968 291 5024 X.
311 4969 345 5024 lic
358 4970 518 5039 presbytero
532 4986 550 5024 o
563 4970 643 5041 direti
656 4972 762 5026 ventris
775 4977 881 5027 annoto.

178 5046 237 5103 Nea
253 5048 323 5103 iilud
341 5049 486 5104 silendum
502 5051 708 5118 autumuquod
726 5051 969 5124 cuidampreehp-

142 5123 205 5174 tero
221 5120 306 5175 bonis
321 5120 460 5187 oporibus
490 5120 588 5176 dediio
605 5120 735 5177 evenisse
748 5123 878 5188 contigit.
891 5122 965 5179 Diiin

143 5190 221 5246 enim
243 5191 385 5260 prolinvio
403 5193 512 5247 ventris
528 5192 682 5251 laboraret.
697 5201 725 5248 et
737 5192 878 5249 intestina
903 5195 968 5262 ejus

144 5262 244 5318 morbo
262 5265 407 5319 viscerum
429 5263 568 5336 usquead
584 5265 740 5336 perniciem
757 5268 824 5322 vitre
838 5265 927 5320 dilelri
939 5272 969 5323 et

143 5332 268 5391 cruciari
294 5337 448 5405 videretur,
469 5337 532 5392 visu
550 5336 582 5408 [i.
597 5335 745 5410 nieri]quo
761 5342 875 5402 poterat
901 5356 970 5408 pree·

143 5407 220 5471 repit
241 5408 358 5463 liimuiia
373 5408 699 5476 anianiquaniocioaae
714 5408 805 5463 virum
825 5410 873 5464 tiri
886 5425 969 5466 acce-

142 5478 253 5533 derent.
264 5480 426 5551 rieulngire·
439 5497 513 5552 quas
528 5480 654 5545 dirigere
664 5479 839 5535 decernebat
849 5481 903 5547 ipsi
913 5483 966 5536 de·

140 5548 260 5606 ferrent.
279 5551 313 5608 Et
328 5550 369 5607 iiii
383 5551 566 5621 jussionibus
581 5549 693 5604 domini
707 5551 750 5605 eui
762 5554 966 5624 obsequentes,

141 5635 260 5678 sumina
274 5638 342 5679 cum
359 5619 685 5681 testinatiouedetulere
699 5636 764 5693 quei
774 5624 969 5681 domionaee·

144 5705 210 5748 rum
226 5699 420 5767 preceperat:
440 5695 491 5767 qui
505 5691 631 5764 benigne
645 5691 681 5750 eb
692 5708 726 5750 eo
741 5695 883 5768 suseepti,
918 5712 970 5762 ra·⁴

146 5765 241 5821 teiiter
269 5764 381 5839 aceepit
399 5780 461 5839 que
476 5768 603 5839 egrotus
618 5763 774 5834 timaret.
790 5770 820 5824 et
833 5781 886 5840 pro
910 5782 967 5825 aaa

1022 4837 1122 4894 rabilia
1140 4840 1267 4897 noniiiex
1282 4857 1348 4896 rum
1365 4842 1482 4907 erimine
1497 4842 1713 4913 discipulorum
1726 4863 1762 4903 ex
1780 4849 1850 4915 rico.

1020 4910 1065 4965 cui
1095 4908 1263 4967 olbonense
1286 4914 1456 4969 vocabalum
1472 4918 1528 4982 est,
1544 4919 1577 4968 ut
1591 4915 1725 4973 tenderet
1739 4921 1775 4974 ad
1788 4937 1845 4978 riis

1020 4981 1129 5038 maenia
1145 4982 1237 5041 urbis.
1252 4984 1288 5038 ad
1304 4999 1384 5038 oram
1397 4983 1526 5041 heminis
1541 5000 1608 5040 cum
1637 4990 1844 5062 accessissent,

1020 5054 1144 5121 contigit
1169 5061 1272 5108 eventu
1298 5055 1405 5122 divino,
1429 5065 1461 5111 ut
1490 5055 1669 5114 credendum
1697 5067 1756 5129 est,
1789 5080 1844 5120 uee

1019 5125 1122 5180 adesse
1135 5125 1236 5181 navaie
1246 5124 1384 5182 solatium
1398 5132 1522 5195 quotute
1533 5136 1844 5198 posaeniiraeamaare

1019 5195 1098 5252 iliivii
1124 5194 1258 5263 aiieum;
1275 5199 1420 5268 siqnidem
1437 5200 1512 5255 inter
1526 5200 1600 5255 eitra
1614 5215 1737 5260 emnem
1766 5208 1842 5264 situs

1018 5266 1182 5335 videbatur,
1202 5269 1252 5323 sed
1284 5269 1443 5342 deeretqui
1460 5273 1524 5335 ejiis
1535 5271 1716 5329 utilitatibus
1731 5292 1840 5334 coosu-

1018 5337 1084 5395 iroa
1109 5339 1266 5410 pre-entia
1291 5340 1386 5410 ipsius
1414 5342 1576 5399 conducere
1604 5352 1779 5404 coneretur.
1794 5348 1846 5415 Oui

1020 5426 1100 5466 more
1116 5412 1201 5466 solito
1215 5414 1249 5466 e=l
1265 5412 1431 5469 orationum
1447 5412 1594 5470 solamina
1607 5417 1846 5489 coalugieosdu

1018 5481 1047 5537 in
1066 5498 1150 5553 prece
1161 5490 1371 5551 commoratus,
1386 5491 1508 5571 repente
1519 5501 1605 5554 prore
1619 5500 1655 5542 ex
1671 5484 1847 5571 ieeo‚inque

1019 5554 1849 5715 :inanitatiiicitiituuicaucaiti

1020 5701 1076 5766 aet,
1094 5703 1170 5756 rotie
1197 5700 1330 5784 emulum
1350 5716 1457 5776 pereae
1481 5705 1586 5759 natatu
1599 5700 1772 5767 devehitur.
1793 5706 1851 5777 eei

1019 5766 1214 5844 omnipotenti
1225 5769 1361 5842 mnino,
1376 5774 1427 5847 qui
1441 5770 1625 5840 veluntatem
1640 5774 1841 5841 annuam
