3802 6030
151 245 233 312 1883

645 247 736 311 tarr.
759 236 1002 310 nttbaedadt
1023 242 1234 308 ΟΕΝΟΜΑΝ.
1256 242 1382 308 prisc.

1788 245 1865 309 md

154 384 309 457 Namque
325 381 507 440 verbaderet
524 381 630 456 populo
649 397 718 440 eum
734 380 934 456 reregitaret.
990 377 1020 449 Λ
1069 378 1206 438 veetibae
1221 384 1401 451 ornatuum,
1418 379 1774 456 tenditeoimiaqueom,

191 473 337 543 Corripuit
351 471 438 530 tolita
453 473 544 545 peatie
559 489 625 530 eum
640 473 757 544 aubita;

157 561 193 620 Et
206 561 285 619 redit
300 562 469 634 exsanguia,
486 569 606 636 torpere
620 563 706 637 quari
719 561 849 635 perfidus
861 559 980 636 anguis,

191 651 261 721 Neo,
278 652 352 709 aicut
367 651 459 708 voluit
473 668 538 708 esee
554 670 672 720 nocane,
689 653 793 725 potuit.

154 744 274 802 Viroera
288 743 493 815 constringens
510 744 591 799 intua
605 743 688 801 doior
702 748 807 801 aetuat
821 741 945 816 ingene:

190 838 305 892 AEatuet
315 833 450 903 iuteriua,
461 850 513 890 nec
531 834 630 892 minua
642 835 779 892 exterius.

155 923 261 985 Omnia
277 924 446 997 torpebant,
458 940 575 991 manue,
587 941 631 996 oa,
643 939 706 997 per,
717 923 819 997 lingua
828 921 981 996 rigebant3

190 1016 282 1073 Totus
296 1013 430 1087 diriguit,
444 1017 523 1070 totua
539 1013 732 1086 ioerejaouit.

16 1078 20 1099 Ι
41 1170 46 1189 ,
156 1105 265 1165 Guttur
279 1101 455 1177 praelusum
472 1102 590 1175 lingua,
605 1102 685 1160 vooie
701 1105 789 1176 negat
803 1115 911 1170 urum3

190 1193 317 1252 Stabant
330 1196 359 1250 et
373 1208 466 1249 vacua
480 1191 592 1249 lumina
606 1191 672 1249 iuoe
686 1209 750 1250 aua.

154 1280 983 1350 Quidmororiimmeueuedoiorabetuierataibiaenaue‚

191 1372 319 1444 Jamque
334 1372 457 1428 eubaeta
473 1374 532 1429 i'ore
551 1371 652 1445 lingua
671 1379 750 1445 parat
766 1369 877 1444 fugere.

156 1460 237 1527 Quod
255 1459 471 1533 portendebant
484 1477 599 1534 apunra
613 1461 722 1534 quibua
738 1477 789 1518 ora
805 1459 949 1534 rigebant,

192 1553 226 1606 Et
241 1550 317 1607 maie
332 1550 490 1607 continuus
506 1549 593 1607 iletre
610 1557 640 1608 et
654 1551 787 1623 exiguae.

156 1642 204 1699 Sio
221 1641 344 1698 absente
371 1656 457 1713 mago
473 1645 552 1696 truot
564 1641 643 1698 buno
658 1642 728 1698 dum
748 1639 852 1698 mortio
877 1639 984 1712 imago,

191 1736 352 1787 accurrere
366 1746 436 1786 euoa
452 1731 541 1803 digua
558 1736 676 1802 repente
692 1730 779 1798 tuear

156 1819 984 1893 Quirapiduaaiograxquasieprruenequodioretbiorex

193 1909 284 1968 roua
299 1910 328 1966 in
345 1908 424 1967 hune
438 1916 585 1983 properet,
600 1917 630 1968 et
644 1913 783 1971 miserum
799 1914 918 1972 laceret.

91 2006 96 2017 ¹
157 2000 197 2057 Ao
212 1999 278 2056 vitra
292 1998 437 2070 reliquum
452 1999 529 2074 quod
547 2000 645 2058 adhue
666 2007 813 2061 sustentet
835 2005 983 2079 iniquum.

194 2089 335 2147 Exhaurit
349 2089 460 2160 ieviter,
475 2089 524 2147 iiie
539 2091 630 2163 gemit
644 2091 779 2165 graviter.

158 2178 194 2237 et
208 2178 327 2236 taudem
340 2180 478 2237 morienti
492 2184 561 2255 Styx
571 2182 700 2256 aperitur

195 2268 229 2326 bt
244 2268 363 2343 Stygius
376 2267 451 2326 iutro
465 2274 588 2326 vertitur
603 2271 633 2328 in
648 2272 797 2331 barathro.

162 2356 197 2415 ttt
211 2358 281 2430 quia
295 2359 446 2416 damnavit
460 2360 588 2426 animoa,
604 2365 634 2417 et
646 2376 766 2436 corpora
781 2363 895 2436 etravit,

198 2445 246 2503 Nil
262 2464 385 2520 pareone
401 2448 517 2515 anima,
533 2451 704 2523 corporibus
720 2452 852 2520 minime,

163 2534 248 2593 Nouo
262 2537 359 2607 ipeum
375 2552 491 2608 poreue,
508 2538 636 2595 animam
653 2541 784 2613 depaerit
798 2545 827 2598 et
849 2541 949 2610 Orode,

201 2624 236 2680 itt
252 2625 348 2682 eordie
362 2626 486 2697 propriae
503 2627 625 2684 vertitur
635 2629 665 2686 in
680 2631 772 2689 aenio.

65 2750 71 2759 .
162 2713 290 2785 dureque
305 2713 461 2771 damnatus
476 2715 505 2770 io
524 2721 646 2788 utroque
661 2719 757 2776 terena
772 2719 920 2779 eruoiutue

199 2800 354 2860 Preuarum
367 2818 473 2877 genera
489 2805 617 2863 sustinet
628 2807 664 2864 ad
680 2806 800 2868 eoelera.

464 2892 602 2952 CANTUS
622 2898 685 2954 XV.

162 2981 237 3043 Cum
262 2998 367 3056 magua
391 2983 523 3041 audieret
538 2986 676 3057 quoniam
691 3002 741 3045 rex
762 2986 841 3047 aolua
866 2989 988 3063 abierat,

17 3036 22 3073 ²
140 3088 145 3103 ·
199 3073 239 3129 Ae
252 3076 356 3146 preter
367 3073 485 3132 solitum
502 3075 684 3147 protraheret
698 3078 847 3149 reditum

164 3161 252 3221 Soioa
267 3178 334 3219 eum
350 3164 495 3236 requitur,
512 3164 654 3237 quodum
671 3165 797 3226 velooioe
812 3168 882 3242 itur,

201 3250 336 3309 Cernitur
351 3251 381 3309 iu
396 3253 494 3311 media
505 3270 554 3311 rex
569 3256 778 3318 oeoidiaaevia.

165 3341 251 3399 Ultor
266 3341 364 3400 adhue
379 3343 478 3400 atebut
492 3361 573 3417 grex,
588 3349 617 3402 et
632 3362 729 3420 regem
742 3347 899 3418 lacerabat,

206 3433 246 3488 iic
261 3432 287 3490 ei
302 3430 365 3506 lege
381 3431 439 3488 cibi
453 3433 494 3489 eit
510 3434 595 3490 datur
611 3433 660 3491 iile
675 3435 743 3493 eibi.

167 3521 222 3578 Sed
240 3520 372 3578 veniente
388 3537 473 3595 mago
488 3521 578 3579 ceeeit
588 3523 833 3600 porcinarorago‚

206 3615 301 3682 Atque
315 3615 405 3681 eaput
418 3610 562 3666 aoeierum
578 3611 707 3669 deseruit
721 3613 859 3673 leoerum.

170 3699 275 3756 ma
290 3699 372 3755 Touo
383 3699 448 3756 ioue
467 3700 576 3771 peceati
597 3717 698 3771 magua
711 3702 748 3760 ad
759 3721 866 3780 corpur
876 3706 996 3765 lacerati

207 3787 338 3844 Aooeeait
353 3787 451 3852 citiua,
469 3789 537 3862 quid
554 3790 660 3848 iaoeret
674 3793 791 3852 dubius.

173 3876 229 3934 Sed
241 3876 311 3947 quid
323 3875 360 3932 ad
372 3876 426 3932 boo
438 3879 555 3948 iaceret,
565 3880 719 3952 diuideret,
730 3885 857 3956 beneque
869 3887 995 3957 doieret3

207 3965 292 4021 Fleuo
309 3965 397 4039 igitur
411 3966 533 4039 gemuit,
550 3986 602 4027 neo
618 3972 731 4030 modice
746 3973 848 4032 doluit.

170 4056 204 4112 tt
222 4071 291 4112 eum
308 4054 430 4112 aeotiret
446 4055 527 4113 dolor
541 4058 587 4114 hir
599 4063 675 4132 quod
691 4061 788 4120 inania
802 4064 907 4133 abiret,

110 4168 114 4173 ·
208 4144 242 4203 Et
257 4145 335 4218 quod
351 4143 419 4203 flere
433 4162 521 4203 auum
538 4149 652 4207 eederet
666 4150 697 4208 in
711 4169 847 4224 vaouum,

170 4238 273 4294 &oum
289 4235 422 4293 dicebat:
439 4236 559 4302 Quaado
574 4245 657 4313 poter
669 4244 794 4300 Hectora
809 4242 907 4315 tiebat,

209 4325 350 4399 Nunquid
365 4324 391 4383 ei
406 4324 542 4398 lacryma
557 4329 749 4399 profuerunt?
766 4331 901 4392 Minima.

173 4416 248 4491 drgo
262 4432 330 4473 oum
346 4415 445 4474 luotua
459 4417 556 4476 aalide
571 4418 681 4479 iaceret
694 4421 752 4479 eibi
764 4424 888 4497 iruotue,

209 4505 301 4564 Corde
314 4506 433 4580 quidem
448 4506 553 4575 doluit,
565 4508 633 4567 dere
648 4515 747 4569 tameo
762 4513 870 4587 poeuit.

171 4596 214 4653 'l'u
231 4611 348 4669 quoque
361 4596 474 4670 depone
490 4598 603 4655 loetum
616 4599 708 4657 simili
724 4603 836 4661 ratione
852 4619 859 4661 :

206 4681 289 4743 Hune
303 4685 413 4743 etenim
431 4685 569 4760 lacrymis
584 4691 690 4747 amodo
705 4706 764 4749 nou
779 4693 911 4752 redimis.

170 4773 292 4831 Talibus
307 4778 437 4833 armatus
452 4776 573 4834 monitio
586 4793 691 4852 magua
705 4783 734 4837 et
749 4786 908 4856 reereatua,

209 4860 314 4919 vultua
330 4863 505 4936 composuit,
522 4870 551 4920 et
565 4864 711 4939 lacrymae
723 4872 830 4929 uouit.

171 4957 267 5024 Atque
281 4951 439 5024 reportavit
453 4967 570 5025 corpur,
585 4953 718 5029 laetoque
733 4956 847 5028 locavit,

207 5044 276 5097 Arte
290 5041 358 5098 lieet
371 5042 504 5097 membra
520 5042 621 5100 tovena
635 5044 741 5105 iacere.

173 5129 216 5187 Aa
231 5131 308 5204 quod
326 5130 466 5187 miaoetur
480 5132 675 5207 quodeunque
689 5137 785 5195 vaiere
800 5137 933 5197 videtur:

208 5219 318 5277 Suoeur
332 5218 480 5290 laureoia,
496 5220 609 5294 iioeque
624 5230 705 5283 tener
719 5226 810 5286 viola.

176 5311 402 5386 Impiebentque
415 5312 533 5371 domum
543 5314 623 5386 thur,
634 5317 777 5390 balsama,
787 5319 907 5390 nardus,
918 5336 999 5379 amo·

213 5495 253 5554 dx
268 5497 377 5571 quibua
390 5495 522 5572 ignotum
538 5497 648 5557 feceret
661 5499 838 5559 antidotum.
858 5411 964 5488 [mm

176 5584 213 5645 bt
227 5587 367 5646 membria
380 5588 495 5647 ouoetia
511 5586 660 5660 rogatibus
676 5589 745 5647 inde
756 5593 918 5665 peroretia,

1032 469 1095 535 Quo
1110 470 1298 543 deeeptorom
1310 469 1408 543 oapiat
1419 477 1533 528 menter
1548 471 1738 546 populorum,

1068 558 1206 618 Gaudere
1222 559 1359 617 fraudans
1373 576 1427 618 aue
1439 577 1498 618 nou
1513 561 1569 619 eibi
1585 563 1738 623 contiuua.

1034 651 1111 722 Rege
1126 652 1282 722 perornato
1297 664 1366 706 mox
1381 665 1462 707 more
1475 665 1531 708 auo
1540 650 1682 711 sceterata

1072 736 1193 811 Regalee
1209 736 1335 797 famulor
1349 749 1488 799 oonvoeat
1501 745 1532 797 et
1546 740 1682 814 populor,

1036 827 1118 894 Quod
1133 826 1175 884 aio
1190 826 1316 885 edatur:
1334 827 1392 885 Lux
1406 827 1467 886 beo
1483 827 1625 887 solemnia
1640 830 1770 891 hebetur

1071 916 1133 982 Oua
1147 916 1235 975 eoeioa
1251 918 1335 975 bodie
1350 933 1399 976 rer
1414 918 1609 994 petiitLpbia.

1036 1007 1204 1081 Suaeipstur
1217 1006 1298 1064 omiie
1315 1024 1363 1065 rex
1377 1008 1462 1066 nobie
1477 1010 1587 1085 quippe
1600 1011 1708 1086 tidelia,

1071 1099 1167 1170 Atque
1181 1113 1251 1154 auoa
1267 1112 1374 1170 pueroa
1388 1113 1439 1155 voe
1454 1103 1538 1156 voret
1549 1102 1584 1159 ad
1601 1118 1736 1177 superea.

1037 1184 1110 1242 Num
1126 1184 1266 1243 dilatatur
1281 1183 1349 1243 lieet
1361 1187 1426 1258 eiua
1440 1185 1479 1243 ait
1494 1186 1674 1260 dominatur,

1072 1278 1135 1332 Nou
1151 1282 1246 1332 tamen
1262 1274 1330 1333 inde
1346 1275 1445 1334 minue
1461 1279 1622 1337 uoatererit
1637 1281 1786 1341 dominor.

1037 1365 1100 1421 lmo
1114 1380 1185 1422 auoe
1198 1363 1304 1437 Lpbior
1320 1381 1378 1422 nou
1395 1369 1427 1422 ut
1440 1382 1549 1437 servor,
1565 1369 1617 1426 aed
1634 1371 1748 1430 amieo·

1073 1453 1280 1511 confirmando
1296 1458 1384 1526 teget,
1399 1459 1487 1528 atque
1503 1456 1624 1514 ioreodo
1640 1465 1733 1532 reget.

1037 1544 1090 1602 sad
1107 1542 1178 1617 quid
1193 1543 1332 1600 turbetur
1345 1558 1395 1600 oor
1408 1549 1551 1615 vestrum,
1565 1545 1637 1604 dum
1650 1550 1809 1609 meditetur

1075 1635 1110 1692 Et
1125 1650 1244 1692 oausam
1259 1633 1364 1707 quaerit
1379 1649 1432 1690 our
1446 1642 1528 1708 pater
1542 1636 1590 1696 bie
1605 1637 1719 1698 dederit

998 1736 1023 1804 p
1039 1723 1138 1781 Porcia
1152 1722 1282 1780 rodenda
1296 1738 1352 1781 rua
1367 1723 1499 1781 membra
1515 1725 1605 1783 nimie
1618 1730 1797 1801 veneranda,

1073 1814 1166 1880 Quam
1180 1828 1247 1869 caro
1262 1811 1300 1869 eit
1315 1811 1393 1883 vilia,
1409 1830 1487 1871 mora
1502 1814 1587 1873 doret
1602 1817 1664 1875 haee
1679 1819 1810 1879 humilio.

1037 1902 1102 1961 Hae
1119 1907 1150 1960 ut
1165 1907 1339 1961 monstraret
1353 1910 1381 1960 at
1398 1909 1496 1977 aperte
1512 1905 1703 1978 signiticaret,

1074 1995 1140 2065 ipea
1154 1991 1213 2064 pati
1230 1991 1333 2063 votuit,
1351 2008 1464 2066 noeque
1477 2012 1529 2069 per
1543 1994 1604 2054 hae
1621 2000 1734 2058 monuit

1038 2082 1132 2148 Quem
1149 2080 1267 2153 frugiter
1277 2081 1372 2140 aimus
1384 2108 1392 2152 ;
1405 2084 1454 2141 aed
1466 2085 1602 2157 quamvie
1613 2104 1700 2147 carae
1719 2091 1854 2164 perimor,

1076 2174 1144 2230 Poat
1158 2175 1283 2230 mortem
1299 2170 1410 2246 reliqua
1424 2190 1492 2247 epea
1507 2179 1606 2234 tamen
1621 2185 1665 2236 eat
1680 2178 1790 2254 aliqua.

1039 2261 1085 2320 Fit
1099 2261 1166 2336 quie
1179 2265 1346 2320 noatrerum
1366 2279 1446 2321 mora
1460 2263 1525 2338 ipra
1539 2266 1622 2324 reiut
1634 2269 1810 2336 animarum,

1075 2355 1111 2408 at
1124 2352 1242 2424 quaudo
1259 2351 1413 2419 morimur,
1430 2356 1501 2411 tuno
1527 2354 1680 2415 Mahumet
1703 2360 1857 2434 aequimur.

1041 2440 1097 2506 Oui
1112 2440 1294 2508 sublimabit,
1311 2447 1493 2516 ouootoaque
1509 2443 1564 2501 eibi
1578 2446 1714 2520 aooiabit,

1077 2531 1134 2598 Oui
1149 2548 1202 2590 eoa
1217 2532 1363 2604 oompiere
1374 2535 1461 2607 jurae
1475 2535 1578 2594 voluat
1592 2555 1690 2612 opere.

1040 2624 1130 2692 cuiue
1148 2622 1295 2681 mandatio
1311 2622 1373 2680 beo
1387 2625 1536 2696 addimur,
1553 2635 1584 2685 ut
1598 2630 1728 2689 eareatia

1077 2711 1200 2770 Porcina
1216 2716 1325 2769 temere
1339 2729 1390 2770 voe
1405 2711 1453 2771 lue
1468 2713 1607 2786 polluam.

1040 2800 1099 2859 Neo
1115 2810 1185 2876 puto
1199 2801 1356 2859 dicendum
1373 2819 1426 2860 our
1440 2803 1518 2861 iatud
1536 2807 1576 2863 eit
1590 2807 1757 2867 ieeieodum

1078 2896 1149 2949 Cum
1166 2908 1217 2965 per
1232 2908 1263 2950 ee
1279 2896 1377 2965 pateat
1391 2893 1460 2965 quid
1477 2894 1549 2952 satie
1564 2894 1620 2953 boe
1630 2897 1743 2956 dooeat.

1043 2985 1083 3038 Ex
1098 2981 1153 3038 boo
1168 2997 1239 3054 gena
1253 2981 1313 3054 iiia,
1330 2986 1496 3055 contempte
1512 3001 1599 3042 oarue
1610 2986 1709 3060 edilia,

1082 3070 1227 3128 Poliutum
1244 3071 1346 3144 eredit,
1362 3072 1398 3129 de
1413 3088 1472 3129 aua
1487 3073 1624 3148 quiaquia
1638 3074 1709 3136 edit.

1045 3161 1079 3218 bit
1092 3161 1161 3234 quia
1176 3176 1329 3235 porcorum
1345 3175 1416 3234 grex
1430 3178 1526 3235 regem
1542 3165 1615 3222 roait
1629 3181 1744 3238 eorum,

1080 3250 1157 3308 Fiota
1171 3249 1340 3324 superstitio
1355 3250 1433 3308 veuit
1452 3252 1489 3309 ab
1504 3251 1558 3310 hoo
1572 3254 1650 3313 odio.

1044 3342 1128 3399 Touo
1143 3357 1198 3398 aua
1211 3346 1356 3415 praerepta
1371 3343 1505 3415 gaudena
1519 3359 1623 3417 magua
1637 3360 1702 3404 erae
1716 3351 1829 3422 reoepta

1081 3431 1185 3489 iterum
1200 3436 1351 3504 gaeterum
1366 3433 1490 3490 eredidit
1504 3451 1569 3493 eaee
1583 3452 1700 3509 parum,

1046 3521 1082 3580 Ni
1097 3523 1316 3579 ooaaummaret
1330 3519 1438 3589 aeolus,
1453 3529 1480 3579 et
1495 3524 1579 3594 quaai
1594 3525 1806 3585 aanotiboeret.

1083 3609 1164 3676 Quod
1181 3607 1286 3681 plenae
1301 3609 1410 3667 scelere
1425 3612 1467 3668 aio
1478 3622 1560 3685 perat
1574 3613 1702 3674 effluere.

1344 3717 1486 3777 CANTUS
1500 3718 1572 3780 xvt.

1047 3804 1217 3864 Construxit
1232 3804 1345 3877 sanum,
1361 3807 1460 3864 iarum
1477 3826 1547 3882 non,
1563 3809 1623 3867 imo
1634 3814 1800 3887 proiauum,

1084 3894 1176 3967 Calue
1190 3912 1242 3969 pro
1258 3894 1369 3955 seribere
1384 3897 1520 3970 eoulptiie
1535 3901 1734 3960 marmoribus

1049 3984 1171 4042 Carmen
1188 3983 1359 4053 hebebatur,
1375 3986 1453 4059 quod
1470 3986 1528 4044 taio
1544 3987 1634 4046 iuiaee
1647 3994 1784 4061 putatur:

1085 4074 1138 4132 flio
1153 4074 1225 4131 bone
1240 4075 1318 4148 quod
1334 4074 1443 4147 petitur
1457 4093 1509 4148 per
1521 4077 1670 4138 idabumet
1683 4080 1809 4138 debitur.

1048 4168 1108 4222 Eae
1123 4164 1153 4220 iu
1169 4166 1317 4221 atruotura
1331 4163 1406 4220 nibil
1419 4167 1553 4224 exstabat
1566 4168 1630 4226 aiue
1640 4186 1731 4241 oura;

1083 4253 1156 4312 Tota
1169 4253 1275 4311 domus
1290 4254 1383 4327 pretio
1397 4253 1481 4313 iuiait
1494 4265 1522 4315 et
1536 4257 1664 4332 iugenio.

1046 4344 1190 4401 itermore
1205 4341 1350 4399 candebat
1365 4344 1462 4416 pariee
1477 4346 1647 4419 quiounque
1663 4349 1802 4422 patebat;

1084 4430 1185 4490 mo
1202 4430 1258 4488 Sed
1274 4446 1404 4490 marmor
1423 4435 1540 4508 parium
1554 4437 1624 4495 vieit
1636 4455 1713 4514 opua
1727 4440 1848 4510 varium,

1009 4491 1033 4559 Ῑ)
1049 4521 1160 4580 Nomai
1174 4521 1295 4579 vixiaeet
1309 4538 1383 4596 opue
1398 4529 1486 4598 atque
1501 4525 1581 4600 loqui
1597 4529 1746 4603 potuiaaet

1088 4610 1240 4669 Materiam
1254 4610 1321 4683 viri,
1340 4612 1449 4671 dioeret
1463 4614 1580 4674 artifiei.

1050 4700 1158 4758 Taliter
1173 4708 1308 4759 ornatum
1326 4701 1426 4758 ionum
1445 4703 1499 4761 iuit
1513 4714 1599 4778 atque
1614 4713 1764 4780 paratum.

1087 4789 1143 4848 sed
1160 4790 1185 4849 ei
1201 4790 1268 4864 quie
1282 4791 1385 4863 querit
1399 4797 1509 4864 quanta
1523 4794 1629 4852 domue
1645 4797 1752 4868 tuerit3

1052 4882 1123 4938 cum
1140 4877 1240 4953 prooul
1257 4879 1325 4937 bino
1340 4884 1446 4950 atatur,
1461 4898 1661 4944 moueaureoa
1671 4901 1738 4945 aare
1749 4890 1872 4962 putator,

1086 4970 1118 5026 ln
1130 4973 1244 5026 tantum
1260 4969 1348 5042 spatii
1361 4973 1491 5028 eontinet
1505 4976 1535 5029 et
1550 4975 1645 5046 pretii.

1052 5059 1122 5116 Plue
1137 5057 1287 5117 mirareris
1300 5059 1325 5116 si
1341 5060 1438 5117 iorean
1454 5063 1645 5135 egredereris,

1090 5148 1195 5222 Fuigor
1210 5148 1287 5206 anim
1305 5149 1435 5223 lapidum
1454 5155 1481 5207 te
1498 5152 1583 5210 iaoiet
1595 5155 1764 5225 stupidum.

1052 5237 1099 5295 Sio
1114 5237 1139 5295 ei
1154 5246 1288 5295 ornatum
1300 5240 1435 5312 gemmis,
1452 5257 1523 5298 auro
1537 5243 1683 5302 variatum

1089 5329 1170 5386 Siout
1185 5334 1361 5386 nocturnum
1377 5329 1476 5387 lueida
1489 5331 1575 5390 atella
1585 5335 1698 5408 poium.

1053 5417 1099 5475 sio
1113 5434 1189 5492 opue
1203 5417 1315 5476 dietum
1331 5417 1393 5476 eolo
1410 5426 1546 5495 magnete
1558 5430 1696 5497 paratum

1091 5507 1123 5565 iu
1145 5507 1241 5567 medio
1255 5511 1374 5567 steterat
1388 5509 1467 5583 quod
1481 5509 1562 5569 velut
1576 5528 1664 5573 areae
1678 5520 1755 5591 erat,

1056 5597 1116 5656 Sub
1130 5613 1189 5672 quo
1205 5602 1339 5673 portatur
1353 5596 1514 5671 itabumet,
1530 5602 1706 5680 tumuloque
1719 5605 1846 5687 toeoer.
