3802 6030
1 237 3 246 '
65 225 166 327 ,¹⁸⁶¹

339 361 387 418 Vl.
405 359 500 420 Oratio
515 361 551 419 od
565 363 662 419 ileum.

88 469 161 528 (lum
178 469 311 526 recorder
326 471 436 541 quauta
450 485 521 525 cura
536 486 602 525 sum
624 472 754 525 sectatus
770 464 911 540 paritura,

90 559 126 614 m
141 572 229 629 quem
244 557 319 614 dnra
331 557 387 612 sub
402 573 526 615 censura
539 574 618 614 murs
633 561 747 615 exercet
767 572 822 612 sua
833 555 913 626 jura,

90 650 124 702 ln
139 644 271 703 interiori
281 662 355 715 meo,
372 646 449 718 quod
465 651 511 702 est
525 651 628 719 patens
644 647 699 703 soli
715 646 784 710 Deo,

92 733 172 792 Daue
187 734 316 808 rugitum
329 735 406 792 sicut
421 735 464 793 leo
479 753 531 809 pru
546 736 672 808 peccatis
684 735 759 792 meis
768 734 834 791 ileu.

92 824 167 882 Cum
183 825 318 882 recordor
332 824 522 882 transiturum
547 842 592 881 me
607 841 658 897 per
672 825 776 880 mortis
791 823 847 878 iter
858 821 915 876 du·

791 914 880 986 [rum.

92 1005 128 1063 ut
138 1003 252 1079 quidde
268 1004 359 1061 mesit
366 1006 499 1062 futurum
513 1009 578 1078 post
588 1021 709 1061 examen
722 1002 794 1059 illud
809 1013 916 1073 purum

93 1093 199 1151 Mentis
214 1093 319 1151 anxius
332 1092 469 1163 tumultu,
483 1110 548 1166 ques
570 1093 712 1150 virtutum
732 1095 812 1149 caret
823 1088 917 1158 uultu,

91 1182 182 1240 Tristi
205 1183 302 1250 corde,
317 1182 395 1238 tristi
421 1181 503 1238 uultu
529 1196 628 1254 preces
655 1182 756 1250 laudo,
776 1194 841 1237 oum
859 1177 919 1234 slu-

725 1269 842 1345 [gultu3

95 1360 199 1420 1660
212 1358 285 1416 Cum
303 1358 433 1432 singultu
451 1374 551 1431 preces
566 1359 666 1427 tundo,
683 1359 852 1430 beregenu,
867 1371 919 1429 pe·

689 1447 882 1523 [stuatosum

95 1539 150 1598 Ore
169 1539 292 1611 loquens
317 1538 511 1595 tremebundo
541 1539 576 1595 sd
593 1542 621 1596 ts
649 1537 782 1596 olamans
799 1537 835 1594 de
850 1552 919 1611 pro·

784 1625 898 1701 [londo.

93 1719 165 1777 lesu
179 1717 307 1786 Christe,
322 1717 374 1774 Fili
387 1716 449 1786 Dei,
461 1716 721 1775 consubstantialis
733 1717 770 1787 ei,

95 1809 197 1868 resur
213 1807 308 1865 noctis
320 1813 350 1865 et
365 1807 433 1876 diei,
450 1824 560 1881 queso,
574 1808 712 1865 miserere
728 1807 796 1879 mei,

95 1898 150 1957 Per
164 1898 297 1969 parentis
322 1897 425 1969 primas
446 1913 579 1954 morsum
596 1898 696 1969 lapsus
709 1914 788 1968 sum,
801 1899 830 1953 et
852 1896 922 1952 hinc

702 1989 885 2058 [retrorsum.

95 2080 223 2135 (trevant
242 2077 327 2134 nohis
350 2077 443 2149 culpa
470 2077 592 2134 dorsum
618 2093 692 2150 quas
706 2074 922 2134 committimus

711 2166 868 2240 [asomum.

96 2258 151 2311 Per
164 2255 324 2313 secundam
339 2255 512 2328 genitricem
528 2255 626 2312 seculi
640 2253 845 2328 reparatricem

97 2346 230 2400 Veterem
255 2349 390 2402 conserte
417 2343 509 2402 vicem
532 2361 638 2418 eorpus
667 2345 769 2402 lausus
783 2342 923 2415 atquels.

684 2435 871 2507 lmentsml...

101 2521 146 2579 Sit
160 2522 227 2580 laus
241 2522 367 2592 Christo,
380 2523 419 2582 sit
442 2522 508 2581 lens
524 2523 610 2589 Petri,
626 2523 665 2579 ait
679 2523 744 2578 leue
769 2525 797 2577 et
811 2525 924 2577 eterna

521 2612 553 2684 [t.
569 2617 677 2668 eteruo
691 2609 861 2682 FleminiJ...

103 2699 158 2765 Qui
173 2715 228 2756 nos
243 2703 384 2757 tucantur
397 2700 453 2754 atri
468 2719 484 2755 a
498 2699 652 2771 suppliciis
667 2697 808 2756 barathri.

264 2786 324 2844 Vll.
342 2790 441 2846 Orott'o
455 2788 629 2845 euronotum
643 2788 769 2844 humum.

105 2877 241 2936 Osancta
254 2876 344 2949 Virgo
358 2876 523 2949 uirginuml
541 2894 605 2950 qua
622 2876 749 2950 genuisti
766 2874 924 2932 Dominum

103 2967 361 3040 'triumphatorem
376 2966 483 3037 zabuli,
499 2972 693 3040 reparatorem
708 2964 819 3030 seculi,

104 3055 166 3131 llgo
181 3061 315 3130 peccetur
330 3057 454 3114 nimium
470 3074 487 3113 e
501 3061 529 3113 te
545 3062 610 3130 peto
626 3056 788 3114 remedium
801 3072 808 3123 ;

105 3146 173 3204 Esto
188 3149 311 3218 patrone
326 3147 484 3215 miseruut
500 3145 590 3215 salus,
605 3149 634 3202 et
648 3146 789 3204 defensio.

107 3234 927 3309 lnonmhunthustesundique‚murtunqnerentcsanimes,

106 3323 239 3383 Perversl
253 3324 324 3383 loris
337 3325 482 3390 homines,
498 3325 579 3382 intus
595 3324 715 3399 maligui
726 3327 892 3392 damones;

106 3413 170 3470 lam
186 3412 260 3470 mihi
281 3414 373 3469 multe
389 3412 509 3470 vulnera
522 3415 634 3470 inllicta
651 3421 731 3484 sunt,
747 3433 764 3471 o
790 3412 926 3470 bomiual

108 3501 177 3567 One
189 3502 245 3559 nisi
265 3507 295 3558 tu
311 3504 457 3560 curaveris
472 3507 542 3560 sunt
557 3505 628 3560 mihi
640 3505 865 3572 causaluneris;

108 3590 250 3649 consensi
265 3592 457 3649 suadentibus
473 3592 595 3649 mortale
606 3595 717 3651 crimen
729 3593 874 3663 hostibus,

109 3680 143 3737 ut
157 3681 194 3737 uh
209 3681 263 3738 huc
279 3695 345 3737 reus
360 3685 471 3750 teneor,
486 3681 602 3755 culpam
619 3698 712 3740 meam
727 3683 882 3741 confiteor:

108 3769 183 3824 Nam
199 3768 325 3839 quinque
340 3785 446 3826 sensus
461 3771 590 3844 corporis
605 3771 697 3829 ellecti
709 3780 796 3845 porta
811 3773 867 3829 ori·

739 3861 858 3935 [minist

107 3943 237 4003 Pulchre
249 3946 375 4005 videndo
390 3949 522 4023 cupiens,
549 3952 612 4009 lene
632 3952 778 4024 tangendo
793 3950 929 4023 diligens,

107 4034 214 4094 Audivi
228 4033 324 4093 libens
338 4037 447 4109 turpis,
463 4040 715 4113 narrarigaudens
725 4037 837 4110 frivola,

107 4122 199 4184 Neres
213 4123 320 4198 repleri
334 4126 440 4198 sapius
454 4126 560 4184 illicitis
574 4127 722 4194 odoribus.

30 4224 36 4233 ·
108 4214 167 4273 Ean
183 4220 314 4288 potuque
331 4215 460 4273 dulcium
478 4234 544 4274 aum
560 4217 720 4275 delectatus
736 4218 877 4286 nimium;

109 4302 227 4361 Peccaui
240 4321 292 4378 per
301 4305 511 4377 superbiam,et
525 4322 576 4379 per
589 4307 704 4363 inanem
716 4306 850 4380 gloriam,

108 4391 242 4450 Pollulns
257 4410 323 4450 sum
340 4395 478 4467 perjurio,
491 4399 707 4453 contaminatus
721 4397 790 4464 otio,

618 224 799 288 MARBODI
820 222 1069 287 ausonensis
1089 220 1272 285 EPISCOPI

1735 220 1796 281 {Gi

925 358 1057 433 Misera
1071 379 1156 432 tuum
1171 374 1266 430 filiurn
1282 378 1315 430 nt
1329 373 1401 441 mibi
1419 373 1467 430 det
1484 371 1666 430 remedium
1680 387 1689 437 3

969 465 1008 523 llx
1022 471 1075 522 tua
1088 480 1175 524 carne
1186 463 1303 538 genitus
1319 462 1426 521 lavabit
1439 461 1500 520 tuis
1517 461 1685 535 precibus,

968 556 1003 613 ut
1018 554 1103 610 matri
1118 570 1183 626 que
1199 569 1230 609 se
1246 552 1358 624 peperit
1374 566 1478 622 negare
1495 547 1577 607 nihil
1598 549 1730 623 poterit.

971 643 1023 701 Per
1035 644 1099 715 elus
1110 639 1288 710 natalitium,
1302 656 1352 712 per
1365 638 1459 713 ipsius
1470 639 1649 712 jejunium,

970 737 1022 790 Per
1035 748 1154 806 asperas
1165 730 1301 802 iniurias,
1316 729 1440 801 bugella,
1454 737 1555 802 sputu,
1575 728 1702 800 alapae,

971 823 1047 890 Quas
1062 825 1165 893 sponte
1179 837 1233 878 sua
1254 818 1376 893 pertulit
1390 819 1440 891 qui
1461 834 1494 876 se
1511 835 1567 892 pru
1583 818 1679 874 nobie
1699 817 1796 875 obtulit

971 913 1006 969 ut
1019 926 1071 984 per
1080 915 1191 966 vestem
1206 909 1383 976 coccineum,
1399 913 1428 965 et
1440 925 1491 981 per
1501 923 1657 964 coronam
1669 907 1796 980 epiueeu

972 1005 1026 1057 Per
1040 999 1150 1066 clauos,
1161 1015 1212 1071 per
1228 996 1454 1070 patibulum‚per
1469 997 1634 1054 cicatrices
1648 997 1796 1054 vuluerun

973 1095 1027 1147 Per
1041 1092 1207 1162 aperturam
1223 1086 1335 1154 lateris,
1352 1102 1404 1159 par
1427 1086 1523 1143 riuum
1538 1085 1627 1143 sacri
1647 1086 1796 1159 sanguinis

973 1184 1026 1236 Per
1040 1182 1172 1236 sanctam
1194 1176 1415 1242 eucharistiam,
1445 1181 1472 1231 et
1488 1191 1543 1248 per
1573 1174 1729 1248 baptismi
1752 1191 1796 1247 grr

1656 1265 1756 1339 [tiam‚

974 1360 1028 1417 l’er
1042 1355 1302 1415 sacramentaildei
1318 1371 1406 1428 quam
1421 1355 1509 1412 corde
1524 1356 1663 1413 credens
1678 1354 1778 1421 didici,

975 1447 1102 1521 imploro
1116 1452 1156 1516 te,
1172 1444 1316 1519 piissima,
1333 1460 1384 1516 pro
1399 1444 1594 1515 impetranda
1610 1444 1702 1500 venie

974 1540 1011 1597 Ut
1023 1536 1093 1595 mihi
1108 1535 1217 1592 Christi
1234 1535 1327 1608 passio
1342 1534 1495 1607 culperum
1508 1533 1548 1589 sit
1561 1533 1725 1602 remissio,

974 1629 1010 1684 ut
1022 1628 1087 1698 ejus
1102 1624 1278 1682 resurrectio
1294 1621 1435 1677 virtulum
1454 1622 1684 1695 augmentatio.
1712 1624 1796 1679 Amen

1135 1713 1211 1770 vlit.
1228 1713 1320 1770 Orolt'u
1335 1711 1371 1767 ad
1384 1716 1505 1767 matrem
1521 1713 1655 1768 Domini.

976 1806 1016 1878 (l)
1031 1802 1121 1860 Stella
1137 1801 1238 1870 maris,
1254 1817 1317 1874 que
1334 1800 1397 1858 sula
1411 1801 1489 1873 paris
1506 1800 1574 1857 sine
1587 1802 1721 1874 conjuge

1565 1890 1716 1965 [prolem

975 1983 1101 2042 iustitie
1117 1981 1229 2039 clarum
1241 1979 1351 2053 speclea
1366 1980 1573 2051 superomnia
1590 1979 1711 2047 solem:

976 2075 1099 2133 Gemme
1111 2074 1228 2137 decens,
1245 2086 1311 2127 ruse
1326 2074 1394 2126 neta
1418 2085 1519 2126 recens
1540 2070 1680 2142 perlecta
1699 2069 1795 2126 decore

977 2162 1081 2223 1500
1097 2160 1182 2218 lllella
1196 2160 1275 2217 cavis
1287 2158 1403 2216 incluse
1417 2157 1490 2215 lavis
1507 2161 1627 2214 mislata
1643 2174 1760 2230 sapore,

977 2251 1168 2310 omnimodus
1182 2254 1252 2306 tuus
1268 2249 1365 2306 almus
1380 2247 1509 2320 udos(l’)
1527 2246 1677 2320 precellit
1697 2248 1796 2311 odores

977 2344 1141 2415 Exsuperat
1156 2356 1230 2414 quos
1245 2355 1294 2395 ver
1306 2344 1416 2395 reseret
1430 2341 1482 2394 tue
1496 2338 1598 2410 gretie
1613 2336 1716 2394 liores.

978 2437 1141 2509 Corporeus
1154 2437 1193 2504 te,
1209 2436 1300 2501 caste,
1316 2431 1394 2489 Deus
1408 2434 1568 2502 conceptus
1583 2431 1729 2497 inundat,

979 2526 1118 2584 Esuriens
1135 2539 1240 2596 passus
1256 2521 1384 2579 moriens
1397 2538 1450 2577 uos
1465 2520 1593 2578 crimine
1611 2522 1750 2577 mundet.

980 2619 1016 2676 Ut
1031 2617 1155 2674 miserus
1170 2613 1268 2671 trabat
1282 2614 1318 2669 nd
1328 2629 1449 2685 superus
1460 2612 1540 2668 veuit
1555 2610 1642 2668 altus
1653 2612 1690 2667 ed
1705 2612 1772 2676 ima,

980 2703 1106 2777 Eripitur
1121 2703 1192 2758 dum
1205 2717 1286 2757 mors
1303 2701 1427 2756 moritur
1440 2698 1599 2772 plasmatio
1617 2701 1733 2772 prima:

980 2793 1128 2851 Eximium
1145 2791 1200 2847 luit
1214 2790 1268 2846 hoc
1284 2790 1410 2845 nimium
1427 2788 1490 2857 tihi,
1501 2793 1609 2844 sancta
1619 2789 1733 2862 virago,

980 2881 1150 2952 virgineum
1167 2879 1244 2952 qnod
1257 2895 1309 2951 per
1323 2878 1466 2950 gremium
1477 2877 1574 2933 Patris
1588 2878 1762 2950 exitimagn.

980 2971 1141 3046 Amplexus
1156 2967 1230 3026 solet
1244 2968 1291 3025 hic
1311 2984 1399 3025 sexus
1409 2967 1516 3024 sentire
1532 2967 1705 3038 pudendos,

941 3101 964 3170 c
982 3064 1018 3123 Ut
1033 3061 1153 3135 paribus
1167 3061 1203 3117 de
1216 3059 1380 3115 seminibus
1393 3062 1480 3132 queat
1494 3058 1581 3114 cdere
1597 3056 1724 3116 flendos.

983 3153 1027 3209 'l'u
1042 3166 1110 3207 vero
1125 3164 1279 3222 pregnans
1290 3152 1385 3216 utero,
1397 3162 1577 3218 sumensque
1588 3147 1735 3219 pudorem

984 3240 1121 3298 Producie
1139 3238 1296 3295 Dominum
1313 3236 1398 3304 lucis,
1414 3236 1539 3307 viteque
1550 3234 1700 3294 datorem.

983 3327 1108 3386 Luciferi
1124 3331 1215 3384 mater
1231 3328 1325 3400 pueri,
1341 3332 1369 3383 te
1385 3325 1648 3390 manducadum,

982 3425 1021 3476 're
1035 3419 1182 3492 precibus,
1198 3422 1226 3473 te
1241 3417 1423 3474 carminibus
1437 3415 1560 3471 devotus
1578 3414 1724 3484 bonoret;

984 3511 1053 3565 Post
1067 3507 1236 3577 Dominum,
1253 3513 1283 3560 lu
1300 3521 1368 3576 spes
1383 3504 1549 3570 hominum,
1566 3518 1627 3575 quo
1643 3504 1759 3561 conscia

1626 3592 1756 3668 [mordet

983 3693 1065 3747 hiens
1080 3685 1284 3756 ecclesiaque
1301 3682 1482 3758 perveneris
1497 3683 1638 3754 conlegia
1654 3684 1761 3752 sordet,

983 3775 1166 3850 Supplicium
1183 3779 1250 3847 post
1259 3772 1406 3845 judicium
1422 3777 1571 3828 removeto
1587 3771 1745 3845 gehenne,

983 3865 1098 3940 Elysios
1111 3863 1243 3921 babitare
1258 3863 1323 3935 pius
1339 3862 1464 3918 concede
1479 3876 1621 3933 perenne.

1171 3955 1223 4010 lx.
1239 3953 1276 4010 lle
1290 3951 1433 4008 duodecim
1447 3949 1630 4022 patriurchis.

984 4044 1142 4102 Goulessur
1154 4042 1198 4100 vet
1212 4042 1279 4099 leus
1295 4046 1354 4098 stet
1368 4042 1482 4114 primus
1496 4041 1526 4096 in
1543 4041 1651 4097 ordine
1666 4042 1770 4099 Judas.

985 4137 1154 4193 cernentem
1167 4136 1267 4189 uatum
1279 4133 1380 4188 Ruben
1396 4130 1522 4188 vocitato
1537 4131 1722 4203 secundum,

984 4223 1100 4280 'l'ertins
1115 4222 1264 4279 accinctus
1279 4220 1340 4278 Gad
1355 4218 1398 4276 vel
1414 4219 1535 4276 tentatio
1550 4220 1664 4288 dictus,

986 4315 1111 4381 Quartus
1128 4318 1200 4368 Aser
1214 4312 1300 4382 cujus
1313 4326 1418 4366 nomen
1431 4313 1516 4366 sonat
1532 4309 1598 4382 ipse
1613 4311 1733 4380 beatus,

985 4402 1150 4474 Naphtalim
1162 4406 1262 4458 natum
1274 4400 1414 4456 debemus
1431 4414 1538 4470 ponere
1552 4400 1711 4470 quintum,

108 4485 165 4541 Per
180 4483 313 4555 iniquum
326 4484 512 4541 mendacium
528 4486 615 4542 letatii
632 4487 730 4561 [sepe]
753 4487 929 4558 proximum,
945 4468 969 4534 Ῑ)
984 4495 1133 4548 Manaseee
1148 4495 1247 4547 sextus
1263 4489 1368 4546 oblivio
1383 4489 1443 4545 sive
1458 4493 1590 4554 coactus,

111 4572 145 4630 at
157 4572 194 4631 de
205 4574 316 4647 rapinis
332 4591 494 4648 pauperum
511 4575 612 4647 collegi
629 4576 742 4633 lucrum
754 4577 930 4649 pesalmum;

110 4665 162 4722 Ire
176 4662 220 4720 vel
236 4666 363 4722 avaritias
377 4667 481 4724 servivi
496 4668 580 4737 quasi
595 4668 719 4724 dominas
737 4684 744 4735 ;

22 4776 26 4784 ·
112 4753 146 4810 lu
160 4769 281 4826 corpore
294 4755 338 4812 vel
354 4756 453 4813 anima
467 4756 600 4813 commisi
615 4761 722 4813 cuncta
736 4757 856 4824 scalere,

111 4839 184 4898 Nam
200 4856 306 4913 corpus
322 4843 400 4915 qnod
415 4860 472 4900 nun
487 4845 592 4918 potuit,
609 4859 691 4900 mens
703 4848 869 4917 perpetrare
882 4853 933 4893 vo·

111 5027 157 5081 hle
171 5023 269 5094 turpis
283 5026 432 5096 cogitetio,
446 5041 492 5082 me
507 5025 648 5098 pestilens
662 5023 781 5089 locutio,
803 4933 878 5007 [lum

110 5106 376 5178 Meculpadamnet
390 5127 571 5182 operum‚me
580 5112 716 5185 nequitae
729 5111 913 5168 consciorum
925 5128 932 5178 ;

110 5197 177 5255 Bac
191 5197 246 5254 tibi
262 5214 339 5256 nuno
353 5200 522 5268 confluens
536 5202 651 5259 cunctis
665 5200 775 5258 sanctie
787 5199 931 5257 sanctiori

112 5284 156 5343 'l'u
171 5301 291 5345 causam
307 5303 401 5345 mecm
418 5288 578 5362 suscipe,tu
595 5289 822 5364 dignumpceuis
837 5289 934 5362 eripe;

151 5476 190 5548 (1)
205 5476 281 5535 Note
303 5475 351 5533 hic
377 5480 506 5532 erectam
528 5475 657 5548 rhythmi
679 5480 883 5553 repetitionem
905 5479 934 5534 in

115 5544 209 5618 tuitio,
226 5547 332 5617 medic,
348 5551 377 5603 et
392 5548 450 5603 line
464 5561 613 5606 versuum.

984 4581 1131 4654 Septimus
1146 4585 1191 4636 est
1206 4579 1320 4651 positus
1334 4579 1452 4635 Simeon
1470 4576 1616 4636 habitatio
1633 4579 1749 4651 dictus,

986 4669 1084 4727 Octavi
1100 4685 1205 4725 nomen
1220 4668 1285 4725 Levi
1297 4672 1382 4724 sonet
1397 4667 1597 4724 additionem:

986 4759 1122 4818 issachar
1133 4763 1178 4815 est
1192 4773 1311 4826 meroes,
1335 4773 1421 4828 quern
1438 4772 1550 4812 nonum
1576 4773 1694 4829 ponere
1710 4761 1794 4819 debes

987 4850 1029 4907 sit
1043 4848 1168 4907 Zabulon
1188 4848 1330 4913 decimus,
1355 4843 1554 4902 habiteoulum
1581 4846 1662 4906 torte
1676 4859 1793 4908 vocatus

986 4939 1095 5012 loseph
1112 4939 1295 5008 undecimus,
1311 4937 1460 5010 augmenti
1476 4939 1747 5015 nominadignus;

987 5033 1099 5087 Dextro
1116 5027 1194 5084 lilius
1205 5031 1250 5085 est
1264 5026 1425 5098 Beniamin,
1440 5030 1470 5081 et
1483 5024 1674 5088 ultimushic
1688 5041 1745 5090 est.

1179 5117 1215 5174 X.
1231 5117 1354 5188 Hymnus
1366 5115 1399 5171 de
1411 5113 1610 5172 sacerdotibus.

990 5208 1063 5264 llum
1080 5205 1264 5263 sacerdotum
1280 5203 1430 5262 celebrant
1445 5201 1548 5260 fideles

991 5295 1075 5355 Festa
1090 5293 1213 5352 solemni
1225 5294 1389 5350 venerenda
1403 5293 1498 5359 uultu,

992 5481 1073 5610 og)
1094 5481 1126 5537 F.
1148 5478 1264 5538 liuentia
1292 5479 1328 5535 ad
1349 5477 1530 5553 rhythmum,
1551 5494 1606 5537 seu
1633 5498 1746 5543 sonum
1769 5501 1796 5560 pr
