3802 6030
610 186 764 255 mesos
784 190 835 253 on
859 186 1060 255 ommam
1080 176 1220 258 msam

462 325 580 387 Lucida
595 326 749 388 coelorum
765 325 896 406 spiritus
909 333 996 389 astra
1010 328 1100 408 petit.

420 407 556 486 Spiritus
570 412 656 468 astra
671 407 758 486 petit,
777 407 874 468 lelicis
889 408 1005 488 gaudia
1019 409 1091 469 vilae

461 487 608 549 Conferat
622 487 732 550 aeterni
747 489 849 566 gratia
864 499 972 549 sancta
988 489 1054 552 Dei.

117 569 183 650 (aa)
199 572 228 631 Is
243 572 312 630 erat
324 571 439 630 Petrus
452 568 605 630 Paillardi
622 566 797 629 monachus
814 569 942 647 Maioris
952 570 1146 644 Monasterii,
1164 588 1284 650 suppar
1299 571 1485 635 Hildeberti.

76 653 152 714 iiaec
164 652 203 711 de
217 648 323 711 oldcio
339 648 441 710 missae
456 667 514 729 per
528 648 744 711 Hildebertum
761 649 943 730 episcopum
960 651 1240 713 cenomanensem.

75 731 114 793 Ia
129 736 225 795 altero
238 729 368 812 ejusdem
382 728 559 792 monasterii
574 749 627 791 ms.
645 750 727 792 nam.
746 732 815 804 ibi,
831 729 910 792 deest
924 731 1039 803 titulus,
1054 731 1106 793 sed
1117 731 1183 811 eJ'us
1198 734 1260 794 loco
1275 730 1308 792 iti
1321 751 1424 795 uersae
1437 733 1586 798 latentur
1600 755 1613 800 .-

827 838 1033 901 apotecis.

402 949 478 1009 Cum
496 954 525 1008 te
539 951 638 1018 veter,
654 946 764 1018 lector,
781 963 853 1007 cum
869 952 900 1007 te
915 965 1016 1008 nonus
1030 946 1171 1026 implicet
1186 964 1284 1023 error,

401 1027 548 1098 Obsecro,
566 1027 644 1088 dans
658 1026 782 1088 veniam
799 1026 957 1106 scriptori,
974 1026 1087 1106 colligo
1102 1044 1242 1092 causam.

401 1108 525 1170 Tollere
541 1125 611 1187 qnae
628 1106 728 1187 potui,
746 1107 911 1169 mendacin
925 1107 1017 1188 plura
1031 1107 1156 1187 reliqui.
1367 1155 1373 1165 .

403 1192 484 1250 Dum
500 1188 612 1250 studeo
628 1187 777 1262 sterilem,
795 1205 920 1250 cursum
939 1186 975 1269 [t.
992 1187 1122 1263 cursim]
1136 1188 1271 1251 transire
1285 1189 1441 1264 laborem,

404 1269 524 1348 Pagina
538 1268 625 1330 nulla
641 1270 726 1348 capit
740 1274 819 1348 quot
832 1269 896 1331 sint
911 1270 995 1331 mola
1008 1287 1079 1348 quae
1094 1287 1206 1331 manus
1220 1270 1320 1343 auxit,

404 1353 483 1411 Dum
500 1350 624 1429 loquor,
642 1355 698 1411 aut
711 1349 803 1429 nugis
818 1350 928 1412 oculus
943 1355 1046 1424 vacat,
1062 1355 1118 1412 aut
1133 1355 1221 1431 patet
1234 1352 1330 1414 auris.

404 1430 548 1492 Proderit
563 1430 602 1491 ad
618 1430 741 1492 reniam
757 1431 863 1492 forsan
878 1448 1068 1510 cognoscere
1084 1431 1222 1511 culpam.

404 1510 566 1572 Excedunt
581 1529 759 1585 numerum,
773 1511 868 1573 latuit
882 1513 1034 1574 eorrectio
1050 1531 1182 1592 qnorum

403 1593 440 1652 ut
456 1609 540 1652 nunc
555 1610 655 1671 usque
670 1591 780 1667 latent,
799 1592 943 1671 quamvis
957 1593 1089 1672 quesita
1104 1593 1247 1655 luissent.

404 1671 493 1734 Unde
532 1690 631 1744 recor,
650 1672 763 1734 misero
778 1672 922 1751 scriptori
937 1690 1032 1753 parce
1047 1679 1169 1744 coacto,

403 1755 444 1815 Ut
460 1691 592 1814 meiiora
606 1751 716 1814 nolens
729 1753 846 1815 iaceret
860 1759 925 1815 tem
942 1754 1066 1834 perdita
1079 1752 1201 1816 nolens.

406 1834 535 1894 Talibus
550 1832 676 1902 auditis,
693 1832 720 1894 si
734 1833 984 1896 condescendere
999 1852 1063 1896 non
1078 1835 1136 1908 via,

405 1917 610 1994 incertusque
625 1914 702 1975 mibi
717 1914 916 1988 benedicere,
932 1915 1078 1995 primitus
1093 1914 1178 1976 audi.

402 1996 554 2076 Denique,
573 1998 676 2056 Davus
691 2013 762 2074 ego,
782 2000 828 2072 tu,
845 1995 871 2057 ai
886 2002 987 2076 potes,
1002 1995 1140 2075 OEdipus
1155 2000 1234 2059 esto.

679 2192 813 2281 VEN.
845 2192 1188 2282 HILDEBER'II

843 2318 1018 2388 VERSUS

440 2443 554 2550 on
596 2440 1077 2551 mesenatae
1116 2410 1448 2554 misam.

81 2635 215 2693 Scribere
229 2637 367 2711 proposui
383 2636 451 2708 quid
468 2634 591 2709 mystica
605 2649 690 2691 saera
710 2632 841 2705 priorum
920 2633 948 2700 Α
998 2632 1070 2690 Ortu
1085 2637 1196 2692 secreto
1212 2634 1268 2710 (et)
1281 2635 1361 2693 venit
1375 2636 1412 2692 ad
1428 2634 1488 2692 ime
1500 2639 1589 2692 Deus.

119 2724 210 2784 Missa
225 2731 425 2800 representet,
441 2726 546 2798 quidve
561 2723 695 2780 minister
709 2727 786 2795 agat.
961 2724 1101 2782 Vestibus
1114 2722 1163 2782 illa
1178 2725 1271 2783 enoria
1286 2725 1430 2800 tetigitur,
1446 2725 1518 2782 texit
1532 2739 1600 2780 caro
1610 2723 1749 2792 Verbum,

88 2812 143 2871 Pro
159 2814 260 2873 multis
276 2833 344 2881 una,
360 2832 413 2888 pro
428 2813 558 2887 quotidie
573 2811 703 2885 repetitis
996 2816 1069 2871 Tota
1082 2829 1185 2871 carena
1200 2814 1329 2883 macula,
1344 2818 1407 2872 tota
1423 2818 1538 2872 sacrata
1555 2814 1625 2871 Deo.

119 2906 172 2963 bat
185 2906 283 2964 oblata
298 2906 390 2964 semel
406 2905 502 2962 boetia
518 2921 584 2962 rere
598 2904 677 2960 Deus
691 2904 711 2960 ¹.
963 2904 1063 2960 mi
1079 2904 1129 2961 tlte
1144 2909 1226 2962 state
1236 2904 1557 2978 dextris,quiaquaaiit
1572 2907 1674 2961 auctor
1684 2903 1787 2962 inanes

83 2994 271 3054 involucrum
287 2996 362 3070 legis
380 2996 514 3053 Christus
534 2993 681 3068 patefecit,
697 3006 838 3064 ovemque
997 2993 1152 3051 Exonerata
1167 2995 1334 3068 denegans,
1349 2994 1548 3069 quasidextra
1564 2993 1630 3050 luit.

117 3085 346 3160 significativam
362 3101 427 3142 vera
444 3083 566 3141 removit
581 3083 653 3140 ovis.
1193 3085 1229 3140 lle
1244 3083 1342 3141 Gloria
1367 3083 1397 3139 in
1424 3082 1553 3140 excelsis.

83 3174 237 3250 Presbyter
251 3175 328 3232 bano
343 3173 436 3240 cllert,
453 3177 481 3230 et
493 3172 522 3228 in
538 3172 592 3228 hac
602 3186 717 3228 cessare
733 3170 854 3242 figuras,
961 3172 1130 3246 angelicum
1143 3175 1209 3245 post
1220 3173 1281 3229 bac
1291 3172 1415 3229 sacrifex
1422 3172 1505 3228 Pater
1515 3169 1617 3241 incipit
1628 3169 1785 3245 hymnum,
1813 3176 1818 3187 ’
1872 3210 1879 3223 .

118 3263 248 3337 ilcmquo
264 3264 425 3337 figurarum
449 3261 623 3318 testificatur
637 3260 693 3332 agl.
997 3264 1159 3335 lncoeptum
1174 3259 1300 3334 complet
1316 3260 1501 3318 vociferando
1521 3259 1638 3316 chorus.

80 3353 130 3410 sic
141 3351 249 3408 etenim
268 3352 381 3424 templi,
398 3351 440 3408 sic
455 3359 481 3408 et
498 3349 594 3407 erucis
609 3347 746 3421 exprimit
761 3364 855 3416 eram,
961 3350 1108 3425 Incipiens
1124 3355 1267 3409 memorat
1281 3366 1344 3424 que
1358 3348 1514 3407 salvatoris
1528 3350 1558 3405 in
1581 3353 1657 3418 ortu,

120 3441 157 3500 Ut
169 3459 254 3500 sacre
268 3447 475 3500 commemoret
495 3441 586 3508 illius,
601 3441 691 3511 hujus
707 3442 784 3512 agat.
996 3440 1109 3498 Gaudia
1123 3444 1255 3513 pastores
1270 3439 1395 3515 angelus
1409 3439 1534 3498 edocuit.

83 3534 158 3606 lirgo
173 3533 243 3606 quid
260 3533 289 3589 in
306 3534 397 3590 missa
412 3532 455 3590 vel
471 3537 587 3604 agatur,
604 3530 647 3587 rel
664 3534 844 3588 memoretur
959 3531 1080 3590 Cantica
1107 3547 1173 3605 que
1197 3530 1356 3603 posthunc
1370 3530 1469 3604 superi
1483 3528 1625 3599 cecinere,
1640 3530 1782 3586 msenaet.
1864 3584 1867 3589 .

119 3623 188 3689 Qua
203 3623 312 3696 quibus
327 3622 490 3692 assimiles,
506 3623 561 3680 sub
584 3621 726 3679 brevitate
739 3637 854 3679 onnam.
995 3622 1101 3689 titonia,
1117 3636 1206 3692 quam
1221 3620 1348 3694 complet
1361 3618 1545 3677 vociferando
1561 3618 1678 3678 chorus.

348 3718 389 3770 De
404 3714 524 3770 introita
548 3714 650 3771 missae.
1111 3731 1113 3735 ⁴
1274 3714 1314 3767 De
1325 3708 1470 3766 Oratione.

81 3801 182 3859 'l'urba
195 3802 404 3875 prophetarum
419 3800 534 3858 venturi
549 3800 650 3858 nuntia
665 3799 784 3870 Christi,
959 3803 1031 3858 ilinc
1046 3802 1102 3877 (96)
1118 3804 1264 3871 oraturus,
1280 3799 1352 3859 alios
1368 3800 1502 3858 bortatur
1517 3803 1549 3856 ut
1562 3802 1657 3871 orout,

121 3889 294 3962 Mysterium
310 3892 403 3948 lemur
414 3888 605 3964 proripuisse
619 3888 726 3947 crucis.
994 3889 1154 3965 Discipulis
1168 3888 1303 3948 Christus
1314 3889 1417 3962 lussit,
1433 3892 1462 3946 et
1475 3887 1535 3962 egit
1549 3887 1627 3945 idem
1652 3903 1660 3944 ε

81 3979 166 4037 iiuno
177 3979 341 4048 desideriis,
357 3980 437 4036 hunc
454 3979 604 4050 laudibus,
620 3978 699 4034 bunc
715 3991 799 4050 prece
813 3975 908 4034 multa
921 4009 945 4076 Β
960 3982 1033 4039 Nam
1049 3979 1153 4038 turbas
1167 3978 1198 4037 ln
1213 3986 1312 4037 monte
1327 3979 1446 4047 docens,
1462 3976 1568 4048 oravit,
1585 3981 1613 4034 et
1627 3976 1702 4050 ipsis

118 4070 348 4142 Prasuspiravit,
365 4069 479 4140 extulit,
491 4068 619 4141 expetiit.
994 4070 1104 4128 Orandi
1118 4070 1243 4128 lormam
1260 4068 1399 4128 iratribus
1415 4067 1545 4126 instituit
1564 4068 1584 4123 ¹.

81 4159 149 4217 Hac
163 4160 220 4216 tria
234 4167 455 4225 commemorat,
472 4158 622 4231 similique
637 4156 693 4213 sub
706 4155 807 4213 ordina
822 4155 904 4229 ponit
1276 4159 1314 4216 lle
1333 4157 1468 4231 Epistola.

119 4248 261 4306 Introitus
277 4248 385 4316 missa,
399 4265 487 4321 quem
504 4248 612 4305 chorus
625 4252 692 4303 ente
706 4245 796 4305 canit.
961 4249 1057 4307 Lectio
1072 4266 1136 4323 que
1152 4248 1295 4322 sequitur,
1310 4248 1475 4305 doctrinam
1491 4245 1586 4317 signat
1602 4260 1714 4313 eorum,

77 4338 156 4394 Ante
170 4342 360 4394 recensentur
374 4336 514 4408 suspirie,
531 4340 632 4409 postea
649 4333 760 4404 leudes,
996 4339 1052 4407 Qut
1066 4343 1138 4398 aunt
1152 4338 1296 4412 premissi
1311 4335 1498 4410 septuaginta
1512 4335 1571 4390 duo
1585 4333 1607 4388 ⁸.

119 4426 190 4483 lude
219 4442 330 4499 preces,
350 4425 378 4481 in
396 4442 454 4498 quo
482 4441 605 4498 queque
634 4427 782 4491 notentur,
802 4422 904 4483 babes.
1273 4427 1311 4484 lle
1326 4425 1471 4482 Grndaali.

79 4515 223 4590 Exprimit
237 4514 366 4572 officium
382 4515 522 4588 suspiria,
538 4514 643 4588 gloria,
659 4513 783 4584 laudm,
961 4517 1081 4577 illorum
1096 4516 1227 4584 monitis,
1243 4517 1316 4573 dum
1332 4513 1518 4587 responsoria
1547 4515 1658 4579 cantat,

118 4606 202 4681 Kyrie
219 4605 338 4679 eleyson
354 4611 402 4663 ter
414 4605 562 4679 triplicata
578 4621 691 4677 preces.
997 4608 1103 4665 ddecet
1118 4621 1274 4664 assensum
1289 4602 1475 4663 retribuisse
1490 4601 1610 4659 chorus.

244 4696 281 4752 lle
293 4695 413 4752 adventa
426 4696 579 4753 sacerdotis
593 4695 628 4750 od
642 4695 742 4752 altore.
1277 4694 1314 4751 lle
1332 4689 1467 4750 Alleluia.

79 4787 196 4844 Interea
209 4784 329 4841 veniens
344 4784 374 4841 in
392 4801 476 4841 sacra
490 4788 569 4841 veste
583 4785 732 4854 sacerdos,
961 4784 1085 4845 Alleluia
1100 4800 1227 4858 sequens
1241 4788 1458 4856 memoratque
1472 4780 1566 4857 gloria
1578 4780 1696 4852 mentis,

118 4876 225 4935 biteris
239 4877 382 4948 dextram,
394 4876 471 4933 dona
486 4876 619 4947 daturus,
634 4876 705 4936 adit.
998 4877 1089 4944 Quam
1105 4875 1154 4949 pie
1168 4873 1234 4934 lsua
1249 4875 1309 4933 orie
1323 4874 1364 4932 sit
1378 4871 1517 4932 comitata
1530 4871 1630 4929 fldem.

79 4967 164 5028 illius
179 4967 333 5035 adrentus,
351 4965 470 5038 quibus,
487 4967 629 5038 eludes,
647 4965 747 5023 reuisit
1274 4965 1313 5023 lle
1325 4963 1485 5037 danmatio.

117 5058 157 5117 'l'c
171 5063 240 5117 tuus
255 5057 441 5125 Emmanuel,
457 5063 591 5130 tempora
606 5056 693 5130 plene
707 5060 798 5115 notat.
964 5056 1032 5113 lnde
1047 5054 1234 5113 sinistrorum
1247 5052 1365 5112 Domini
1380 5069 1462 5112 sacra
1474 5051 1563 5111 verba
1581 5049 1740 5125 leguntur:

79 5149 196 5205 Secreta
210 5146 355 5218 siquidem
371 5146 503 5218 procedit
517 5146 553 5201 ab
568 5146 629 5203 ade
644 5145 789 5216 minister,
998 5144 1083 5204 Plebs
1096 5145 1152 5219 (97)
1168 5142 1288 5203 baculos
1303 5145 1393 5218 ponit,
1412 5146 1484 5216 stat,
1498 5143 1662 5216 retegitque
1686 5145 1786 5216 eaput.

126 5292 162 5348 95
189 5293 268 5360 liba,
284 5290 351 5347 Orto
360 5297 472 5345 semeio.
489 5287 546 5345 alit
561 5305 645 5356 msa,
663 5289 744 5346 Ortus
758 5293 870 5346 secreto.
964 5286 1060 5344 lorum
1075 5286 1210 5360 gestatio,
1226 5288 1258 5342 nt
1272 5284 1482 5358 prolixioribus
1497 5282 1735 5342 solemnitatibus
1745 5300 1790 5342 as·

126 5366 162 5420 96
187 5363 258 5436 Reg.
275 5363 345 5418 4103
360 5376 367 5416 ε
384 5362 454 5416 litae
466 5363 586 5432 comissa
597 5376 681 5417 orans
695 5360 779 5418 ulios
964 5359 1115 5429 sistentes,
1129 5355 1242 5414 baculis
1257 5356 1350 5413 innixi
1366 5358 1466 5414 minus
1481 5357 1533 5414 lati
1556 5363 1676 5440 arent-ur
1686 5371 1791 5430 3quem

115 5437 159 5507 (97
185 5435 237 5492 itio
265 5432 394 5491 alludere
407 5433 523 5489 videtur
553 5432 591 5489 ad
617 5437 745 5491 veterem
774 5429 907 5489 tidellum
961 5428 1512 5501 ritum,utnotavitauctormodernus
1553 5428 1600 5485 ita
1614 5426 1792 5499 puesimtll.

77 5507 406 5577 consuetudinemque
421 5505 510 5562 etiam
526 5503 593 5561 laici
612 5503 720 5560 divinis
732 5503 839 5562 oliiciis
854 5503 907 5560 ed·
964 5504 999 5560 de
1009 5501 1169 5570 Cbasteuil,
1180 5502 1341 5558 etiamnum
1355 5497 1797 5571 observantbiareniwnquc.

77 5574 911 5650 erantnonnisistantes,aedquibusindulgebaturbaou-
963 5572 1219 5635 rumecclesilsad
1236 5568 1795 5645 introitumprestosuntpluresbaeu,

118 5751 128 5791 ¹
143 5752 231 5813 tletr.
246 5766 287 5810 rx.
302 5747 315 5786 ²
328 5745 422 5806 itaut.
437 5761 476 5806 rr.
492 5746 506 5785 ⁸
520 5747 584 5806 bac.
598 5762 646 5806 xx.
