3802 6030
66 255 147 324 noer
706 257 845 324 ress1o
867 261 900 326 s.
923 261 1118 333 v1eronrs.
1699 267 1800 340 tete·

68 391 164 451 Primo
180 391 234 450 init
250 391 352 464 limus,
368 409 449 452 nuno
464 393 541 452 inter
555 393 679 452 numine
693 394 830 470 primus;
907 400 936 470 Α
950 397 1033 464 Quod
1045 402 1100 459 luit
1114 404 1223 474 existit,
1240 421 1293 464 neu
1307 421 1396 476 mors,
1413 420 1466 463 neo
1481 404 1567 478 pinge
1581 401 1692 462 resistit

69 482 126 541 Seu
144 482 198 538 iuit
212 499 245 541 os
259 483 328 555 vile,
344 500 394 541 eeu
411 482 507 557 pellis,
525 483 586 542 sive
602 483 728 558 monile;
948 490 1022 556 Quln
1039 493 1136 551 triduo
1147 494 1232 567 lecto,
1248 496 1352 554 mortis
1363 494 1427 568 jem
1442 492 1573 567 principe
1585 494 1690 565 incolo,

70 574 110 632 Eu
127 573 227 646 elique
243 574 306 643 lego
322 575 376 630 luit
392 575 439 631 bic
454 574 577 632 Deitatis
592 576 700 648 imago,
948 584 1006 637 Rex
1020 582 1130 641 Deilete
1146 585 1212 658 pulo
1227 592 1340 660 regnet,
1357 602 1388 642 se
1403 585 1533 658 principe
1548 583 1621 650 solo,

71 665 107 721 Et
121 664 206 719 modo
223 663 410 722 multimodus
426 666 476 738 qni
493 682 543 738 per
559 671 588 723 te
603 665 726 738 suscipit
740 667 822 736 odes,
948 670 1088 730 Transfer
1101 677 1138 730 ed
1163 675 1242 732 bunc
1257 680 1388 733 muntem
1415 681 1529 732 montes
1545 673 1704 730 trensierre
1719 688 1773 746 po·

71 752 125 809 Per
141 761 167 809 le
182 755 335 824 iurmetus,
351 770 402 825 per
416 760 444 810 te
454 755 509 810 luit
523 754 715 828 appretiatus,
1604 763 1736 837 [tentem,

70 846 124 898 Per
138 847 167 897 te
182 841 334 913 solemnis,
352 861 401 917 per
416 853 442 901 te
456 845 509 899 sibi
527 850 605 900 ieme
620 845 769 918 perennis,
947 848 990 906 Ob
1006 848 1102 906 scelus
1117 851 1268 925 obliquum
1283 869 1319 909 ne
1331 856 1359 909 te
1373 852 1522 909 subvertet
1536 849 1684 924 iniquum.

70 930 184 1008 Perque
209 939 292 990 tuum
318 934 429 990 donum
451 934 533 1007 plebs
557 935 635 992 buno
654 940 739 1007 putet
761 949 826 992 esse
841 951 893 1008 pe·
985 940 1060 994 Dixit
1074 945 1109 994 ed
1126 939 1187 997 bec
1207 948 1333 1013 pretor:
1350 942 1431 1007 Quod
1454 941 1584 1012 desipias
1598 956 1652 1013 ego
1668 940 1772 1009 leton
1883 934 1886 941 ’

727 1023 856 1100 [tronum
947 1025 1063 1084 Praebes
1075 1031 1163 1086 verbe
1177 1032 1263 1099 setis,
1278 1031 1329 1087 sed
1346 1029 1454 1087 nullius
1471 1028 1630 1099 utititntts;

68 1109 107 1171 Ut
121 1112 226 1185 loquer
239 1127 387 1185 expresse,
402 1113 427 1170 sl
443 1113 514 1186 quid
532 1112 625 1184 potuit
640 1111 718 1170 Deus
733 1129 809 1184 esse,
948 1118 1002 1172 Per
1016 1117 1142 1174 similem
1154 1134 1255 1176 cesum
1272 1137 1373 1192 speres
1394 1119 1450 1176 boc
1464 1135 1530 1175 esee
1544 1133 1667 1177 sueeum

71 1201 158 1261 Ocius
170 1204 224 1259 boc
238 1208 338 1278 posset
352 1203 429 1276 quod
444 1205 489 1259 vel
505 1210 557 1258 tue
569 1202 594 1240 ⁶¹
609 1204 733 1260 numine
748 1211 844 1261 nosset
948 1209 1061 1262 Pertem
1074 1207 1203 1265 divinem
1220 1225 1278 1265 uon
1294 1210 1474 1265 sustinuisse
1487 1208 1614 1274 ruinem,

71 1292 152 1359 Quod
168 1291 225 1348 sibi
240 1298 292 1349 des
307 1295 412 1360 nescit,
430 1309 522 1350 cecus
538 1305 587 1350 tue
599 1296 676 1351 done
690 1292 830 1366 cepescit.
947 1300 1042 1368 Atque
1058 1313 1108 1368 per
1124 1299 1178 1354 boe
1197 1298 1316 1355 tendem
1333 1302 1377 1354 vis
1399 1304 1430 1354 ut
1446 1300 1589 1353 leteemur
1602 1294 1737 1355 eumdem

69 1383 98 1439 Si
117 1381 188 1438 l'ncis
203 1382 258 1437 bon
271 1387 383 1454 votum,
401 1385 444 1440 ies
459 1390 504 1439 eet
519 1385 669 1458 imponere
686 1390 808 1453 motum,
946 1384 1012 1439 Vim
1027 1384 1150 1444 inviset
1165 1388 1282 1455 Christi,
1297 1404 1349 1443 eeu
1367 1406 1418 1460 per
1432 1389 1472 1445 sit
1488 1386 1625 1459 luppiter
1639 1385 1701 1443 isti.

71 1472 144 1528 iiiuc
159 1471 239 1548 quod
253 1471 280 1527 ei
288 1472 373 1543 turne
390 1473 539 1530 incessum
556 1473 666 1530 solvere
682 1490 779 1531 eures.
946 1475 1083 1549 luppiter
1095 1484 1224 1534 eternus
1235 1478 1307 1534 deus
1321 1483 1365 1533 est
1375 1497 1384 1546 ς
1394 1486 1464 1534 tuus
1479 1477 1546 1545 iste,
1564 1477 1735 1534 modernus.

69 1561 119 1620 est
129 1577 176 1618 cur
192 1562 333 1619 debemus
343 1562 414 1619 dere
425 1579 488 1630 noe,
500 1568 529 1620 et
543 1561 687 1636 quidquid
704 1564 857 1633 hebemus,
945 1565 1082 1637 iuppiter
1096 1567 1125 1621 in
1139 1567 1212 1622 cmlo
1227 1567 1343 1622 vehitur
1356 1566 1479 1622 seltente
1494 1564 1627 1635 cemelo;

66 1650 182 1707 scilicet
196 1651 320 1721 auctori,
336 1650 387 1725 qui
403 1668 461 1708 non
474 1652 617 1724 perceudo
632 1653 742 1719 cruori,
947 1659 1007 1711 Rex
1020 1659 1090 1711 tuus
1106 1655 1140 1712 ed
1157 1654 1267 1712 bellum
1285 1672 1426 1730 passurus
1441 1654 1524 1712 duxit
1538 1655 1675 1711 asellum.

67 1739 191 1798 Pertulit
207 1749 275 1797 ente
291 1743 375 1807 mori,
392 1757 481 1815 quern
492 1741 731 1799 subtraheremur
741 1742 856 1812 honori,
946 1743 1090 1816 Golgotbe
1100 1761 1185 1802 mons
1198 1745 1320 1814 mortis;
1336 1745 1363 1801 si
1379 1752 1436 1800 tem
1448 1760 1503 1801 sue
1516 1745 1636 1801 dextere
1650 1742 1734 1801 tortis

67 1830 162 1901 Aque
177 1829 313 1904 lugentes
332 1830 425 1886 nostri
440 1830 571 1888 cecidere
586 1835 732 1903 perentes.
947 1834 1117 1892 Treneieret
1133 1840 1165 1892 ut
1180 1839 1306 1901 montes,
1320 1833 1365 1892 vel
1381 1835 1475 1907 possit
1493 1836 1611 1906 perdere
1622 1838 1733 1904 sontes,
1813 1836 1815 1840 ‘
1861 1880 1878 1917 Ι.

103 1918 225 1977 Preion:
235 1919 549 1992 Agendomoresquesi
559 1919 738 1977 rhetorisure
761 1937 892 1993 perores,
947 1923 1005 1980 Cur
1020 1940 1078 1981 non
1091 1922 1254 1981 trensletus
1268 1924 1333 1991 luit,
1350 1929 1401 1980 eut
1415 1940 1468 1980 eur
1480 1923 1544 1996 ipse
1558 1923 1668 1981 Piletue

65 2007 103 2066 Et
118 2007 191 2065 setis
207 2008 337 2066 exsultes
351 2025 385 2067 eo
405 2009 481 2080 quod
499 2006 553 2064 tibi
568 2013 650 2067 teute
664 2010 791 2068 iecultes
945 2010 1009 2070 Non
1022 2011 1078 2069 luit
1092 2012 1168 2070 beno
1184 2028 1299 2084 pmnem
1316 2011 1609 2087 perquelemcunque
1624 2016 1771 2072 ostonem.

65 2096 170 2155 illiluet
187 2097 217 2153 in
234 2098 343 2169 verbis,
358 2102 387 2154 et
401 2098 437 2155 ob
452 2096 508 2153 boo
524 2096 645 2154 lortesse
659 2097 806 2172 superbie.
947 2100 1030 2160 Nunc
1045 2101 1109 2159 elue
1123 2103 1202 2177 quod
1219 2102 1299 2166 ieris,
1316 2101 1413 2159 nescis
1427 2102 1537 2176 quibus
1557 2101 1614 2158 iste
1629 2101 1771 2175 loqueris.
1850 2110 1853 2117 ’
1870 2152 1875 2160 .
1892 2142 1896 2149 -

66 2188 120 2243 Sed
135 2186 205 2244 licet
219 2191 349 2255 estutus,
360 2193 458 2244 temen
474 2204 506 2245 es
521 2192 573 2245 tue
587 2188 696 2246 demun
711 2187 837 2246 locutus.
981 2189 1095 2247 Victor:
1112 2191 1155 2249 Tu
1172 2207 1266 2261 cesse,
1282 2197 1335 2248 tue
1349 2190 1389 2248 sit
1403 2207 1456 2248 vox
1470 2194 1561 2250 morte
1575 2207 1723 2263 represse,

67 2276 98 2336 Si
115 2276 189 2334 culis
204 2277 336 2334 occisum
352 2284 448 2335 movet
467 2277 528 2334 beu
544 2278 657 2335 devotio
673 2276 784 2348 risum3
946 2281 1000 2348 Qui
1018 2280 1093 2337 boue
1108 2297 1198 2353 preve
1211 2284 1312 2353 putes,
1328 2286 1358 2336 et
1372 2280 1557 2353 depravendo
1572 2281 1694 2340 refutes.

66 2366 95 2423 si
111 2383 197 2423 eruce
211 2383 401 2439 suspensum,
417 2371 530 2424 constet
545 2374 572 2424 te
585 2368 705 2440 perdere
720 2383 850 2426 sensum.
945 2369 1030 2427 Omni
1046 2385 1177 2442 persone
1192 2369 1363 2428 conceditur
1377 2386 1412 2427 ex
1427 2372 1540 2428 retione

67 2457 148 2524 Quod
165 2456 293 2513 moritur
307 2456 423 2515 treusit.
439 2456 468 2512 si
483 2456 553 2532 quid
570 2456 624 2513 luit
642 2457 673 2514 in
686 2459 755 2515 Jove
771 2458 889 2515 mansit.
946 2460 1133 2532 Propositum
1147 2460 1207 2517 veri
1222 2476 1289 2517 vero
1305 2476 1439 2518 sermone
1452 2461 1539 2519 tueri.

66 2547 190 2604 Delove
206 2552 284 2603 certe
300 2546 383 2616 fides,
398 2548 466 2617 quin
480 2553 600 2604 centum
613 2548 735 2605 vulnere
750 2548 775 2604 si
790 2548 853 2618 dee,
944 2550 1016 2606 Esse
1031 2553 1119 2623 putes
1134 2547 1205 2606 ccelo
1220 2553 1337 2607 vectum
1354 2547 1479 2606 enitente
1493 2549 1604 2607 cemelo

65 2636 206 2709 Nunquid
225 2637 284 2694 vite
297 2636 376 2694 lovis
389 2637 521 2694 solvetur
533 2637 651 2694 vulnere
666 2639 795 2711 quovis?
944 2638 1036 2704 Quem
1052 2637 1186 2709 perbibet
1201 2637 1288 2710 plene
1303 2636 1480 2694 moecbetum
1497 2637 1597 2695 l'ubule
1610 2636 1711 2706 Deum,

66 2724 151 2783 Nunc
165 2726 235 2798 quie
249 2743 310 2782 rem
326 2728 432 2794 uernis,
448 2744 501 2783 cur
512 2728 573 2798 jem
589 2726 732 2786 libemine
747 2729 862 2800 spernis
877 2729 891 2785 l
944 2734 982 2787 ut
997 2729 1070 2787 liber
1084 2731 1212 2787 auctoris
1227 2730 1360 2787 ditismet
1375 2731 1462 2787 eorde
1476 2730 1596 2789 sororis.

63 2815 93 2870 si
110 2815 181 2871 mibi
198 2816 357 2885 consentis,
373 2816 471 2873 venies
486 2819 521 2873 ed
538 2818 648 2889 temple
663 2818 800 2888 potentis.
944 2818 1090 2892 Mestigiis
1106 2819 1214 2876 multer
1228 2820 1253 2875 si
1269 2825 1386 2876 tentum
1400 2820 1472 2877 vixit
1487 2820 1612 2884 adulter,

63 2907 161 2977 thue
175 2923 248 2961 suus
263 2911 344 2962 votes
359 2922 425 2962 cum
443 2906 558 2962 veneris
573 2912 640 2963 ente
655 2913 788 2980 penetes,
944 2908 974 2966 Si
989 2915 1088 2965 temen
1103 2915 1149 2966 est
1162 2910 1274 2982 eliquid
1291 2919 1395 2966 uetere
1407 2910 1485 2982 quod
1501 2926 1567 2968 esse
1582 2908 1712 2984 reliquit.

64 2996 154 3062 Quem
171 2994 388 3068 contempsisti,
404 2994 449 3051 cui
467 2995 565 3052 debile
578 2995 649 3052 lure
663 2994 768 3064 tulisti,
944 2997 1061 3072 Respuo
1094 2998 1241 3072 quidquid
1269 3014 1353 3071 eges,
1377 3015 1446 3056 oum
1472 3006 1589 3056 eentum
1614 3014 1771 3072 sumpsere

65 3083 117 3140 Vel
134 3085 215 3153 bove,
231 3083 275 3141 vel
291 3101 381 3140 vecce
396 3101 447 3157 pro
462 3089 545 3141 tento
560 3085 684 3142 crimine
696 3085 790 3158 plene.
1600 3086 1735 3161 [pleqese

101 3173 225 3231 Senctus
241 3174 300 3231 eit:
317 3174 465 3246 Queriem,
490 3175 541 3231 sed
557 3190 616 3231 uon
632 3173 693 3231 bmc
713 3174 813 3232 omnin
827 3190 889 3233 cre·
905 3145 927 3215 c
945 3175 1021 3234 Dum
1038 3192 1085 3234 me
1098 3175 1247 3248 discerpes
1261 3176 1355 3233 dicem
1369 3194 1376 3234 :
1393 3176 1439 3236 Nil
1453 3176 1482 3232 in
1496 3177 1568 3235 Jove
1583 3179 1698 3249 perdes,

753 3262 854 3338 [dem;
944 3270 1007 3323 Hoc
1022 3265 1078 3320 nisi
1094 3267 1245 3330 duntexet,
1260 3265 1326 3336 quie
1341 3266 1391 3341 qui
1410 3270 1526 3338 peccetur
1543 3266 1661 3331 retexet,

69 3357 108 3408 bs
122 3353 194 3409 Jove
208 3368 275 3409 sum
296 3358 404 3417 certus,
421 3352 491 3425 quie
515 3352 611 3410 nullus
626 3354 657 3410 in
671 3353 740 3410 orbe
759 3359 892 3426 repertus
945 3355 1071 3413 Demunt
1085 3354 1115 3410 iu
1141 3360 1282 3410 eternum
1299 3356 1349 3425 qui
1365 3354 1408 3411 vel
1425 3360 1508 3426 putet
1523 3355 1577 3412 boo
1591 3355 1768 3415 hodiernum

68 3445 173 3504 ΗΜ
190 3445 403 3519 Perquemvite
418 3445 890 3518 Jovissolveturvulnerequovis;
945 3446 1005 3502 Rex
1020 3459 1104 3500 meus
1119 3442 1155 3497 ed
1172 3442 1278 3498 bellum
1294 3443 1417 3515 supplex
1433 3445 1566 3501 escendit
1580 3443 1713 3514 ascitum,

65 3534 147 3602 Quod
163 3552 219 3592 uon
237 3552 371 3593 censetur
386 3536 560 3600 subsistere,
577 3537 647 3610 quid
665 3534 839 3609 peteretur?
944 3533 979 3591 Ut
996 3538 1209 3590 monstreretur
1224 3549 1290 3590 eum
1307 3534 1480 3607 suppliciter
1492 3534 1648 3591 veheretur

63 3626 145 3681 Sicut
160 3642 259 3683 revera
277 3643 428 3700 nunquam
450 3627 505 3682 iuit
518 3627 583 3697 ipse
598 3626 747 3695 cbimoeru,
943 3623 1066 3680 Mortem
1081 3628 1183 3695 sponte
1198 3623 1258 3694 peti
1272 3622 1329 3678 sub
1347 3624 1514 3680 conditione
1528 3621 1624 3680 Pilnti.

63 3713 197 3787 iuppiter
212 3716 275 3788 ipse
288 3716 354 3789 polo
374 3717 418 3771 eiu
432 3724 533 3788 regnat
549 3718 668 3771 nomine
683 3713 757 3771 sule.
942 3711 1068 3786 Jamque
1087 3750 1214 3770 .....
1234 3711 1354 3778 lepesin
1369 3716 1399 3768 et
1413 3714 1574 3784 precedere
1590 3726 1668 3785 unqe
1680 3710 1707 3750 ⁶⁸

62 3803 143 3870 Quod
160 3803 222 3862 colo
244 3820 436 3877 suspensum,
453 3820 509 3860 nou
536 3803 702 3874 pertimesci
717 3819 888 3876 eugeosen·
943 3801 971 3858 Si
990 3801 1067 3874 iugis
1082 3817 1100 3857 e
1115 3800 1202 3871 bello,
1218 3817 1276 3858 non
1291 3807 1396 3874 sponte
1409 3802 1526 3859 sedebis
1541 3800 1643 3860 usello.

751 3892 852 3968 [sum;
943 3889 1086 3962 Denique,
1102 3890 1127 3946 si
1142 3891 1228 3947 vellet
1244 3890 1344 3947 nullus
1362 3891 1491 3963 potuisse
1507 3891 1635 3951 revellet.

61 3983 142 4046 Quod
161 3999 243 4038 meus
257 3982 371 4038 occisus
386 3981 439 4038 tibi
456 3982 490 4037 iit
503 3981 661 4037 commotio
677 3982 767 4048 risus,
943 3979 972 4035 Si
988 3979 1038 4051 qui
1053 3978 1172 4036 obesset
1184 3978 1210 4037 ei
1224 3980 1321 4036 medie
1336 3979 1493 4050 splendore
1507 3980 1577 4050 diei,

63 4072 123 4130 lloc
135 4072 204 4129 iecit
217 4070 381 4127 immensus
397 4072 487 4138 l'uror,
503 4074 532 4126 et
549 4070 677 4126 turbetio
693 4086 800 4127 seusus
942 4067 996 4124 Vel
1008 4085 1040 4126 sc
1053 4067 1190 4138 delesset,
1200 4069 1244 4124 vel
1259 4086 1290 4126 ss
1305 4086 1395 4142 super
1414 4080 1491 4126 estre
1508 4071 1643 4139 leveseet,

60 4160 124 4217 Sint
140 4176 185 4216 res
203 4158 356 4232 perplexe,
373 4160 490 4217 student
508 4174 602 4225 mene,
619 4159 763 4231 conspicit
773 4174 805 4215 ex
821 4175 853 4217 ee
943 4155 1046 4214 Posset
1059 4160 1088 4211 et
1104 4156 1216 4226 ulcisci,
1232 4157 1300 4226 quie
1315 4161 1414 4228 posset
1427 4162 1457 4214 et
1471 4157 1526 4214 bor.
1540 4157 1664 4232 edipisoi

62 4251 136 4317 Ouid
153 4250 252 4317 latent,
268 4250 318 4306 sed
334 4265 390 4305 uon
408 4249 464 4305 nisi
481 4265 557 4322 sepe
572 4247 735 4313 revolverit,
750 4253 779 4305 et
793 4263 851 4307 nou
943 4245 981 4305 Ut
996 4245 1093 4316 superi
1110 4251 1202 4303 contus
1217 4246 1300 4302 lieret
1314 4244 1457 4303 solemius
1472 4247 1573 4305 iretue.

60 4342 87 4398 Si
106 4358 163 4398 non
179 4341 320 4399 concedet
335 4339 414 4414 quod
427 4339 573 4412 conspicit
586 4346 614 4397 et
629 4337 685 4394 nisi
702 4341 810 4408 credet,
942 4333 1001 4391 Neo
1015 4335 1111 4409 tetigit
1122 4340 1248 4401 sontem,
1259 4335 1309 4391 sed
1326 4351 1380 4393 nec
1394 4340 1585 4408 trensponere
1599 4339 1730 4394 montem
1844 4394 1850 4405 ,

61 4431 137 4488 llum
155 4447 200 4487 res
216 4430 375 4499 discernes,
392 4429 448 4486 nisi
462 4445 582 4502 spernes
596 4429 839 4494 credere,ccrnee.
941 4423 1018 4482 (iure
1033 4424 1097 4495 luit,
1113 4430 1195 4497 greio
1210 4423 1278 4481 tulit
1291 4424 1351 4481 bec
1366 4425 1443 4482 Deus
1457 4424 1556 4482 omuie
1570 4425 1640 4484 luto.

60 4519 98 4579 Ut
112 4520 173 4578 leve
189 4522 255 4576 dem
280 4520 408 4591 signum,
423 4519 522 4575 lorme
536 4518 616 4574 lovis
631 4517 744 4590 inspice
758 4515 883 4589 lignum,
900 4506 923 4572 D
974 4515 1081 4570 Praetor
1094 4532 1101 4572 ε
1118 4514 1185 4579 One
1197 4515 1369 4572 treclesnlsi
1385 4515 1557 4588 despicient
1571 4513 1627 4573 uisi
1639 4520 1764 4589 meotes,

61 4612 119 4668 Pro
135 4608 232 4682 populi
249 4625 320 4665 cure
334 4626 418 4665 sucre
435 4609 505 4665 lutet
520 4609 584 4681 ipse
599 4609 702 4681 ligure,
936 4602 1038 4661 lim
1057 4607 1169 4660 Peueos
1184 4608 1253 4662 ente
1267 4604 1330 4661 dies
1344 4604 1435 4673 lovis,
1452 4613 1483 4662 ut
1498 4621 1574 4674 reor,
1589 4604 1760 4677 boulinilee,

59 4701 115 4767 Sit,
125 4698 190 4755 'non
206 4700 245 4754 sit
260 4714 336 4763 vere,
353 4704 448 4753 temen
465 4697 544 4753 bunc
559 4697 686 4753 concedo
701 4694 800 4751 lutere.
937 4692 974 4750 Ut
989 4693 1073 4749 modo
1089 4692 1240 4749 nobiscum
1257 4693 1309 4766 qui
1321 4709 1422 4766 posses
1436 4694 1553 4767 cingere
1567 4695 1695 4767 discum,

59 4795 125 4847 Heu
139 4789 225 4845 modu
246 4786 383 4844 sublimis
398 4787 483 4859 quesi
508 4786 641 4858 pertibus
656 4784 782 4856 imperet
794 4783 880 4854 lmis;
936 4782 972 4842 Ut
988 4785 1070 4839 decet
1083 4782 1234 4840 Athletem
1250 4800 1371 4840 sumens
1384 4800 1453 4841 eum
1468 4785 1546 4858 Rege
1560 4785 1689 4859 dientem,

61 4879 155 4950 Lepse
173 4893 223 4950 per
237 4881 383 4945 eventum,
400 4877 424 4932 si
440 4879 558 4931 corruet
572 4873 602 4930 in
618 4875 828 4947 pavimentum,
936 4877 1011 4929 Tum
1025 4871 1078 4927 tibi
1094 4872 1119 4927 si
1135 4873 1224 4928 velles
1237 4873 1320 4929 deret
1335 4889 1453 4938 eurum,
1472 4872 1571 4944 pellic,
1585 4874 1693 4947 pelles;

60 4967 136 5025 Dum
152 4967 241 5022 luerit
257 4966 358 5034 ireste,
376 4968 446 5020 sunt
460 4964 496 5019 de
510 4962 580 5020 Jove
594 4969 700 5019 cuncte
715 4967 841 5036 perecte.
938 4962 1061 5032 Postque
1077 4960 1179 5017 delum
1195 4977 1303 5018 munus
1314 4964 1400 5019 modo
1415 4978 1517 5034 posses
1529 4979 1595 5020 esse
1609 4964 1760 5024 tribunus.

58 5056 107 5114 Sic
120 5057 174 5113 luit
188 5056 217 5110 in
233 5055 359 5121 cbristo,
376 5051 452 5109 sicut
466 5052 602 5108 concedis
616 5051 646 5107 in
663 5053 730 5117 isto,
937 5052 1066 5110 Consilio
1081 5052 1338 5125 nostrogemineto
1352 5056 1478 5108 comeret
1491 5053 1658 5126 [tomenti
1670 5062 1762 5121 ostro,

57 5149 152 5205 Cerne
168 5144 315 5219 flagellate
329 5142 427 5200 Deites
441 5147 540 5199 menet
553 5140 703 5208 inviolate,
938 5141 1019 5201 Ultre
1034 5159 1180 5216 quemque
1195 5159 1295 5215 penem
1310 5143 1416 5200 feceret
1430 5143 1486 5200 sibi
1501 5143 1698 5202 eonsilierem.

57 5239 136 5294 tlors
150 5240 179 5290 et
193 5237 295 5308 eperte
310 5232 388 5289 cutis
402 5231 545 5288 medicine
560 5232 641 5290 luere
660 5230 777 5306 selutie,
939 5232 1117 5291 Posthabitis
1133 5233 1209 5300 istis,
1225 5233 1355 5308 Regique
1370 5233 1486 5308 diisque
1501 5234 1626 5293 resistis.

57 5330 92 5384 st
107 5343 194 5384 cruor
207 5329 355 5384 extructus
370 5323 500 5400 pollutos
515 5323 609 5380 eblult
623 5329 707 5381 ectus
751 5341 756 5349 ·
938 5321 1110 5381 causidicus
1125 5323 1231 5392 lectus,
1247 5340 1299 5397 per
1312 5339 1388 5399 quos
1402 5324 1504 5399 ignoro
1515 5329 1669 5395 retreetus,

91 5579 117 5619 ⁴²
129 5583 210 5652 Tun,
223 5591 348 5638 monere.
364 5573 388 5612 θ’
401 5575 454 5636 Hie
468 5591 571 5636 verene
585 5575 667 5636 deest
681 5576 712 5636 in
727 5573 904 5649 Turontuel,
918 5574 1039 5653 ponitur
1053 5581 1152 5636 temen
1167 5575 1199 5637 in
1215 5576 1273 5636 imo
1289 5574 1433 5653 margine.
