3802 6030
674 241 726 303 ult
747 239 1001 305 buccelenus.
1611 256 1693 320 rnen

72 369 123 425 rsit
138 369 221 426 vivos
235 374 346 441 temen,
362 370 453 429 lmmo
470 372 522 428 luit
537 371 689 446 fugitivus.
822 376 848 442 Α
864 374 938 438 Quid
949 376 1185 449 respondendum
1200 378 1253 434 tibi
1264 379 1313 449 slt,
1330 380 1482 439 loretlnde
1496 383 1693 458 loquendum.

72 458 143 516 ravis
158 460 288 517 incestus
304 461 437 517 Sodome
453 479 510 518 non
528 462 648 537 pertulit
663 466 773 521 estus:
862 465 997 524 circulus
1013 486 1029 525 n
1043 467 1110 526 lene
1125 469 1228 527 bucule
1244 470 1277 528 nt
1289 487 1352 530 mox
1368 472 1398 528 in
1414 489 1514 545 erens,

72 564 167 605 nerem
183 555 284 606 venter
299 549 438 623 fugientis
453 553 490 608 eb
505 552 573 624 igne
591 558 722 610 recenter
862 556 923 622 Quo
938 558 1028 631 cingit
1044 575 1153 632 regem,
1169 560 1308 634 proponit
1321 567 1350 619 et
1363 562 1438 620 bono
1455 564 1509 621 sibl
1525 564 1640 640 legem:

76 642 106 694 et
121 643 149 695 et
162 638 274 705 illicite,
291 642 342 697 sed
360 658 416 697 non
433 643 506 713 perit
523 647 554 697 ut
568 641 745 698 Sodomitis:
862 644 944 702 Hunc
959 646 985 703 si
1001 649 1151 717 transibis,
1168 648 1223 706 nisi
1240 652 1291 707 des
1308 669 1458 726 responsu,
1475 655 1597 726 peribis.

84 729 117 782 ut
132 728 241 796 solvus,
258 746 309 802 per
325 747 410 803 quem
430 744 503 788 nnvae
518 738 612 787 tumet
626 731 718 788 nlvus.
864 735 962 792 Peuce
977 735 1034 792 sibi
1049 740 1181 809 quedem
1197 755 1247 796 rex
1262 740 1363 799 inlert:
1379 741 1454 816 Ergo
1469 745 1615 803 recedam.

72 823 149 891 petet
162 818 272 891 liquido
288 837 376 893 quem
392 823 430 877 sit
448 822 546 894 grevis
561 822 619 878 ists
633 820 736 890 libido,
861 821 895 878 lit
910 829 976 896 post
991 824 1053 881 hec
1067 824 1144 883 dictu
1161 828 1247 900 fugit,
1263 830 1416 887 obsidione
1431 831 1544 890 relicte.

75 914 123 964 ctu
138 910 224 980 cujus
241 909 333 982 pietes
348 910 445 967 scelus
461 911 571 967 exstitit
586 911 686 981 huJ'us.
860 912 1082 986 lerusslemque
1094 916 1180 986 redit,
1196 919 1337 990 quonism
1352 919 1447 990 timet,
1463 926 1492 978 et
1506 922 1576 996 quie
1592 921 1687 983 credit

72 1005 254 1070 peccatorum
271 1001 325 1055 luit
340 1002 444 1071 imber,
461 1009 495 1057 ut
510 1001 605 1058 imber
620 1000 746 1058 eorum?
862 1002 896 1059 Ut
909 1003 998 1060 rebus
1013 1004 1100 1072 notis,
1115 1005 1234 1063 vilescet
1250 1009 1462 1081 compatriotis,

72 1088 127 1157 uis,
143 1088 187 1144 vel
202 1107 328 1162 quorum
344 1090 460 1164 gladius
480 1092 561 1149 velot
589 1090 808 1148 Sodomorum?
860 1095 895 1148 ut
910 1091 961 1148 teli
977 1095 1139 1152 causasibi
1155 1095 1193 1152 sit
1206 1095 1391 1173 Jemsolyme
1406 1099 1519 1173 clause,

76 1184 129 1235 unt
142 1180 223 1250 digni
240 1197 314 1252 quoe
327 1182 467 1252 sulphure
484 1185 587 1255 perdet
600 1187 630 1238 et
644 1180 705 1255 igni
861 1183 895 1237 Et
910 1182 953 1239 sic
965 1181 1058 1240 iudei
1075 1185 1180 1241 cedent
1194 1200 1283 1259 regno
1302 1186 1462 1246 Ptolemtei.

72 1287 86 1326 s
102 1278 220 1338 neturae,
234 1272 332 1328 stobili
350 1290 401 1345 per
415 1273 523 1329 seculo
533 1273 610 1343 jure.
860 1274 937 1339 Quos
951 1289 986 1331 ex
1000 1291 1141 1333 converso
1157 1276 1213 1333 sibi
1229 1279 1412 1351 congaudere
1427 1296 1542 1339 reverso

72 1366 150 1417 vernt
164 1360 193 1416 in
210 1365 323 1417 tontum
340 1363 474 1435 contagio
490 1361 704 1430 luxuriantum,
861 1361 949 1432 Vidit,
963 1369 992 1420 et
1008 1364 1039 1421 in
1054 1366 1147 1437 portis
1162 1380 1313 1423 occurrere
1326 1369 1448 1425 vernule
1460 1371 1577 1430 mortis.

72 1451 111 1506 lut
127 1451 221 1508 edicto
237 1456 350 1508 onturae
361 1455 430 1524 Jure
446 1450 558 1520 relicto,
858 1450 932 1524 Ergo
945 1458 1091 1526 receptus,
1107 1457 1260 1527 totumque
1276 1456 1354 1529 quod
1370 1461 1451 1531 optet
1466 1458 1602 1532 adeptus,

72 1574 73 1587 ,
87 1545 249 1612 preruptes
265 1544 353 1597 l‘erret
368 1559 422 1597 sun
436 1558 585 1615 quemque
599 1540 745 1614 voluptss.
857 1538 991 1599 Perditor
1004 1541 1180 1615 horrendus,
1194 1560 1346 1617 nunqunm
1363 1547 1419 1603 nisi
1436 1564 1506 1621 psee
1520 1547 1682 1620 timendus,

76 1634 120 1685 rot
135 1647 203 1702 ergo
221 1630 385 1699 honus,nisi
397 1634 447 1704 qni
459 1631 574 1689 loreted
596 1632 670 1688 melo
683 1648 803 1706 pronus,
857 1629 949 1701 Cujus
965 1631 1073 1688 blundo
1089 1633 1188 1700 mine,
1204 1651 1259 1704 ραι
1273 1633 1396 1702 bellum,
1412 1636 1491 1694 (1⁰⁰²
1507 1638 1627 1712 rapine,

72 1717 127 1776 :nle
141 1719 281 1787 lascivus,
296 1723 346 1787 nui
365 1726 490 1795 turpiter
504 1729 533 1778 et
548 1722 623 1779 mule
639 1723 731 1781 vivus.
818 1720 898 1820 ΒΜ
914 1718 1034 1777 solitum
1050 1737 1162 1778 morem
1180 1723 1264 1794 redit,
1280 1723 1503 1799 ingenitumque
1518 1727 1646 1786 furorem

75 1824 129 1865 nus
143 1826 174 1865 es
190 1810 280 1880 civis;
296 1811 385 1868 decos
400 1817 445 1868 est
459 1812 573 1868 inhiare
588 1813 710 1871 nocivis.
857 1808 984 1867 Foederis
999 1811 1118 1879 oblitus,
1135 1813 1220 1869 simul
1236 1831 1269 1870 nc
1281 1814 1336 1871 luit
1351 1817 1423 1872 urbe
1434 1816 1555 1889 potitus,

72 1885 225 1956 lobecenis
240 1917 273 1957 se
287 1902 472 1958 conforment
487 1901 603 1957 alienis.
856 1897 991 1956 Ostendit
1005 1902 1074 1974 quid
1091 1906 1163 1968 eret,
1179 1902 1222 1958 vel
1238 1904 1308 1975 quid
1322 1906 1384 1975 jem
1401 1906 1527 1980 denique
1542 1913 1662 1982 queret.

72 1990 184 2047 otiienis
197 1990 381 2064 ierosolyma
395 1993 482 2049 debet
495 1993 628 2050 Athenis.
854 1989 974 2045 Civibus
988 2007 1071 2047 ormo
1083 1996 1173 2061 perot,
1189 1991 1240 2063 qui
1255 2009 1287 2048 se
1301 1994 1393 2050 civem
1411 1996 1580 2069 simularet,

74 2080 213 2153 upenuris
225 2081 329 2137 colitur
351 2083 513 2139 solemnius
529 2081 599 2140 nris.
854 2077 988 2136 Cudibus
1004 2080 1125 2147 insanit,
1140 2086 1169 2137 et
1182 2082 1259 2138 viros
1273 2084 1361 2140 rebus
1377 2083 1482 2157 innuit,

72 2173 122 2226 ‚rig
138 2172 226 2228 elaris
243 2173 284 2228 ibi
301 2172 413 2229 multus
425 2173 623 2229 inatricularis
854 2167 973 2225 Mendut
987 2169 1016 2224 in
1032 2169 1166 2227 imbelles
1182 2188 1236 2228 sus
1251 2178 1350 2229 sumet
1364 2178 1398 2229 ut
1412 2190 1496 2231 arms
1509 2173 1638 2247 satelles,

72 2267 126 2333 ψη
144 2265 327 2336 ptjuvenum
344 2272 418 2322 coelu
438 2267 642 2322 tantummodo
664 2264 794 2338 plenum,
853 2256 889 2312 Et
903 2274 1097 2330 quodiiuliqile
1112 2261 1192 2317 Videt
1206 2262 1262 2317 sibl
1279 2261 1468 2334 displicuim
1482 2265 1619 2321 trucidet.

72 2376 75 2406 ι
89 2354 215 2428 quisque
229 2373 332 2413 senum
350 2355 552 2420 lucit,exhibet
567 2357 794 2416 Antiochenum.
853 2346 899 2402 Fll
913 2348 1071 2406 V0h0ffl01¹³
1086 2351 1190 2420 cedes,
1207 2350 1270 2407 ⁸5⁰⁸
1287 2351 1367 2408 Ῑῡθῑῦ
1384 2369 1442 2410 ⁰⁰¹¹
1458 2358 1522 2411 01¹ss
1535 2354 1630 2425 aedssfli

72 2450 96 2499 ‚t
110 2461 227 2502 summa
243 2446 321 2515 mali,
339 2462 427 2502 οδω
442 2446 624 2515 Jerosotyma
639 2446 689 2503 etti
852 2436 932 2494 Coeo
942 2438 1044 2510 jecsnt
1059 2439 1095 2495 eh
1105 2440 1147 2496 eis
1163 2444 1357 2514 truncatoque
1373 2444 1506 2500 membro
1519 2444 1638 2517 pluteis:

76 2534 114 2591 ub
129 2534 228 2591 hostili
244 2535 300 2590 luit
315 2536 473 2608 opprobrio
488 2536 558 2591 dele
572 2537 632 2590 vili.
852 2526 986 2601 Rellissi⁰r
1002 2529 1105 2600 Ρῑθῖθῦ,
1122 2529 1178 2598 ¹⁰¹2
1195 2529 1337 2600 ⁰ffl⁰i⁰ffis
1351 2529 1445 2602 1⁰⁰⁰&
1460 2537 1541 2605 ΒΜ·

72 2624 100 2680 lt
115 2640 149 2680 ex
164 2642 253 2681 ceusu
267 2626 358 2681 venies
376 2643 443 2698 spes
463 2632 491 2682 et
507 2626 677 2695 vinciensis,
851 2615 1102 2691 N11¹¹⁰⁸l³f⁰te¹sti
1119 2635 1212 2692 ¹²0q¹¹0
1228 2620 1318 2676 mlii
1332 2637 1394 2689 0⁰⁸·
1411 2638 1506 2696 neque
1522 2622 1610 2696 flsssts

72 2731 105 2770 ne
121 2715 242 2788 pollute,
258 2717 355 2788 gravis
369 2723 414 2773 est
430 2717 518 2773 nimis
532 2717 577 2773 ire
592 2721 702 2789 secute,
850 2717 905 2772 Sed
922 2732 975 2774 neo
986 2716 1023 2773 nb
1034 2718 1095 2774 ede
1110 2734 1217 2776 menos
1232 2719 1333 2794 templi
1349 2725 1427 2778 tenet
1443 2721 1507 2796 ipse
1521 2724 1675 2796 protenus,

74 2803 170 2877 hoqoe
182 2806 269 2862 detur
288 2809 372 2877 eujus
389 2806 487 2879 gladio
504 2807 635 2865 ferietur.
851 2805 943 2863 Gente
957 2807 1009 2865 sed
1025 2813 1137 2865 crmste
1153 2808 1211 2866 ruit
1225 2810 1261 2866 ed
1277 2809 1340 2867 lees
1355 2812 1549 2882 senetillcstn,

90 2895 226 2966 Exemplo
239 2897 323 2968 eujus
337 2897 519 2970 ierosolyma
532 2898 652 2965 viserat,
667 2896 757 2970 hujus
852 2896 1071 2970 lncendeosque
1086 2898 1173 2964 sores,
1189 2898 1288 2956 editos
1303 2899 1375 2971 petit
1389 2900 1554 2960 interiores.

72 2992 147 3057 nerle
162 2986 256 3054 lldem,
264 2988 351 3058 jubet
367 2987 422 3043 hoe
436 2994 464 3043 et
480 2988 582 3059 puniet
599 2988 683 3044 idem.
850 2984 885 3041 El
898 2985 1041 3059 quidquid
1057 2986 1169 3044 clerum
1184 2994 1266 3044 retus
1281 2995 1326 3046 est
1339 2989 1379 3045 ibi
1398 2990 1580 3062 divitiarum,

72 3096 78 3132 ι
94 3083 236 3149 quotquot
247 3082 416 3142 erunt,sunt
431 3082 460 3132 et
475 3078 573 3144 modo,
586 3077 647 3133 sive
662 3077 789 3144 luerunt,
806 3122 828 3191 C
850 3073 958 3130 Dividit
973 3077 1002 3130 in
1019 3077 1157 3147 predum,
1171 3076 1259 3133 veluti
1276 3080 1441 3136 communie
1456 3083 1601 3154 quedem.

74 3184 108 3223 us
122 3167 250 3222 crudelis
266 3168 320 3221 luit
336 3166 401 3229 iste,
418 3168 577 3237 minusque
594 3166 698 3233 tidelis,
846 3163 990 3221 Omnibus
1004 3165 1118 3221 ubresie
1132 3181 1201 3221 eum
1217 3183 1320 3224 mense
1334 3167 1423 3224 divite
1437 3171 1528 3239 vesis,

79 3258 132 3312 bus
145 3261 229 3325 utque
245 3255 320 3312 dolis
336 3256 392 3310 sibi
406 3255 498 3327 glorie
514 3256 629 3310 vincere
645 3253 727 3311 solis.
842 3255 944 3310 Arcem
962 3253 1098 3322 munivit,
1114 3270 1299 3328 regnumque
1313 3272 1401 3313 suum
1417 3259 1565 3332 repetivit,

72 3346 114 3401 nsi
136 3345 284 3418 pecitieus,
300 3344 446 3416 velutique
463 3344 577 3414 nepotis
592 3346 716 3413 amicus,
843 3342 934 3400 Gente
949 3342 1035 3417 qussi
1050 3343 1135 3412 victe,
1152 3344 1228 3400 tristi
1244 3345 1378 3418 sublege
1393 3346 1506 3405 relicto.

72 3452 132 3492 irus
146 3451 211 3490 euin
227 3433 383 3506 Memphim
401 3434 477 3489 venit
492 3434 690 3502 Ptolemaeum,
842 3432 884 3488 nd
900 3449 989 3504 quem
1002 3433 1157 3490 delendum
1174 3432 1287 3491 dimisit
1301 3434 1398 3492 edbuc
1412 3436 1453 3492 ibi
1469 3437 1628 3509 quemdem

72 3540 167 3579 vorens
182 3525 267 3594 eujus
282 3540 366 3579 soror
379 3523 514 3580 Antiochi
531 3523 585 3580 luit
601 3524 700 3593 hujus.
843 3522 897 3587 Qui
912 3521 1035 3596 Phrygio
1049 3529 1137 3580 nutus
1152 3522 1304 3599 Philippus
1318 3530 1380 3583 eret
1393 3525 1549 3597 vocitatus,

84 3611 278 3668 Philometore
295 3613 350 3668 luit
363 3613 556 3685 Antiochique
566 3630 665 3669 sorore
841 3611 985 3669 Antiocho
999 3621 1111 3686 gretus,
1125 3612 1194 3686 quin
1209 3630 1267 3671 non
1282 3616 1430 3675 modicum
1446 3617 1627 3678 sceleratus:

88 3709 167 3759 etex
183 3719 263 3759 more
279 3703 417 3775 regnabat
434 3720 484 3775 pro
500 3705 639 3775 genitore.
843 3700 937 3775 Phryx
952 3718 969 3758 e
983 3705 1099 3771 notura,
1115 3703 1211 3774 Phryx
1226 3704 1356 3762 moribus
1372 3709 1460 3779 utque
1473 3707 1580 3780 ligure,

72 3798 98 3847 nt
112 3793 232 3849 intentis
248 3795 335 3850 rebus
351 3791 423 3848 mele
438 3808 567 3864 congrue
580 3792 689 3849 tentis:
843 3790 921 3863 ltege
935 3807 989 3849 sue
1003 3791 1122 3865 dignus,
1138 3792 1207 3865 quin
1222 3793 1310 3851 lellex
1324 3799 1413 3868 etque
1428 3796 1587 3870 malignus.

71 3881 151 3955 ligne
167 3883 226 3954 regi
243 3899 299 3938 non
317 3887 359 3938 est
374 3885 450 3938 hone
460 3883 603 3954 justoque
619 3882 678 3954 regi
692 3898 699 3951 3
843 3878 973 3936 Perlldie
990 3897 1107 3938 rursum
1123 3882 1256 3955 providet
1269 3883 1484 3959 interrumpere
1499 3903 1631 3945 cursum.

72 3977 163 4028 ttruus
179 3973 260 4042 pueri
277 3977 353 4029 tutor
367 3978 450 4044 roget
463 3973 527 4042 ejus
543 3971 656 4039 heberi,
843 3970 948 4027 mc
960 3969 1031 4039 Rex,
1047 3975 1157 4028 uteret
1173 3973 1275 4042 moris,
1286 3974 1431 4050 dirumpit
1441 3977 1522 4035 irene
1535 3977 1666 4052 pudoris,

72 4079 118 4133 que
131 4061 225 4118 lelleci
242 4064 315 4118 dune
329 4064 417 4118 verbu
430 4061 581 4117 simillime
596 4061 671 4132 pecl,
843 4062 937 4133 Atque
952 4062 1053 4119 volens
1069 4065 1184 4134 gentem
1199 4063 1296 4120 delere
1309 4063 1467 4140 locumque
1480 4071 1639 4138 potentem,

73 4153 206 4209 risurum
224 4169 324 4225 puero,
342 4158 511 4225 putremque
527 4152 668 4217 luterum,
843 4156 904 4208 Hoc
920 4151 1017 4209 scelus
1032 4150 1212 4208 horrendum
1224 4155 1275 4209 det
1288 4153 1440 4225 Apollonio
1455 4156 1665 4229 peragendum,

72 4258 85 4297 e
100 4248 129 4299 et
142 4244 209 4300 totis
225 4242 379 4299 defendere
394 4257 484 4314 regno
499 4241 622 4314 nepotis,
845 4242 1083 4314 Instructumque
1097 4241 1168 4298 sutis
1183 4242 1219 4298 de
1230 4241 1363 4299 moribus
1377 4243 1537 4315 impietatis
1557 4288 1560 4292 .

79 4331 160 4389 Cedit
174 4332 200 4389 ei
218 4333 346 4405 grevitos
361 4347 514 4405 procerum
532 4330 676 4388 Ptelemaei
695 4345 702 4387 t
845 4330 975 4389 Millihus
987 4332 1109 4390 ermetis
1123 4349 1174 4389 sex
1189 4333 1320 4405 quinque
1334 4340 1437 4404 queter
1451 4333 1569 4391 societis

84 4422 247 4496 suscipitur
262 4422 356 4495 pueri,
373 4422 422 4478 sed
440 4421 520 4478 treus
535 4422 672 4496 operitur.
845 4421 932 4478 lllum
948 4422 1108 4490 tantillum,
1124 4423 1202 4494 quod
1219 4422 1267 4476 vix
1281 4429 1413 4478 evaserat
1427 4420 1523 4494 illum,

72 4528 185 4586 tempos
197 4513 255 4568 voti
271 4516 354 4583 peret
369 4527 451 4567 erma
466 4526 624 4582 necemque
639 4510 749 4584 nepoti,
806 4503 832 4567 D
848 4509 936 4567 Mittit
948 4511 1141 4577 destructum,
1158 4510 1238 4566 luctu
1255 4525 1397 4567 renovans
1411 4511 1452 4567 ite
1466 4510 1592 4569 luctum.

72 4617 143 4673 eque
156 4604 315 4673 compertu,
332 4600 387 4655 sibi
406 4599 480 4655 belle
496 4606 638 4672 parentur
650 4604 760 4672 operte.
848 4597 948 4656 Deleet
963 4604 996 4657 ut
1010 4599 1157 4672 reliquum
1173 4614 1223 4656 rex
1236 4597 1326 4654 mittit
1340 4598 1461 4672 iniquus
1476 4599 1622 4675 iniquum.

72 4706 88 4746 o
103 4690 170 4747 belli
185 4691 311 4763 graviter
325 4689 393 4744 tulit
407 4689 479 4745 urhe
492 4689 604 4762 repelli,
846 4689 900 4746 Hie
916 4690 992 4747 bons
1019 4689 1217 4764 pretendens,
1231 4687 1368 4760 regisque
1396 4688 1490 4748 scelus
1510 4691 1668 4764 reprehen-

80 4778 105 4834 si
122 4779 258 4853 cepisset,
273 4781 367 4834 totum
385 4776 440 4833 sibi
456 4777 671 4834 succubuisset.
1521 4781 1617 4856 [dens,

71 4867 135 4927 ibus
149 4869 296 4934 exclusus,
312 4865 380 4923 belli
397 4867 572 4922 transfertur
583 4867 618 4922 ed
635 4882 725 4924 usus:
846 4873 920 4926 Pnee
933 4868 1013 4926 dedit
1027 4869 1093 4925 llcts
1108 4867 1223 4942 populis
1236 4866 1334 4925 minus
1349 4884 1453 4943 espern
1465 4870 1551 4940 dicto,

72 4963 92 5016 tt
106 4959 268 5025 inlentem;
284 4957 335 5014 sed
352 4957 381 5011 in
396 4957 549 5013 obsidione
564 4963 725 5015 merentem
846 4962 992 5030 Spemque
1006 4958 1086 5014 dedit
1100 4958 1176 5030 vites,
1192 4956 1233 5015 nil
1246 4956 1340 5028 primo
1352 4958 1462 5030 jubens
1476 4961 1535 5019 uisi
1550 4962 1631 5022 mite.

81 5046 197 5120 legatus
212 5047 381 5102 centenses
397 5052 479 5117 parte
498 5055 637 5103 senatus:
847 5048 892 5104 Nil
909 5048 1141 5118 superaccrevit,
1156 5048 1208 5104 sed
1223 5049 1265 5105 sic
1276 5046 1427 5106 tolerando
1441 5050 1561 5125 quievit,

80 5137 265 5192 salutiferum
282 5141 414 5206 caputet
429 5136 559 5190 defensio
576 5153 686 5206 rerum,
848 5137 890 5193 Ne
905 5138 1107 5209 gensespiret,
1123 5139 1215 5193 donec
1231 5135 1280 5193 lux
1294 5136 1369 5195 feste
1384 5138 1500 5197 rediret.

81 5243 227 5282 concesse
242 5229 412 5281 contentum
428 5224 536 5279 finibus
551 5241 626 5291 esse,
849 5230 911 5282 Lux
925 5231 1047 5302 septeno
1062 5228 1148 5296 redit,
1165 5226 1257 5299 pistus
1268 5226 1407 5284 simulato
1427 5230 1544 5286 recedit.

72 5316 91 5370 il
107 5318 234 5372 obsesses
251 5314 327 5388 plebi
343 5331 375 5370 se
391 5312 513 5370 mandet
527 5315 641 5372 obesse.
851 5315 973 5389 Legibus
987 5315 1121 5374 imbelles
1135 5317 1207 5389 petit
1221 5316 1331 5389 impius
1342 5333 1413 5375 ense
1427 5320 1564 5390 satelles3

87 5405 247 5478 delinquis,
260 5403 316 5462 nisi
333 5421 386 5462 nos
402 5409 430 5461 et
445 5415 546 5460 eostre
561 5403 714 5477 relinquis,
851 5406 981 5464 Intentos
996 5407 1079 5465 lestis
1094 5405 1231 5465 munibus
1247 5407 1307 5465 lere
1321 5409 1410 5465 turbe
1424 5407 1556 5467 scelestis

72 5508 142 5554 unm
157 5494 251 5562 ledis,
267 5495 323 5552 nisi
337 5497 472 5552 cominus
487 5493 556 5551 inde
571 5494 693 5552 recedis.
850 5494 998 5554 Abstrnhit
1011 5500 1041 5554 et
1068 5500 1186 5569 mectst,
1201 5497 1348 5575 variisque
1361 5496 1446 5555 melis
1475 5497 1551 5557 mule
1566 5501 1674 5560 trectst

84 5584 151 5659 qnid
167 5583 253 5656 dieis,
270 5599 319 5640 rex
333 5583 503 5657 subjungit:
516 5582 571 5639 Sed
587 5576 691 5642 cmiels
851 5587 887 5645 ut
900 5586 937 5643 de
950 5584 1044 5645 vocet
1053 5584 1194 5645 solemnis
1208 5587 1317 5645 honore
1327 5586 1385 5645 diei
