3802 6030
53 286 132 354 1408

653 284 839 368 „ceruina
860 287 1145 358 piscaturam.

1680 276 1757 411 te

52 417 138 479 scius
157 434 233 477 nune
249 434 391 476 nummus
405 417 524 477 virtutis
540 418 665 478 babetur
679 421 828 493 alumnus,
892 427 920 495 Α
970 425 1093 484 institia
1109 426 1163 486 soii
1180 427 1253 489 dens
1267 431 1426 505 agetialui.

90 511 177 568 Solus
188 507 333 580 diligitur,
351 509 431 565 solus
447 511 544 586 adhuc
559 510 673 568 colitur.

54 602 188 673 stipatur
204 601 296 654 multo
313 604 364 654 tun
376 601 468 665 curia,
485 617 616 670 numme,
631 607 756 670 sanaim

95 691 248 745 incurvare
260 704 335 760 genu
353 705 437 760 quem
456 693 554 760 pudet,
572 691 659 760 elme,
675 690 745 748 tibil

56 779 86 837 Si
105 779 218 834 nummi
237 782 364 832 noudum
382 777 483 849 templi
499 781 657 836 surrexerit
672 796 730 854 arri,

94 869 197 926 Divina
212 868 319 923 colitur
334 868 472 938 religione
487 877 596 929 tamen.

56 959 85 1014 si
108 975 163 1013 non
182 974 232 1030 per
247 973 401 1013 nummum
415 960 544 1029 juratur,
560 961 625 1029 «puis
641 965 739 1018 tamen
756 960 856 1020 horret

94 1053 178 1104 Nunc
194 1063 285 1104 causa
301 1050 413 1104 nummi
429 1051 590 1126 sacrilegus
606 1052 692 1108 ileril

57 1137 134 1198 Olim
152 1137 318 1209 philosophi
333 1138 429 1195 iuerat
446 1141 526 1196 lucra
540 1159 677 1214 aperuere
689 1159 862 1201 nummum:

91 1229 176 1289 Nono
193 1227 249 1283 nisi
263 1235 436 1286 nummatus
446 1230 527 1289 Plato
544 1232 616 1288 ioret
632 1234 731 1290 iuluus

56 1318 216 1378 Thebanus
231 1318 331 1377 Crates
346 1337 429 1377 arnor
444 1323 523 1379 huno
538 1341 604 1380 cum
622 1323 850 1399 philosophandi
894 1387 896 1392 ,

93 1411 223 1478 caperat,
239 1415 357 1466 exulum
373 1412 504 1483 corporis
518 1411 681 1484 illecebras,

57 1501 180 1573 optaret
194 1498 296 1557 doctas
307 1505 338 1556 ut
356 1501 437 1558 adire
451 1503 600 1558 docendos
617 1504 756 1575 Athenas,

96 1588 162 1661 lpse
177 1589 233 1646 rite
247 1589 330 1661 prius
343 1605 373 1646 re
387 1590 445 1647 sibi
461 1591 669 1664 philosophus,

59 1678 181 1753 Navigio
197 1697 296 1738 secum
314 1681 443 1753 prudens
458 1680 546 1739 bomo
560 1688 803 1755 rexeralaurum,

93 1771 175 1838 Quod
191 1769 308 1850 ]s.0uo]
325 1772 379 1828 sibi
396 1773 539 1849 quidquid
555 1780 617 1830 erat
630 1773 684 1832 hac
704 1776 764 1832 vice
785 1772 885 1831 vendi·

762 1865 866 1940 [derat.

56 1957 130 2010 Cum
146 1954 220 2008 duce
231 1952 294 2023 jam
308 1957 394 2008 vento
410 1952 516 2025 puppis
532 1963 683 2027 reperetur
698 1954 727 2011 iu
744 1955 811 2024 aito,

95 2047 203 2099 Aurum
219 2042 296 2115 quod
315 2044 398 2098 duxit
412 2044 552 2099 iiuotibus
567 2045 728 2117 imposuit:

61 2136 114 2200 En,
132 2135 244 2201 diceus,
261 2134 353 2188 imum
370 2140 434 2204 pete
449 2132 513 2190 dira
527 2137 634 2207 cupido
649 2135 847 2209 protundum

93 2225 135 2282 Ne
152 2224 228 2281 mals
243 2241 289 2281 rna
311 2240 438 2296 mergas,
453 2235 480 2281 to
495 2226 568 2282 bena
584 2242 683 2297 mergo
699 2229 786 2298 prior.

95 2314 239 2388 Diogenes
256 2315 331 2371 teoto
348 2315 463 2386 positus
479 2331 546 2373 cum
568 2316 700 2373 membra
715 2316 818 2389 quieti,

58 2404 158 2463 Saccis
175 2421 361 2461 nummorum
379 2407 540 2477 suppositis
555 2406 643 2476 capiti

96 2493 217 2549 nutriret
233 2496 323 2549 lurein
342 2510 530 2550 nummorum
542 2511 595 2567 spe
612 2496 781 2566 i'odieulem,

97 2583 162 2640 iiior
178 2583 248 2639 huic
262 2583 399 2656 projectis
414 2601 489 2656 quos
505 2583 609 2640 habuit
625 2585 749 2645 loculis:

60 2673 200 2731 Nummos
217 2688 290 2746 quos
306 2673 413 2745 queris
428 2690 559 2746 compos,
575 2674 625 2741 sil,
641 2675 749 2748 accipe,
766 2675 871 2735 mentis

96 2762 155 2820 Hac
176 2768 208 2818 ut
223 2779 269 2818 me
283 2777 354 2819 curn
369 2763 528 2820 sollicitum
545 2762 667 2831 relevas,

58 2855 95 2914 Ut
111 2861 243 2912 nostrum
259 2867 336 2912 certe
351 2857 533 2932 requiescere
549 2857 643 2929 possit
657 2860 791 2932 uterque,

96 2948 139 3004 'lu
155 2963 230 3019 quos
245 2946 353 3019 queris
370 2945 494 3014 babens,
511 2947 557 3004 bis
573 2965 626 3022 ego
642 2965 698 3005 non
716 2955 849 3008 metuens

60 3036 179 3096 creona
193 3036 362 3109 Aristippus
377 3053 463 3110 grave
479 3053 545 3093 cum
558 3054 657 3094 servos
672 3055 747 3097 onus
763 3038 827 3096 suri

95 3125 216 3200 Cugerni
232 3126 260 3182 in
275 3127 363 3200 Lybie
378 3127 490 3182 tardius
505 3126 547 3182 ire
562 3127 649 3194 viam,

59 3216 223 3288 Indignaris
238 3218 300 3272 auri
311 3216 398 3287 jubet
412 3215 478 3272 iilos
489 3216 567 3272 iaace
582 3215 681 3275 levari.

98 3307 133 3364 tlt
148 3307 244 3363 medio
260 3305 337 3360 trivii
353 3305 411 3361 tsie
423 3305 503 3361 usias
519 3305 617 3376 abjici.

63 3396 115 3454 His
130 3413 162 3454 aa
178 3395 367 3470 philosophos
382 3412 485 3452 aurum
498 3395 636 3454 calcando
652 3395 815 3470 probabant

100 3486 151 3544 Est
164 3485 228 3542 sine
241 3484 363 3542 consilio
374 3501 452 3541 nune
465 3502 575 3542 vacuus
591 3486 696 3545 ioculo.

61 3575 145 3634 Nunc
160 3573 350 3645 contemplari
366 3591 502 3631 nummos
518 3582 546 3632 et
561 3575 770 3650 philosophari,

98 3665 188 3723 Nemo
205 3680 308 3721 carens
325 3664 429 3736 prelio,
446 3679 523 3720 nunc
537 3672 637 3722 manet
651 3666 681 3723 in
699 3666 803 3740 pretio.

59 3754 157 3813 Instar
171 3754 217 3810 cui
236 3752 339 3811 dundee
358 3754 472 3808 inerant
488 3754 550 3822 tibi,
567 3754 689 3828 Musica,
706 3760 806 3815 turma

94 3845 173 3903 lctus
190 3843 308 3900 fabriles
325 3843 501 3917 Pythagoras
517 3845 647 3918 sapiens,

57 3938 141 3991 Esset
157 3934 291 3990 malleolo
308 3951 384 3991 nunc
400 3935 484 3990 vilior
498 3946 558 3991 erle
574 3936 699 4007 rejecto;

94 4025 124 4083 st
142 4026 214 4082 nibil
231 4026 259 4081 iu
274 4024 401 4095 loculis;
420 4041 497 4081 nunc
510 4026 596 4095 jocus
611 4036 654 4083 est
668 4026 818 4086 bteibesis.

59 4117 134 4183 Quid
152 4133 230 4173 nunc
245 4133 293 4172 ars
308 4116 409 4181 abaci,
427 4133 493 4187 pura
509 4133 572 4187 quae
588 4115 731 4174 vilissima
745 4117 841 4177 esicii

96 4205 180 4263 Nunc
197 4221 287 4263 usuro
300 4221 388 4261 vorax
404 4205 530 4261 calculat
544 4207 607 4278 ipss
618 4207 685 4264 sibi.

57 4295 193 4352 creditor
206 4312 271 4352 ecce
289 4296 377 4351 reicrl
393 4297 532 4352 abacista
549 4299 709 4369 promptior
723 4297 814 4370 omni,

94 4384 165 4451 Quid
184 4385 283 4440 redeat
298 4384 371 4440 lucri
388 4402 504 4457 quoque
518 4387 566 4443 die
580 4387 680 4460 capiti.

57 4475 242 4532 concluendo
258 4474 314 4530 sibi
329 4475 405 4531 iacili
423 4475 604 4547 sophismate
621 4478 737 4550 laisum,

938 517 1035 575 1882
1051 517 1136 576 Stenl
1152 518 1231 594 leges
1254 526 1362 590 tecum,
1380 540 1431 598 pro
1455 526 1483 581 tc
1499 528 1636 582 causetur
1665 525 1757 584 hone·

1617 619 1720 696 [sturm

970 698 1091 758 Vincere
1106 702 1130 758 ei
1149 705 1241 776 possis
1257 705 1288 780 [s.
1307 707 1425 782 pernisi
1438 707 1580 777 justrahe
1596 710 1630 766 de
1641 710 1755 766 loculis.

934 787 1026 845 Causa
1042 807 1123 847 reum
1135 794 1265 865 damnet,
1284 799 1446 867 proscribat
1457 798 1566 868 judicis
1581 797 1636 865 irs,

969 878 1070 936 Cervin
1083 880 1188 938 innexo
1205 884 1324 956 palpitet
1334 896 1360 940 et
1377 885 1493 958 laqueo,

933 969 989 1026 Fac
1011 970 1196 1028 modiolorum
1219 989 1374 1032 nummum
1404 981 1479 1032 ulus
1495 974 1554 1032 alta
1569 976 1602 1053 [f.
1620 981 1693 1044 aeta,
1711 988 1756 1036 rs·-

1618 1058 1723 1135 [solvet

970 1139 1036 1212 ipsa
1053 1140 1135 1199 leuce
1152 1160 1233 1199 reum
1251 1161 1318 1202 mox
1335 1145 1411 1202 necis
1425 1146 1563 1217 eripiens.

934 1231 1036 1303 ipsum
1053 1247 1084 1289 se
1097 1239 1203 1305 pretor
1219 1235 1325 1290 laisum
1341 1235 1468 1292 dictasse
1482 1235 1606 1308 dolebit,

969 1319 1027 1378 Neo
1041 1320 1149 1379 solvice
1159 1340 1240 1379 reum
1258 1323 1308 1382 llot
1322 1330 1353 1380 at
1367 1325 1433 1381 inde
1445 1325 1549 1398 pudor.

1150 1411 1193 1470 tt.
1209 1414 1246 1471 Dc
1263 1419 1349 1486 parta
1366 1418 1397 1472 B.
1410 1415 1543 1485 Virpint's.

934 1497 1239 1573 illustrabas
1283 1503 1396 1560 (tatiani
1412 1502 1592 1562 Turonensis
1606 1508 1636 1562 et
1655 1504 1756 1564 libroi·
1855 1496 1858 1501 ’

1169 1574 1260 1640 censi,
1276 1582 1304 1632 et
1323 1577 1389 1632 aliis
1408 1578 1519 1634 multis.

935 1658 984 1718 Sol
999 1661 1164 1733 crystallus,
1182 1680 1265 1736 aquas
1279 1665 1350 1722 daut
1365 1665 1603 1741 qualemcunque
1616 1665 1741 1742 figuram

971 1748 1100 1823 Virginei
1117 1759 1230 1825 pertus.
1245 1753 1448 1828 aediilcautque
1466 1754 1565 1813 iidem.

937 1840 965 1895 Si
981 1839 1248 1916 tinguaturequiis,
1264 1849 1293 1899 el
1307 1843 1360 1900 soii
1375 1845 1562 1916 suinciatur,

973 1929 1121 1986 Scintillas
1137 1934 1249 2002 prefert
1266 1932 1380 2005 integer
1398 1932 1447 1989 iiie
1464 1935 1549 2006 lapis.

936 2017 965 2078 Si
983 2019 1055 2075 bene
1070 2027 1176 2076 cuncta
1187 2029 1280 2084 untes,
1293 2038 1376 2094 aqua,
1388 2024 1444 2089 sol,
1456 2021 1622 2097 crystallus,
1638 2026 1667 2080 el
1680 2021 1758 2096 ignis

971 2113 1055 2177 Sunt,
1070 2109 1199 2176 Flamen,
1215 2109 1353 2182 Verbum,
1370 2113 1462 2178 Virua,
1479 2111 1614 2184 Deosque
1629 2129 1710 2185 puer.

937 2196 1054 2255 Flamen
1071 2215 1165 2271 sqrrae,
1183 2199 1310 2257 Verbum
1326 2201 1392 2270 soli,
1407 2201 1587 2275 virguncula
1601 2217 1733 2276 gemme,

972 2287 1068 2360 Stirps
1083 2289 1140 2354 iani
1158 2290 1285 2361 quadarn
1296 2291 1462 2348 conditione
1477 2291 1543 2348 coit.

937 2377 1056 2436 ttamen
1072 2395 1149 2454 aqua
1163 2384 1217 2448 est,
1234 2380 1302 2452 quia
1316 2379 1386 2437 lavit
1399 2397 1463 2438 eam
1477 2399 1484 2450 ;
1500 2380 1688 2454 Verbumque
1708 2399 1758 2439 su·

1602 2472 1740 2547 [paruum

972 2557 1030 2626 Sui,
1047 2559 1187 2631 quianon
1204 2559 1302 2629 violat,
1317 2562 1367 2617 sed
1384 2566 1483 2618 tamen
1499 2561 1589 2618 intrat
1600 2579 1677 2619 eam.

937 2647 1022 2711 Virgo
1037 2648 1122 2719 lapis,
1139 2649 1206 2721 quin
1223 2650 1311 2723 Virgo
1328 2652 1424 2723 paril;
1441 2657 1515 2709 Puer
1530 2653 1644 2720 unicus,
1659 2651 1756 2727 iguis3

972 2737 1043 2797 Nam
1060 2740 1165 2795 virtute
1182 2740 1281 2810 micat,
1298 2740 1409 2798 lumina
1424 2742 1511 2799 corda
1526 2742 1625 2812 replet.

936 2829 984 2888 sta
999 2829 1104 2887 umbra
1120 2829 1248 2899 Flamen,
1264 2831 1398 2904 ingressu
1415 2831 1517 2889 cmlibe
1536 2830 1663 2892 Verbum
1734 2875 1736 2880 ·

972 2921 1058 2994 Virgo
1073 2919 1135 2987 ilat,
1150 2920 1266 2977 soboles
1281 2938 1368 2977 carue
1383 2921 1501 2995 Deoque
1516 2920 1616 2980 simui.

936 3009 1097 3068 Cnuhciuut
1108 3010 1289 3083 cataplasma
1303 3026 1421 3077 novum,
1440 3027 1495 3079 nuo
1511 3011 1570 3067 vita
1589 3011 1722 3084 sepultis,

971 3099 1085 3156 Virtute
1100 3106 1128 3157 et
1140 3109 1235 3157 mente
1251 3100 1383 3156 moribus
1397 3098 1468 3157 ordo
1484 3099 1568 3166 redit,

898 3175 1008 3260 clito)
1024 3187 1189 3260 Hoospsrit
1217 3187 1358 3256 tumulos,
1387 3185 1442 3244 buo
1462 3186 1581 3261 agmina
1607 3203 1692 3243 secra
1716 3204 1761 3244 re·

1606 3275 1725 3348 [lundil‚

975 3371 1037 3424 Hoc
1052 3366 1168 3438 supplet
1181 3382 1282 3422 casum
1298 3368 1386 3430 terre,
1401 3365 1546 3440 gebenna,
1561 3364 1655 3438 peius.

939 3456 982 3515 tid
997 3455 1085 3514 coelos
1101 3456 1169 3512 binc
1184 3455 1348 3524 subsilient,
1360 3458 1445 3529 cujus
1460 3473 1537 3524 ossa,
1555 3454 1689 3512 medullas

976 3548 1033 3605 lioc
1047 3548 1172 3605 animam
1188 3550 1268 3606 carui
1284 3551 1396 3618 reddet,
1409 3549 1525 3624 utrique
1538 3550 1661 3622 Deoua]

1189 3639 1244 3698 tll.
1263 3640 1319 3698 Cur
1333 3641 1403 3697 Deus
1418 3647 1508 3698 homo.

937 3745 1172 3819 trapessacum
1189 3765 1252 3824 qus
1263 3749 1438 3806 conveniens
1449 3747 1578 3806 aboleret

937 3835 1085 3894 Victimai
1105 3839 1243 3913 Nonquid
1269 3838 1384 3897 bomo?
1399 3838 1454 3896 Sed
1482 3845 1512 3896 et
1526 3839 1573 3897 bio
1597 3855 1666 3896 reus
1680 3838 1759 3896 unde

1596 3925 1747 4002 [placeret

936 4021 1063 4095 Angelus
1075 4023 1087 4078 i
1097 4037 1133 4078 nn
1148 4020 1272 4096 irugesi
1285 4039 1322 4078 an
1333 4021 1444 4079 vacca?
1457 4020 1513 4078 Sed
1529 4020 1625 4078 hostia
1640 4019 1706 4077 talis

936 4110 1048 4170 Natura
1061 4112 1171 4185 dispar,
1189 4114 1280 4180 pretio
1298 4113 1394 4168 minor
1407 4119 1485 4168 esset
1499 4110 1605 4169 inanis.

936 4199 1002 4256 Hac
1016 4201 1117 4257 eadem
1130 4218 1193 4273 quar
1209 4200 1360 4272 displicuit
1375 4206 1481 4256 natura
1497 4199 1609 4274 placere

936 4287 1053 4357 Debuit,
1070 4297 1157 4367 alque
1172 4288 1286 4362 ailquid
1301 4291 1376 4360 quod
1395 4290 1562 4364 paciiicarel
1578 4287 1695 4343 habere.

936 4380 1009 4449 Ergo
1026 4379 1080 4434 iuit
1091 4379 1268 4452 querendae
1278 4378 1377 4444 homo,
1393 4379 1443 4452 qui
1457 4383 1561 4451 preter
1572 4375 1703 4447 idipsum

936 4463 1016 4528 Quod
1029 4467 1093 4539 puri
1104 4473 1148 4521 est
1159 4466 1444 4542 bominis,qui·idam
1457 4465 1611 4521 ioretunds
1620 4462 1755 4535 placeret.
1855 4537 1859 4543 .
1882 4476 1888 4485 ’

94 4563 176 4623 Nunc
190 4548 273 4622 duret
286 4565 432 4638 elinguem
449 4582 588 4623 nummus
605 4569 800 4627 Aristotelem.
895 4540 919 4608 D
936 4552 1038 4611 Ufli'uf
1053 4556 1132 4611 clini
1146 4556 1233 4618 ⁰0⁰⁸·
1246 4562 1277 4612 ⁰²
1292 4565 1396 4613 Vllum
1407 4554 1584 4628 redemptrix

56 4651 95 4713 Da
109 4654 185 4724 quod
204 4654 244 4710 sis
261 4655 386 4717 nummi,
404 4659 442 4721 te,
458 4655 665 4714 iucundissime
680 4658 767 4728 Tulli,

93 4747 203 4801 Causas
218 4749 342 4816 acceptas
358 4743 472 4816 spingis
483 4761 573 4815 agens
589 4746 698 4803 docuit.

57 4832 193 4900 Quolibet
210 4835 238 4887 iu
254 4831 344 4887 stulto
361 4849 449 4899 nunc,
468 4849 598 4898 numme,
615 4834 683 4891 iiuis
698 4835 759 4894 sele
776 4836 879 4906 mulio,

92 4921 202 4978 Delirat
217 4927 331 4977 tantum
353 4922 491 4993 parsperis
506 4923 668 4996 ingenium.

55 5011 208 5069 causidico
226 5017 325 5084 pereat
340 5011 388 5082 qui
405 5011 536 5084 linguam
554 5029 695 5071 punimus
710 5014 834 5085 inauret,

89 5103 128 5160 Da
144 5110 259 5159 torrens
274 5119 346 5156 vena
362 5102 534 5172 pauperiore
551 5102 631 5160 iiuel.

52 5194 188 5266 Gorgona
200 5195 380 5264 presentans
395 5190 423 5244 in
441 5197 567 5263 pectore,
585 5209 643 5249 uon
659 5194 723 5251 siue
743 5211 863 5255 nummo

89 5282 250 5352 Dosiperel,
268 5279 404 5352 quamvis
419 5279 525 5335 vertice
537 5285 605 5336 nale
617 5282 705 5338 loris.

52 5371 195 5445 Quisquis
223 5385 313 5442 agens
338 5370 444 5437 vincet,
465 5368 491 5426 ai
520 5386 640 5429 causam
656 5391 797 5431 nummus
826 5374 881 5433 bu·

724 5463 843 5540 [nestet,

936 4645 990 4702 Par
1005 4644 1129 4714 homini,
1145 4645 1312 4716 quiaverus
1327 4647 1425 4715 bomo,
1443 4647 1492 4702 sed
1505 4645 1619 4715 dignior
1634 4649 1712 4713 ortu,

935 4735 1094 4794 Dissimilis
1104 4736 1202 4810 culpa,
1216 4739 1326 4794 Deitate
1339 4737 1483 4808 potentior
1496 4736 1595 4810 idem3

935 4828 1106 4900 Quemquia
1122 4843 1178 4883 nou
1195 4827 1297 4900 genuit
1320 4845 1354 4884 ex
1371 4827 1453 4896 lapsu
1470 4833 1537 4884 nata
1554 4827 1702 4903 voluptas,

934 4915 1037 4974 iustus
1055 4933 1104 4986 pro
1120 4915 1213 4989 lapsis
1228 4917 1288 4991 agit
1303 4917 1476 4989 occisusque
1490 4923 1613 4989 peroret.

935 5005 1035 5063 Hostia
1050 5006 1211 5075 suiilciena,
1225 5023 1288 5081 que
1303 5007 1390 5064 coeios
1406 5007 1468 5063 rive
1485 5006 1615 5081 replerit,

935 5094 997 5160 Dua
1012 5097 1093 5153 luror
1107 5096 1236 5154 nllensus
1252 5097 1367 5164 cecidit,
1378 5097 1546 5170 quagratia
1559 5098 1659 5156 crevit.

933 5185 1104 5242 Antidotum
1121 5184 1200 5253 ialix,
1215 5201 1273 5260 quo
1288 5185 1407 5242 vulnera
1421 5193 1523 5243 nostra
1536 5187 1704 5260 nuberent3

935 5273 1065 5347 Angelus
1079 5274 1216 5342 exsultat,
1230 5274 1318 5332 bomo
1333 5278 1452 5349 gaudet,
1468 5282 1575 5335 tartara
1591 5285 1725 5336 moerent.

1021 5380 1092 5438 Liil.
1109 5383 1146 5440 De
1166 5383 1255 5440 tribur
1268 5385 1398 5452 partitas
1418 5387 1542 5458 corporis
1558 5384 1671 5442 Christi.

936 5468 1061 5544 Sigusut
1071 5477 1129 5529 tres
1144 5479 1240 5545 partes
1256 5473 1291 5530 de
1305 5472 1413 5531 Christi
1424 5491 1554 5548 corpore,
1567 5475 1664 5549 prima

90 5629 146 5704 tto)
163 5627 194 5688 in
210 5645 266 5688 ms.
284 5626 454 5702 Dluonsusi,
471 5630 530 5690 sive
546 5631 636 5708 Regio
650 5633 714 5704 att,
724 5633 753 5694 bi
768 5638 896 5710 quatuor
909 5653 1015 5699 versus
1029 5641 1261 5718 subsequuntur,
1276 5645 1327 5720 qui
1342 5644 1451 5704 desunt
1466 5645 1496 5704 iu
1511 5644 1671 5718 plerisque.
