3802 6030
28 324 32 331 ,
59 308 62 313 .
170 254 250 318 lete
656 241 746 305 VEN.
769 239 1011 303 erubuissem
1033 242 1232 308 CENOMAN.
1258 248 1378 312 celso.
1808 247 1885 312 130]

169 387 346 461 simplicitas
362 382 472 458 populi,
488 379 581 455 pictus
596 378 679 437 cluss
693 379 824 447 senatus.
1005 397 1033 466 Α
1081 378 1193 437 Sideris
1207 380 1238 438 in
1253 399 1409 441 numerum
1427 384 1607 442 restituenda
1621 382 1682 443 ent.

204 478 267 537 Nou
281 474 387 550 poterit
398 471 490 530 nostri
506 469 660 544 sanguinis
675 484 740 526 esse
754 483 817 524 rea.
1042 466 1214 527 iucundum
1229 472 1356 545 felixque
1372 475 1445 530 mori
1461 491 1515 531 cur
1528 476 1652 545 abnegat
1666 473 1680 531 t
1695 477 1751 532 aut
1765 490 1824 533 cur

168 570 223 626 sed
240 581 334 638 neque
348 560 499 620 blanditiis
515 577 561 616 me
576 557 742 624 sollicitate,
757 554 895 623 Quirites,
1080 561 1171 617 noma
1186 561 1258 618 mihi
1274 579 1393 637 campos
1407 564 1521 621 invidet
1535 564 1638 621 pugo,
1653 563 1668 621 p

202 656 280 716 Neve
291 668 487 729 supervacuae
503 649 694 724 multiplicate
709 665 820 723 preces,
1044 649 1224 724 Composito
1241 660 1308 726 post
1323 657 1422 711 carnis
1437 671 1513 713 onus
1528 661 1653 729 cognata
1667 655 1801 715 revisam

168 745 321 821 Proposito
337 741 448 801 resilire
464 758 517 799 suo
533 741 694 813 ereptisque
707 739 816 796 moveri
1078 738 1189 811 Sidera,
1204 742 1254 798 ubi
1270 743 1328 799 uita
1342 744 1479 803 liberiore
1495 746 1609 814 truens,

205 837 312 896 Nostra
327 832 429 904 nequit
443 831 529 896 ratio,
544 831 597 888 sed
611 829 667 886 sibi
684 835 763 886 certa
779 832 888 886 manet.
1043 829 1140 886 llebus
1155 831 1331 904 prospiciam
1349 833 1446 905 letus,
1461 834 1591 908 Urbique
1605 835 1726 907 timebo,

166 925 304 997 Quaesivi,
316 940 369 982 neo
384 924 512 996 egotam
528 938 587 978 non
602 919 742 993 quesisse
757 920 861 976 nociva
1079 918 1257 996 Majorisque
1272 924 1361 980 terem
1378 924 1544 981 sedulitatis
1559 941 1642 998 opus.

203 1016 336 1085 Munere,
352 1029 405 1071 nec
421 1011 545 1084 populus
560 1027 617 1066 non
633 1009 773 1066 tribuisse
788 1012 894 1081 potest.
1345 1059 1486 1116 GANTUS
1504 1058 1552 1116 xv

164 1112 238 1166 Dum
255 1121 359 1180 punem
381 1118 454 1176 puro
469 1101 553 1158 licuit
567 1101 623 1157 sub
638 1115 758 1173 corpore
774 1102 902 1157 menum
1554 1098 1561 1114 ·

200 1196 282 1268 Esse,
299 1211 352 1253 nec
366 1193 402 1251 ad
418 1190 562 1249 scelerum
577 1190 742 1264 perniciose
754 1188 844 1258 trahi,
1040 1192 1213 1263 Argumenta
1228 1197 1345 1250 movent
1357 1194 1552 1268 perplexaque
1571 1194 1659 1252 verba
1674 1194 1813 1263 Quirites.

47 1288 57 1321 ·“
164 1287 299 1344 Innocuae
314 1282 426 1359 placuit
439 1282 503 1337 vitae
518 1278 628 1338 felicior
642 1295 726 1338 usus.
1078 1283 1140 1336 Nou
1155 1280 1224 1338 data
1238 1298 1302 1354 quae
1319 1282 1460 1341 dederant
1473 1290 1534 1340 arte
1552 1285 1675 1355 probare
1688 1282 1807 1341 volunt.

201 1374 255 1434 ltlo
270 1375 381 1432 crimen
396 1377 459 1429 eret
477 1375 608 1444 tempore
623 1369 695 1427 velle
710 1369 784 1427 mori
800 1388 808 1440 ;
1040 1366 1104 1423 Non
1119 1368 1202 1426 decet
1212 1374 1262 1426 aut
1273 1370 1370 1428 decuit
1382 1373 1512 1446 rigidum
1523 1381 1720 1447 sanctumque
1731 1381 1858 1433 senatum

163 1465 248 1523 Nunc
262 1463 332 1537 quie
347 1459 507 1534 compellor
521 1459 600 1533 turpi
614 1459 780 1517 sordescere
795 1459 892 1534 culpe,
1075 1460 1290 1530 argumentosa
1304 1459 1462 1519 calliditate
1477 1461 1570 1536 loqui.

198 1551 358 1612 Abstrahor
372 1555 401 1607 et
414 1550 478 1606 rite
493 1547 682 1622 simplicitate
694 1565 774 1605 mes.
1040 1551 1211 1621 Entymema
1226 1554 1321 1618 sonat,
1338 1556 1424 1608 sonat
1437 1551 1507 1609 hinc
1523 1553 1666 1623 inductio,
1682 1552 1792 1611 Varrus

161 1643 292 1702 meros
306 1641 341 1717 [t.
365 1639 527 1713 AEtbereos]
554 1643 637 1697 actus
666 1639 795 1696 animem
813 1643 986 1713 partemque
1075 1637 1172 1694 Verba
1185 1654 1236 1711 per
1250 1639 1399 1698 anlrectue
1415 1642 1531 1715 fertque
1546 1642 1692 1716 refertque
1707 1659 1806 1717 vagos.

783 1727 947 1800 (caducam,
998 1723 1141 1836 Bllescio
1156 1727 1225 1797 quid
1242 1744 1381 1802 maguum
1393 1731 1478 1786 tacite
1493 1729 1669 1788 concludere
1684 1735 1736 1788 tau
1746 1735 1797 1802 tat,

197 1823 310 1897 Corpus
324 1823 361 1880 ab
376 1820 516 1878 alterutro
530 1818 692 1878 dissociare
706 1818 784 1877 licet.
1074 1818 1108 1871 et
1123 1813 1216 1889 logica
1231 1832 1340 1892 sensprn
1357 1834 1402 1876 me
1417 1819 1528 1875 retinne
1541 1818 1612 1893 ligat
1628 1835 1635 1876 :

162 1911 271 1970 Doctus
286 1914 314 1968 et
328 1916 453 1967 extense
469 1908 576 1966 mentis
591 1907 734 1980 fameque
749 1905 855 1979 prioris
1037 1904 1092 1963 Sed
1106 1911 1204 1965 temen
1219 1909 1331 1983 argutis
1347 1915 1462 1967 nonest
1478 1927 1513 1966 ea
1529 1911 1629 1985 lingue
1643 1909 1721 1984 sopb
1732 1910 1811 1978 istis,

195 2002 291 2061 ludex
305 1999 472 2075 astrologus
487 1998 651 2072 prodigiosa
665 1997 756 2055 canit.
1074 1995 1111 2055 lit
1124 1997 1242 2054 valeant
1256 2003 1349 2070 erepto
1366 2014 1411 2056 me
1428 2015 1574 2056 removere
1589 2015 1665 2057 meo.

160 2091 237 2152 Dicit
249 2092 328 2148 enim
348 2089 392 2148 sio
406 2105 498 2163 pense
512 2088 598 2145 trium
612 2088 752 2161 fusosque
767 2102 902 2145 sororum
1037 2085 1201 2161 Eloquitur,
1215 2086 1390 2162 vultumque
1406 2089 1451 2145 sui
1468 2089 1615 2146 sermonis
1630 2090 1752 2147 inaurat

193 2180 327 2250 volvere,
343 2180 386 2238 sio
400 2196 506 2239 cursus
521 2179 619 2238 sidera
634 2179 707 2236 terre
722 2194 804 2246 suos,
1073 2175 1174 2243 Pollio,
1191 2177 1308 2235 lecuudl
1327 2178 1453 2252 pectoris
1477 2195 1559 2236 orma
1575 2184 1685 2236 moret.

66 2284 74 2295 ‘
157 2270 196 2332 tlt
211 2273 337 2345 perimet
352 2271 496 2345 patricida
510 2276 636 2345 petrem,
652 2269 835 2342 charumque
850 2284 983 2328 cruorem
1036 2265 1155 2334 Suadet,
1171 2269 1304 2338 adornat,
1318 2267 1389 2341 agit,
1404 2272 1606 2339 oratoremque
1625 2269 1739 2326 coloret

192 2362 319 2431 Fundat,
335 2364 364 2416 et
376 2361 498 2435 incipiat
512 2359 638 2432 turpiter
652 2374 718 2415 esee
732 2373 851 2417 nocens.
1070 2354 1185 2412 alterat
1199 2365 1259 2414 erte
1272 2355 1375 2414 modos
1402 2356 1510 2414 alteret
1521 2364 1583 2415 arta
1594 2359 1681 2415 uires.

31 2490 47 2501 --
158 2453 224 2511 Sive
239 2467 335 2508 meam
351 2450 422 2507 vidit
437 2449 563 2507 natalem
579 2447 713 2521 scorpius
728 2448 842 2518 horem,
1034 2448 1098 2503 Non
1113 2444 1856 2523 eadepictaevenus1ideetvenustas]estautgratis

170 2606 174 2613 ,
194 2546 260 2605 sive
274 2541 410 2616 signiferi
425 2539 508 2599 stella
523 2540 654 2596 timenda
670 2540 760 2607 senis,
1758 2539 1851 2614 [uncis.

158 2638 216 2692 Aut
230 2635 326 2709 gravis
341 2631 483 2689 alterutro
502 2630 658 2687 Saturnius
674 2628 831 2686 inheserat
845 2635 933 2701 astro,
1033 2624 1101 2690 Ocu
1116 2641 1182 2682 mec
1197 2632 1342 2699 pervertat
1359 2631 1437 2697 cute,
1453 2642 1612 2701 meumque
1627 2628 1715 2685 mori.

193 2724 321 2781 Fuderat
335 2726 385 2779 eut
400 2719 480 2777 virus
495 2720 601 2776 martia
615 2718 698 2776 stella
712 2735 805 2776 suum.
1033 2713 1164 2788 Agrestis
1180 2720 1240 2772 tem
1256 2732 1324 2773 vuoc
1340 2716 1404 2785 luit,
1420 2733 1508 2789 quem
1519 2722 1598 2774 veste
1612 2716 1768 2786 Camillus,

33 2860 39 2865 .
157 2808 977 2882 18⁰8lnlatebrasenimeglndiuspenetrabitudectus,
1068 2805 1175 2862 Gratus
1190 2807 1268 2878 apud
1286 2821 1407 2880 superos
1422 2806 1589 2863 rusticitate
1604 2823 1669 2864 sue.

192 2903 322 2960 Profluet
336 2904 365 2958 et
379 2900 445 2956 vitae
461 2898 589 2956 maxima
602 2915 690 2956 cause
706 2914 802 2956 cruor.
1031 2897 1094 2950 Non
1111 2894 1197 2968 pictis
1212 2895 1297 2967 nugis
1314 2895 1399 2969 rigidi
1414 2895 1547 2968 placuere
1561 2899 1706 2966 Catuuss;

155 2991 299 3051 Discutiet
314 2991 422 3048 terrum
439 2989 546 3046 mentis
561 2990 701 3062 carnique
711 2994 853 3062 tenorem,
1067 2984 1169 3042 Sermo
1185 2992 1287 3056 patens
1303 2984 1361 3041 illis
1376 2990 1405 3042 et
1415 2985 1479 3043 sine
1492 2991 1573 3043 reste
1588 2986 1654 3043 luit,

190 3080 412 3152 Concordesque
426 3079 515 3147 vices,
531 3077 797 3151 complacitamque
810 3077 897 3136 tidem
913 3097 922 3138 ε
1031 3076 1144 3149 Agresti
1161 3077 1241 3134 Latio
1257 3077 1429 3134 monstravit
1443 3078 1551 3135 (treola
1572 3077 1726 3150 blandum,

31 3240 35 3247 Ι
154 3169 307 3238 Discutiet,
324 3167 558 3236 dicu,neceuim
575 3160 901 3224 me'ameushebileret
990 3153 1012 3222 G
1066 3166 1731 3242 Grecinperplexum,Graeciagrnndeloqui.

187 3260 362 3330 corpoream
377 3255 446 3313 vitio
463 3254 636 3329 participare
652 3255 684 3329 [l.
700 3255 905 3328 participante]
920 3255 975 3313 dc·
1030 3255 1052 3312 0
1067 3255 1163 3329 gravis
1178 3256 1228 3311 illa
1242 3256 1316 3325 dies,
1332 3272 1390 3327 qua
1404 3255 1528 3329 simplex
1542 3261 1571 3314 et
1585 3259 1658 3314 rude
1673 3275 1775 3317 verum

868 3346 972 3421 [mum.
1063 3344 1191 3410 sorduit,
1206 3349 1234 3401 et
1249 3344 1318 3419 picti
1335 3344 1402 3416 plus
1417 3345 1553 3418 placuere
1568 3345 1633 3403 soni
1649 3346 1657 3404 1

60 3436 64 3447 '
150 3432 222 3494 Nem
237 3435 317 3493 velut
331 3434 465 3507 opposite
479 3434 625 3490 contraria
640 3435 734 3490 tronto
748 3438 922 3508 repugnant,
1026 3435 1136 3508 AEquor
1150 3434 1317 3492 inaccessas
1333 3435 1445 3492 utinum
1461 3436 1576 3493 iecisset
1591 3436 1734 3509 Athenas,

185 3524 233 3582 Sic
246 3541 330 3583 meus
346 3524 376 3580 iu
391 3524 495 3580 vitium
510 3523 631 3596 spiritus
647 3539 730 3581 arma
744 3529 850 3591 movet,
1062 3523 1124 3582 Non
1141 3524 1216 3579 toret
1232 3522 1339 3596 eloquii
1355 3523 1448 3581 ltoura
1463 3526 1555 3581 nitore
1571 3542 1692 3584 nocens.

148 3618 184 3672 lit
199 3630 264 3670 mee
279 3628 363 3671 mene
379 3613 504 3669 oriunda
517 3612 583 3684 polo
599 3616 780 3685 cognataque
796 3612 901 3683 stellis,
1024 3613 1140 3682 Quisve,
1156 3612 1299 3685 quibusve
1315 3612 1407 3683 dabit,
1423 3614 1447 3669 si
1465 3620 1581 3672 nostras
1596 3615 1691 3688 ipsius
1706 3615 1760 3673 ibit

183 3701 300 3761 Naturae
316 3716 427 3758 memor
441 3705 497 3768 est,
510 3701 705 3774 principiique
719 3701 765 3757 sui
783 3719 790 3770 ;
1057 3701 1129 3759 Tem
1145 3700 1206 3759 leve
1221 3701 1390 3776 despectum
1410 3703 1533 3761 Romula
1548 3715 1647 3761 nostra
1663 3707 1789 3778 preces?

148 3791 180 3847 ill
196 3790 266 3863 quie
282 3790 444 3862 primorum
460 3806 549 3862 puros
565 3788 702 3863 iutelligit
717 3795 799 3848 crtus
1021 3791 1074 3859 Qui
1090 3808 1164 3847 suus
1179 3789 1298 3849 illorum
1313 3792 1457 3850 Dominus
1472 3793 1604 3863 Latiique
1618 3794 1757 3867 jacentis,

62 3902 65 3907 ·
179 3879 250 3936 ttilia
275 3877 441 3952 splendoris
458 3880 499 3954 [id
526 3885 567 3937 est
586 3881 682 3955 ratlol,
707 3881 802 3940 noctis
830 3882 966 3942 abhorret
1055 3880 1188 3954 captivas
1206 3881 1327 3956 Aquites
1343 3883 1434 3940 victor
1450 3883 1486 3939 ab
1502 3883 1584 3941 hoste
1597 3884 1664 3954 tull,

867 3973 964 4048 [opus.
1019 3971 1186 4045 AEternique
1200 3972 1298 4045 probri
1315 3972 1445 4030 maculas
1459 3979 1489 4030 et
1503 3973 1627 4032 crimina
1638 3975 1718 4032 tersi.

143 4057 243 4117 Noctis
258 4058 397 4116 abhorret
411 4075 497 4132 opus,
514 4060 638 4132 altaeque
652 4064 740 4132 caput
759 4059 880 4119 rationis
1055 4063 1167 4119 Rursus
1183 4067 1211 4120 et
1226 4062 1359 4119 induitur
1374 4063 1466 4120 ttnma
1480 4064 1583 4122 decore
1598 4065 1718 4141 [colore]
1732 4083 1798 4135 srro.

178 4146 305 4219 Spiritus
321 4149 357 4204 ed
372 4150 469 4206 carnis
484 4154 562 4208 tluxn
576 4151 673 4207 venire
689 4151 771 4207 timet
786 4166 793 4207 ε
1018 4153 1123 4210 1809
1137 4151 1164 4208 Si
1181 4151 1254 4209 nibil
1269 4154 1413 4210 Ausonius
1428 4170 1552 4212 exorans
1581 4172 1713 4228 purpura
1731 4159 1836 4232 tangit,

142 4237 202 4299 Neu
217 4238 340 4296 messio
355 4239 434 4296 cerni
450 4256 535 4297 mens
545 4240 701 4297 ancillatur
714 4238 834 4313 iniquas,
1054 4242 1244 4316 Personeque
1259 4258 1330 4299 meae
1346 4243 1441 4316 gratia
1456 4244 1547 4301 surda
1562 4245 1646 4317 perit.

176 4327 235 4387 Neo
251 4329 293 4386 sic
308 4330 441 4401 descivit,
456 4332 637 4408 diriguitque
652 4329 753 4396 semel,
1016 4333 1053 4389 At
1068 4347 1183 4388 mecum
1198 4330 1310 4388 iaciunt
1324 4331 1422 4403 legum
1438 4332 1565 4399 decreta.
1581 4333 1711 4407 meisque

139 4416 269 4493 Frangat
284 4419 358 4476 utin
376 4430 477 4479 nalum
493 4439 632 4496 generoso
647 4427 749 4497 pectus
768 4421 902 4489 honesto,
1051 4421 1234 4478 consensum
1249 4419 1324 4476 votis
1340 4420 1437 4477 littera
1452 4422 1561 4494 praebet
1575 4440 1662 4481 anus.

176 4506 225 4565 ltel
241 4509 353 4582 rigidos
369 4527 474 4569 sensus
490 4513 577 4586 culpe
591 4511 717 4569 resolvat
731 4512 820 4569 iners.
976 4517 1000 4583 D
1016 4514 1055 4568 tls
1069 4507 1140 4567 olim
1156 4525 1241 4565 meus
1256 4514 1302 4565 cst
1315 4514 1413 4566 oretur
1426 4510 1442 4567 J
1448 4511 1626 4581 ustinianus‚

140 4596 216 4670 Ergo
232 4598 303 4655 dum
319 4605 419 4658 sancto
434 4617 519 4658 mene
533 4601 616 4659 setin
632 4616 753 4674 corpore
771 4605 884 4672 sancte,
1052 4600 1180 4659 Viventis
1194 4616 1314 4657 oausam
1332 4606 1449 4658 mortua
1463 4601 1564 4676 lingua
1579 4604 1660 4662 tacit.

175 4685 279 4762 Nilque
294 4703 382 4762 super
396 4690 493 4747 carnis
508 4690 673 4749 conditione
686 4691 788 4765 gemit,
1016 4690 1077 4749 Nun
1091 4693 1188 4746 actore
1200 4689 1289 4762 gravi,
1305 4705 1401 4763 neque
1416 4691 1502 4749 verbo
1517 4709 1646 4766 paupere
1660 4694 1751 4767 nitur,

18 4764 21 4773 ’
138 4775 272 4835 Discednt
285 4777 424 4855 luteaque
438 4782 537 4852 domo,
553 4782 709 4856 carnisque
724 4782 862 4856 tenebris,
1050 4779 1155 4836 181⁰
1169 4777 1285 4835 Arbiter
1300 4777 1330 4835 in
1346 4782 1405 4836 tulo
1421 4781 1567 4839 maximus
1583 4783 1652 4839 crbc
1667 4784 1735 4841 luit.

171 4865 369 4941 vivillcusque
384 4886 483 4928 comes
498 4871 710 4944 aethereumque
721 4872 819 4944 juber.
1016 4873 1077 4929 Dux
1092 4869 1192 4944 pupuli
1207 4869 1298 4926 victur
1313 4886 1421 4927 munus
1437 4873 1515 4946 quod
1530 4873 1633 4946 querit
1647 4872 1766 4934 habeto.

135 4956 167 5014 tn
184 4959 262 5016 terre
276 4963 393 5016 terrena
404 4975 481 5026 caro.
498 4976 582 5017 cneus
595 4961 672 5035 ignis
686 4962 722 5019 ad
738 4964 834 5036 ignem
849 4980 857 5033 ;
1049 4960 1113 5017 Dux
1127 4974 1192 5030 ego,
1207 4957 1298 5016 victor
1312 4975 1377 5033 ego,
1395 4976 1529 5029 munera,
1543 4977 1650 5034 quero,
1664 4962 1734 5020 dats
1750 4980 1759 5023 e

171 5047 215 5105 Ad
232 5048 360 5120 speciem
377 5049 476 5106 redeat
490 5051 584 5124 portio
599 5067 723 5126 quaeque
737 5068 833 5110 suam.
1013 5050 1068 5109 Sed
1085 5049 1155 5123 quia
1171 5048 1343 5107 muneribus
1357 5052 1446 5107 vestri
1462 5052 1603 5125 iungatur
1618 5051 1741 5113 honoris

133 5134 271 5206 Corporis
286 5137 373 5194 invisi
388 5138 472 5198 escis
486 5141 622 5200 excedere
635 5140 772 5200 claustris
1048 5139 1109 5199 Rex
1119 5137 1184 5196 idco
1199 5141 1304 5207 vester,
1319 5137 1428 5198 desinit
1440 5155 1505 5197 esse
1521 5156 1604 5200 suus.

169 5223 232 5283 Non
248 5227 378 5302 trepidat
393 5228 507 5288 meritis
519 5247 603 5290 mens
619 5248 685 5290 msa
698 5234 763 5289 tute
778 5232 842 5290 suis
857 5252 865 5304 ς
1012 5231 1091 5290 Poun
1107 5228 1184 5287 citus
1195 5229 1340 5294 trabeam,
1362 5232 1491 5287 restrum
1505 5232 1583 5289 citus
1596 5246 1672 5291 exuo
1686 5249 1801 5309 regem,

132 5313 235 5375 &ruis
250 5316 288 5374 ab
304 5332 426 5377 excessu
441 5336 562 5395 superos
577 5320 717 5398 migrabit
733 5320 770 5381 ed
784 5337 860 5396 axes,
1051 5320 1133 5377 tiber
1146 5321 1175 5377 et
1189 5315 1345 5392 explicitus
1359 5318 1395 5377 ad
1412 5334 1478 5377 mea
1491 5323 1560 5378 vota
1575 5337 1660 5382 meus
1676 5321 1748 5397 (88).

151 5460 226 5589 ἰ388)
240 5462 287 5519 Sic
302 5464 413 5522 desinit
427 5463 482 5523 boc
497 5481 602 5541 poema
615 5466 651 5523 ab
666 5466 732 5540 ipso
747 5465 961 5554 Hildeberto,ut
1012 5466 1079 5522 dem
1091 5464 1311 5521 tueriteventus
1322 5462 1765 5592 hufuscatastropbsmuodres
1775 5472 1839 5545 ipss

129 5536 961 5686 rael:tueritneetrttelcistereer.
1012 5533 1191 5686 estitit
1206 5534 1343 5608 auu
1462 5535 1839 5612 quieturum
