3802 6030
103 230 181 297 ldae

621 230 804 317 Maueoot
829 229 1078 297 usoouttrtsts
1100 231 1279 298 setscort

43 345 46 348 ’
103 362 228 436 dientes,
242 367 292 424 sed
309 365 643 439 quorumioustodum,
659 382 717 422 non
734 364 870 423 aliorum.
943 366 1041 437 Ased
1058 366 1268 441 modoelquid
1289 368 1554 428 amanthosextrs
1569 367 1603 447 U,
1631 364 1820 444 contraius·

103 458 208 527 Dicite,
223 456 372 523 custodes,
385 457 425 512 ait
442 454 489 512 hic
506 455 577 530 quid
592 456 688 512 dicere
702 455 798 511 sotios.

107 550 165 607 llos
179 549 273 616 aiunt,
289 546 416 617 queris?
430 547 483 604 sed
498 564 555 603 non
567 547 652 603 modo
667 545 754 602 sodes
769 544 897 602 haberis.

105 637 251 696 Curiait.
275 639 465 710 Adjunguut:
494 637 569 703 Quia
594 652 648 692 nos
672 651 756 691 sacra
783 632 931 709 dogmatis

750 724 877 800 [ungunt

104 815 289 885 Chriemats;
304 832 355 873 vos
372 819 470 872 autem
486 814 583 873 colitis
599 831 650 888 pro
665 813 788 872 numine
802 819 927 871 cautem.

104 905 226 973 tuditis,
242 923 279 962 ao
295 907 382 963 certis
399 903 564 962 rationibus
578 905 635 961 iste
650 902 786 962 refertis?

102 993 184 1058 Unus
197 997 254 1054 ait:
266 997 407 1066 Nos‚non,
424 997 474 1053 sed
490 1013 565 1069 quos
578 996 654 1053 Deus
665 996 791 1061 abdicet,
804 994 857 1052 bos
868 1011 927 1053 oon

101 1085 256 1143 Sumimus
271 1086 299 1141 in
316 1087 432 1151 iratres,
449 1101 502 1142 nec
517 1091 555 1151 te.
570 1086 595 1142 si
612 1101 665 1158 pro
680 1083 750 1140 love
766 1084 863 1141 latres.

102 1175 307 1233 Christilerum
322 1176 417 1234 loedus
432 1174 501 1241 olet,
516 1174 564 1231 bic
578 1174 621 1230 ait
635 1175 698 1247 ipse
713 1174 846 1230 veredus.

103 1265 166 1324 Non
183 1265 231 1322 hio
245 1270 426 1330 nostrorum,
442 1281 499 1321 non
517 1269 562 1321 cet
577 1264 650 1321 odor
663 1264 719 1321 iste
734 1264 868 1322 deorum.

103 1357 182 1419 Dixit
195 1361 224 1416 et
237 1354 388 1427 adjunxit:
405 1356 476 1425 ouis
490 1371 541 1411 vos
556 1353 606 1421 ita,
618 1370 717 1428 queso
730 1351 887 1426 perunxitl

103 1445 176 1514 Quis
190 1445 246 1502 tuit
260 1443 307 1503 bis
322 1443 427 1501 iictori
441 1442 547 1501 Docuit
562 1442 692 1501 vestalia
709 1443 813 1503 Victor.

103 1536 186 1596 Tunc
200 1535 273 1593 satie
287 1534 392 1603 iratus,
408 1548 461 1591 neo
472 1532 539 1607 plus
554 1532 584 1590 in
600 1533 651 1590 lite
666 1536 797 1590 moreius

101 1622 197 1683 iussit
211 1629 244 1682 at
257 1623 379 1694 exirent,
393 1626 422 1679 et
436 1639 495 1699 quo
511 1622 703 1696 graderentur
717 1622 841 1681 abirent.

100 1712 205 1782 tussit,
221 1717 250 1772 et
264 1714 416 1778 incedunt,
427 1713 558 1786 gaudent
571 1712 642 1785 quia
657 1712 790 1784 proxima
802 1712 927 1771 credunt
942 1746 965 1814 B

101 1804 172 1866 Fata
186 1804 271 1862 beata
283 1804 355 1870 iore,
370 1802 549 1858 benedicunt
563 1803 666 1858 mortis
680 1807 710 1858 et
723 1799 811 1858 hore.

137 1894 180 1952 sd
198 1895 261 1949 iore
275 1891 308 1947 llt
322 1897 450 1966 ventum,
464 1891 526 1961 lem
547 1895 617 1946 suot
631 1889 671 1947 ibi
687 1889 781 1947 millia
804 1894 925 1949 eentum

100 1983 156 2050 Oui
169 1980 257 2039 simul
275 1984 444 2054 exspectent
460 1979 485 2036 si
501 1995 581 2037 mors
595 1984 647 2037 aut
660 1979 782 2036 verbera
805 1979 926 2038 flectant

100 2075 155 2134 Cor
170 2071 237 2129 lidei
252 2074 354 2137 tonte,
368 2067 394 2108 ὅ
407 2086 474 2127 cum
488 2068 586 2126 Victor
599 2069 713 2127 venerit
726 2074 804 2127 ante.

100 2170 205 2225 Rector
219 2164 252 2239 [f.
268 2166 384 2238 pretor]
412 2168 441 2220 et
455 2162 518 2235 ipse
531 2162 630 2232 venit;
656 2162 738 2236 priits
766 2164 846 2219 huno
875 2181 926 2238 per

636 2248 771 2327 [munera
780 2252 852 2310 lenit
860 2272 872 2323 ,-

99 2345 170 2403 Cum
188 2343 297 2417 refugit
311 2358 432 2412 munus,
448 2342 594 2418 promittit
608 2347 710 2415 postea
726 2346 826 2400 l'unus.

100 2433 157 2493 Sed
174 2442 310 2490 neutrum
325 2433 433 2489 donum
450 2433 546 2505 potnit
561 2438 674 2490 mutare
687 2439 856 2504 patronum.

100 2526 283 2584 Conveniunt
298 2534 399 2594 gentes
411 2541 487 2579 nunc
503 2524 583 2594 hior,
601 2540 676 2580 nunc
689 2523 757 2580 inde
772 2529 901 2594 ruentes,

99 2612 335 2685 Concutiuntqoe
347 2611 442 2668 locum
460 2614 574 2670 divorso
587 2613 700 2668 turbine
715 2629 830 2670 vocum.

99 2702 201 2762 lm
224 2702 271 2759 Fit
286 2701 426 2774 strepitus
443 2701 565 2774 multus,
581 2719 629 2760 rex
644 2704 768 2776 querit:
784 2703 832 2760 bic
847 2703 925 2760 uude

686 2791 871 2865 [tumultusi

97 2878 216 2949 Oderit,
231 2884 261 2936 et
274 2885 307 2936 ut
320 2879 416 2948 scivit,
432 2881 494 2938 lora
510 2897 578 2939 mox
593 2880 771 2938 turtounctue
784 2883 887 2942 adivit.

98 2966 231 3044 Cumque
244 2969 347 3028 vident
362 2970 455 3028 turbe
470 2972 538 3043 quie
554 2987 602 3028 rex
616 2972 746 3044 procedit
760 2972 798 3028 ab
815 2972 896 3044 urbe,

98 3063 163 3117 llox
178 3060 311 3118 habitum
329 3067 769 3136 mutant,metuttniregemque
781 3063 922 3120 salutant.

99 3148 158 3207 ilex
170 3149 252 3216 abiit,
269 3166 385 3207 sessum
401 3168 535 3208 murmur
547 3152 632 3224 ¹lubet
646 3169 711 3209 esee
726 3169 905 3225 repressum,

101 3238 277 3314 tmperiique
289 3246 382 3298 metus
397 3243 579 3313 compescuit
594 3243 725 3318 undique
739 3247 842 3302 cretus.

102 3326 186 3386 'iuno
200 3330 241 3386 sit
256 3330 292 3387 ad
309 3330 422 3404 plebes:
433 3333 463 3388 Si
478 3331 549 3407 quid
564 3332 647 3395 mibi.
663 3349 734 3400 pens
745 3333 922 3405 meu‚debcs‚

102 3419 222 3476 Consilii
239 3421 318 3490 recti,
335 3420 359 3476 si
375 3419 419 3476 vis
434 3436 499 3477 mee
510 3422 594 3493 jussa
608 3421 727 3489 reflecti,

100 3508 172 3564 Cum
191 3511 289 3566 minus
304 3510 424 3579 irescar¹
442 3526 477 3566 ne
490 3516 586 3567 vestro
600 3512 745 3583 sangnine
760 3528 872 3583 poscor,

99 3597 166 3654 iam
182 3614 271 3670 super
283 3598 475 3671 hocaequam
491 3602 919 3674 poenampeneoteeodequnm

99 3689 230 3754 Ponam,
248 3688 298 3742 sed
315 3686 403 3743 talem
417 3703 505 3759 quam
527 3687 635 3743 sentiat
649 3688 806 3746 exitialem.

97 3773 203 3830 Nullus
217 3775 313 3832 adbuc
329 3775 418 3847 leges,
435 3775 534 3831 nullus
549 3778 592 3831 sio
607 3776 734 3847 denique
748 3793 830 3851 reges

94 3863 219 3936 sprevit.
232 3872 259 3920 at
274 3865 304 3920 in
334 3880 467 3921 summos
483 3880 613 3939 unquam
631 3868 685 3921 luit
699 3867 746 3923 bic
765 3868 917 3928 hominum

787 3956 847 4032 [mo

93 4040 195 4102 Dicere
210 4045 286 4116 quot
305 4043 397 4115 dixit3
412 4044 492 4100 velut
506 4061 562 4102 uno
577 4044 697 4103 vulnera
714 4047 776 4104 fixit

93 4131 915 4210 Nosque.deumquetrenuspullusnieldemonsplenus.

93 4227 150 4280 Per
164 4224 289 4281 similem
306 4231 414 4281 sortem
430 4226 545 4280 studuit
560 4236 745 4283 contemnere
759 4233 892 4285 mortem.

93 4314 147 4370 Hie
160 4311 247 4370 homo
262 4329 427 4385 suspensus
441 4314 529 4384 erepit
543 4325 705 4386 pervertere
721 4332 838 4387 senene,

92 4400 202 4460 Versus
216 4408 245 4458 et
258 4403 293 4459 ad
322 4411 434 4475 gentes.
451 4403 488 4462 ed
503 4403 651 4459 Christum
664 4412 776 4462 vertere
790 4414 913 4464 meotes.

92 4490 151 4548 Hoc
164 4492 260 4547 aiebat
271 4494 333 4549 eis:
349 4492 453 4548 l'ueret
468 4494 513 4550 les
528 4510 612 4567 aqua
627 4494 769 4562 Thelepte,

926 4486 950 4552 o

1513 458 1608 533 [mina
1621 459 1775 517 clament

984 544 1119 618 luppiter
1133 551 1162 603 et
1174 549 1252 603 June
1267 563 1340 620 quos
1354 548 1485 620 germine
1499 548 1653 606 credimus
1671 565 1734 606 uno

984 636 1167 708 Progenitoe‚
1185 636 1232 692 isti
1249 653 1300 708 pro
1315 640 1402 708 quus
1417 635 1440 673 ⁸⁸
1455 640 1554 696 nescio
1569 638 1690 696 Christi

982 725 1106 784 Nomine
1119 724 1284 782 vilescunt:
1300 729 1376 799 qood
1393 727 1418 783 si
1435 743 1508 783 nova
1518 728 1667 802 dogmata
1685 736 1822 786 crescunt

982 818 1015 871 Et
1028 827 1110 871 vetus
1125 813 1148 851 ⁸¹
1165 832 1236 872 usus
1251 818 1320 884 abit,
1341 815 1396 875 boe
1409 817 1541 888 luppiter
1557 818 1786 892 improperabit

982 902 1035 963 Om
1047 924 1050 929 ·
1060 903 1124 963 ibus
1138 904 1167 961 io
1183 921 1309 982 quorum
1325 907 1461 963 menibus
1475 912 1548 962 suot
1558 908 1635 978 jura
1651 909 1794 968 deorum.

982 991 1040 1050 Sed
1054 991 1193 1066 quoniam
1208 993 1306 1065 regnis
1319 1009 1374 1050 non
1391 992 1527 1050 convenit
1539 995 1612 1051 ultio
1632 997 1755 1068 segnis,

982 1081 1063 1148 Quod
1079 1083 1147 1138 iacit
1161 1091 1188 1139 et
1204 1085 1279 1139 latur
1290 1087 1436 1140 sententto
1450 1088 1549 1141 nostro
1565 1093 1731 1159 sequatur.

1018 1173 1084 1232 Hoc
1100 1175 1148 1231 obi
1162 1175 1342 1244 dictadedit‚
1358 1178 1433 1248 quod
1447 1179 1507 1248 jam
1523 1182 1620 1252 magis
1634 1179 1713 1237 utile
1729 1182 1818 1240 credit

983 1264 1041 1321 lloc
1055 1263 1132 1321 velut
1145 1281 1180 1322 ex
1195 1280 1252 1321 uuo
1264 1266 1453 1323 commendat
1468 1268 1551 1324 turbs
1566 1269 1695 1328 tribuno

982 1356 1049 1423 Qum
1064 1354 1136 1410 dum
1150 1358 1213 1411 tots
1227 1352 1305 1422 silet,
1316 1355 1341 1411 si
1356 1354 1421 1413 diva
1436 1358 1567 1430 potentia
1580 1357 1670 1426 vilet.

982 1446 1089 1500 Pretor
1102 1442 1145 1499 ait
1160 1443 1239 1519 regi:
1256 1443 1334 1503 Nihil
1352 1449 1398 1502 est
1413 1445 1606 1520 punimquod
1622 1449 1686 1520 egi,

982 1536 1021 1589 De
1040 1531 1173 1590 minimis
1187 1533 1276 1591 rebus
1290 1533 1456 1592 conclamat
1470 1537 1507 1593 ab
1522 1536 1631 1595 albere
1648 1538 1781 1598 Phoebos

981 1622 1225 1681 aescendere
1247 1639 1279 1681 se
1302 1623 1400 1693 terris,
1416 1624 1453 1681 sd
1468 1642 1532 1699 quis
1545 1624 1571 1663 ⁸⁸
1595 1628 1752 1685 reticenda
1769 1647 1809 1688 re-

1677 1718 1762 1776 serris

980 1801 1013 1858 lit
1027 1807 1110 1875 pater
1123 1807 1153 1858 st
1167 1807 1256 1874 tutor,
1272 1819 1341 1860 nem
1356 1803 1380 1859 si
1393 1802 1502 1878 quibus
1514 1804 1620 1861 usibus
1635 1715 1710 1865 uAEor

978 1891 1102 1950 Perdere
1116 1893 1190 1949 duco
1205 1907 1304 1965 grave,
1321 1892 1377 1949 diis
1392 1909 1450 1949 oon
1463 1909 1528 1950 reor
1540 1910 1608 1952 esse
1623 1913 1731 1955 suave.

977 1979 1047 2038 lndc
1062 1985 1177 2038 moneto
1191 1983 1299 2049 virum,
1314 1997 1349 2038 ne
1364 1981 1449 2039 eilde
1464 1983 1596 2057 principe
1612 1986 1729 2047 mirum

977 2068 1047 2126 Cum
1062 2070 1144 2141 prius
1159 2070 1277 2140 erloino,
1293 2071 1318 2129 si
1335 2089 1381 2128 res
1396 2076 1597 2146 properaveris
1612 2074 1702 2145 istas,

975 2158 1101 2230 Vepulet
1117 2161 1273 2229 elmodal,
1289 2178 1365 2219 nova
1380 2162 1463 2232 dixit,
1485 2167 1513 2219 et
1527 2163 1608 2221 bunc
1623 2183 1706 2223 nova
1727 2167 1806 2225 laedat

977 2247 1075 2317 Piens,
1092 2267 1242 2325 novosque
1257 2250 1357 2311 dolor:
1374 2252 1417 2310 sic
1431 2260 1470 2323 te,
1487 2258 1529 2311 etc
1543 2256 1672 2311 numina
1689 2257 1777 2317 solor.

976 2338 1006 2395 Si
1031 2338 1104 2397 nibil
1129 2341 1255 2398 oblectat
1281 2342 1314 2415 [t.
1346 2342 1494 2416 objectio,
1525 2361 1579 2400 sua
1603 2350 1634 2401 te
1656 2348 1805 2404 conversio

1529 2500 1531 2504 Α
1630 2433 1757 2508 [flectet

976 2518 1004 2574 Si
1021 2517 1089 2574 sarit
1102 2519 1270 2590 utdudum,
1287 2519 1330 2576 lac
1342 2519 1424 2577 illum
1440 2520 1546 2578 ducere
1562 2524 1684 2582 nudum

976 2607 1029 2665 Per
1044 2612 1115 2674 lora,
1131 2625 1181 2680 per
1196 2609 1290 2676 vicos;
1307 2617 1434 2682 ponetur
1449 2617 1477 2666 et
1492 2612 1568 2668 inter
1582 2615 1702 2671 amicos

975 2698 1114 2772 Quisquis
1127 2716 1193 2755 eum
1210 2701 1310 2766 cedet,
1327 2717 1394 2756 cum
1408 2718 1460 2758 nec
1474 2702 1520 2759 dis
1536 2719 1589 2758 nec
1600 2704 1654 2760 tibi
1672 2704 1773 2765 credet

973 2789 1132 2860 euppttotis
1146 2793 1230 2861 pejus
1244 2807 1348 2846 sensus
1365 2791 1417 2847 tibi
1432 2790 1559 2848 consulit
1571 2794 1652 2863 ejus.

1011 2876 1072 2935 Rex
1083 2879 1161 2952 cepit
1171 2888 1197 2935 st
1212 2878 1426 2937 laudatviotor
1441 2882 1555 2937 renitet
1570 2882 1659 2956 qussi
1671 2882 1800 2956 plaudat.

975 2964 1081 3023 Lelior
1094 2976 1223 3039 apparet,
1238 2968 1383 3044 quiajam
1400 2986 1455 3025 sua
1470 2969 1567 3041 passio
1581 2970 1690 3029 claret.

977 3056 1058 3114 Tune
1073 3057 1113 3115 alt
1127 3061 1276 3130 Augustus
1293 3075 1300 3117 τ
1316 3059 1346 3116 Si
1363 3060 1480 3117 nonnisi
1495 3077 1589 3117 cesus
1606 3067 1637 3119 et
1653 3071 1743 3122 ustus

978 3145 1131 3205 Distulerls
1144 3155 1255 3215 votum,
1271 3151 1417 3208 constabit
1431 3151 1532 3208 inutile
1547 3155 1657 3224 totum,

977 3234 1132 3313 Turpeque
1148 3239 1272 3296 ducetur
1287 3257 1339 3312 per
1353 3245 1382 3296 te
1395 3241 1592 3313 quodeunque
1605 3241 1738 3312 leretore

976 3324 1035 3382 Nec
1048 3326 1129 3384 iovis
1141 3328 1218 3385 hanc
1234 3334 1342 3396 sumet,
1360 3329 1485 3387 mullum
1502 3329 1570 3387 licet
1584 3330 1687 3389 hostia
1704 3335 1802 3394 tumet

976 3416 1157 3490 Martyrium,
1173 3434 1300 3492 spesque
1311 3418 1438 3475 Victoris
1453 3419 1512 3476 liba
1527 3436 1692 3493 precesque

976 3503 1047 3560 Cum
1062 3508 1197 3565 dederint
1211 3508 1314 3576 risum,
1329 3512 1433 3566 merito
1449 3526 1513 3566 reor
1524 3526 1590 3567 esse
1606 3512 1751 3571 recisum.

975 3595 1105 3672 Denique
1120 3615 1173 3655 nos
1189 3599 1294 3672 perdes
1308 3600 1424 3656 etiamsi
1441 3599 1529 3656 multo
1546 3616 1636 3671 super
1652 3604 1728 3676 ἀοῦς

974 3686 1076 3745 Postea
1092 3688 1184 3745 multa
1199 3688 1252 3744 tibi
1267 3690 1432 3746 scribentur
1448 3690 1565 3762 praemia
1577 3689 1646 3748 tibi.

974 3777 1089 3833 Dixerat
1101 3780 1271 3850 Augustus:
1290 3778 1320 3835 Si
1336 3795 1392 3835 non
1411 3778 1466 3835 nisi
1482 3785 1622 3836 recuset
1638 3787 1739 3839 ustus.

972 3865 1071 3923 Victor
1085 3868 1139 3924 ait:
1157 3868 1291 3938 Mortem,
1307 3869 1377 3946 quid
1391 3878 1482 3926 tecum
1500 3868 1600 3926 nescio
1616 3875 1759 3931 tractem,

972 3954 1043 4012 Cum
1055 3954 1080 3994 ⁸⁹
1082 3997 1137 4015 .....
1151 3965 1179 4013 et
1190 3974 1294 4014 cernas
1310 3964 1408 4014 utrum
1426 3974 1476 4029 per
1489 3957 1559 4015 telis
1573 3965 1695 4019 stersus

970 4049 1114 4121 Spemque
1129 4062 1283 4119 meumque
1307 4047 1406 4114 iidem.
1421 4047 1476 4104 etsi
1491 4052 1697 4121 permanseris
1726 4051 1798 4109 ldero

970 4133 1035 4205 Ipse
1051 4153 1133 4199 meus
1147 4136 1255 4204 rullus,
1272 4137 1360 4193 etiem
1375 4136 1418 4193 vel
1433 4138 1552 4211 quoodo
1567 4143 1720 4211 seputtus,

969 4223 1000 4280 Si
1016 4241 1127 4282 cremer
1141 4231 1169 4282 et
1183 4227 1288 4293 redae,
1305 4236 1434 4298 pareest
1450 4227 1498 4283 ubl
1514 4244 1574 4284 non
1590 4245 1647 4293 stro
1663 4231 1774 4305 ledere

969 4311 1027 4370 Nec
1048 4329 1146 4370 vereor
1161 4319 1271 4370 tantum
1288 4318 1380 4371 turias
1395 4319 1424 4372 et
1437 4316 1525 4372 verba
1538 4318 1726 4387 minantum,

968 4401 1042 4469 Quin
1059 4403 1144 4460 nihili
1160 4405 1283 4476 pendam
1299 4403 1343 4460 vol
1359 4405 1395 4462 ad
1410 4405 1471 4462 haec
1485 4406 1631 4480 suffragia
1645 4412 1781 4480 trudam,

968 4490 1003 4551 Ut
1017 4491 1099 4549 lovis
1115 4493 1190 4549 benc
1204 4499 1312 4565 sumat,
1328 4494 1351 4550 si
1368 4512 1425 4565 que
1441 4495 1512 4550 milti
1527 4495 1652 4554 victime
1669 4499 1772 4571 sumat,

91 4583 220 4646 Quorum
233 4583 300 4651 jure
315 4582 433 4655 quidem
450 4581 607 4655 plusquam
625 4599 675 4642 sex
691 4583 782 4640 millia
799 4585 911 4655 pridem
966 4582 1055 4650 Cujus
1070 4583 1167 4655 imago
1187 4600 1301 4652 eutnue,
1317 4583 1373 4639 sibi
1389 4586 1428 4639 sit
1442 4600 1506 4641 mea
1521 4586 1620 4654 passio
1638 4589 1754 4661 lomus,

92 4668 219 4739 ipsemet
233 4669 338 4728 occidi.
363 4669 482 4727 Nullum
498 4687 615 4746 quoque
631 4687 731 4743 posteo
747 4673 805 4729 ridi

90 4756 145 4821 out
160 4758 267 4814 coleret
287 4759 448 4825 Christum.
463 4760 556 4818 donee
577 4762 664 4817 modo
679 4763 806 4819 vidimus
822 4764 910 4821 istum

90 4848 140 4902 list
156 4846 226 4904 mihi
241 4848 369 4904 delatum
384 4866 435 4906 vos
449 4850 527 4905 buno
541 4852 674 4908 tenuisse
687 4853 823 4924 ligatum,

89 4937 206 5010 Resque
220 4952 301 4993 meos
317 4937 390 4994 lidos
402 4939 498 4997 claves
512 4939 650 4996 habuisse
664 4940 784 5012 pagidos
798 4943 866 5015 (90).

88 5022 194 5084 Nescio
208 5026 234 5085 si
244 5027 351 5094 verbis,
365 5028 411 5086 vel
426 5028 452 5088 sl
467 5031 611 5104 deceperit
625 5032 735 5100 herbis,

123 5203 180 5279 (ib)
194 5201 227 5267 F.
241 5220 384 5280 paganos.
395 5221 449 5266 seu
461 5207 541 5266 cives
556 5208 702 5269 subditos.

967 4673 1138 4745 Martyrium
1154 4691 1277 4748 spesque
1292 4675 1426 4741 Victoris,
1438 4675 1495 4731 liba
1512 4693 1681 4752 precesque

966 4763 1037 4822 Cum
1056 4765 1189 4820 dederint
1204 4765 1296 4821 risum
1312 4765 1415 4821 merito
1430 4783 1466 4822 ne
1481 4767 1568 4840 crede
1582 4771 1720 4829 recisum
1733 4791 1743 4842 ς

967 4853 1071 4911 Omnia
1086 4870 1148 4925 quse
1163 4854 1235 4910 dicis
1252 4854 1461 4911 inmutantibus
1476 4854 1547 4911 otior
1561 4858 1686 4931 ramicis,

967 4944 1030 5001 Non
1046 4960 1120 5018 opus
1135 4953 1179 5002 est
1193 4944 1279 5002 donis
1294 4945 1345 5002 ubi
1362 4962 1461 5018 pugna
1479 4952 1605 5019 paratur
1620 4951 1750 5021 aponis3

967 5034 1082 5093 Sufficit
1096 5038 1128 5092 ut
1143 5044 1261 5102 macter,
1276 5039 1328 5093 tua
1341 5036 1418 5093 dona
1432 5039 1563 5109 tuusque
1575 5041 1746 5111 retractem

121 5540 240 5616 ”Tum
267 5561 327 5602 eor.
366 5543 486 5612 erue,
515 5545 635 5604 nemine.
673 5544 743 5606 ‘’Et
769 5565 866 5620 mcor,
903 5547 1202 5642 “Torquettjnettde
1240 5549 1310 5611 ⁸·tt.
1339 5549 1422 5626 Tun,
1451 5550 1519 5644 darn
1545 5555 1648 5632 sepior
1686 5577 1795 5623 cerem.
