3802 6030
72 246 86 304 3
569 245 663 306 VITA
688 246 723 305 B.
748 246 885 307 stasim
906 246 1155 312 AEuvuuituAE
1636 252 1714 315 aaut

75 394 130 437 ene
145 379 312 452 promerita
326 383 423 453 grates
439 395 505 451 ago,
522 378 657 452 supplico
672 380 728 437 rite
848 386 874 449 Α
891 356 1140 441 exsecrandorum
1157 384 1291 443 modulos
1306 389 1335 443 et
1348 402 1614 445 carmenamorum

72 468 195 539 liabent
210 467 283 537 lieri,
298 486 357 542 quo
374 471 492 525 tendere
507 486 606 542 quern
619 471 715 527 doceri
730 491 737 540 ς
886 470 998 530 Ureret
1012 475 1048 531 ad
1062 480 1183 533 mentem
1197 484 1272 533 retro
1289 476 1515 550 resipiscentem

75 585 108 625 ro
123 568 198 626 viam
215 586 343 637 morum,
357 578 436 642 reget
450 573 571 627 obsecro
586 575 679 627 mater
692 587 805 628 eorum.
884 561 1044 634 Amplexus
1059 566 1139 621 vetiti
1155 567 1289 633 redeunt,
1303 572 1332 623 et
1346 565 1428 625 mille
1444 567 1553 638 mariti,

72 664 152 713 item
168 657 292 716 sollicito
308 658 443 732 putantur
456 661 490 714 nd
508 662 583 715 nstin
599 660 672 727 vitm,
882 649 987 707 Oscula
1001 660 1167 726 captantur,
1185 656 1219 713 ad
1237 663 1361 729 nuptum
1377 664 1441 713 uota
1455 663 1622 731 vagantur;

72 749 275 820 respondetur:
292 748 360 817 (Nee
377 750 443 805 novi
454 750 476 785 ⁸⁶
488 749 540 822 qui
561 749 739 820 toqueretur,
880 738 984 798 Virtus
998 745 1149 815 anteneri,
1167 744 1256 817 pudet
1269 745 1420 819 uttralege
1436 746 1529 802 teneri
1543 766 1550 816 ς

75 838 140 894 novi
158 842 274 894 tantum
292 839 450 910 quemdam
462 840 505 894 sio
521 855 584 895 esse
600 837 728 895 locutum
740 838 760 909 ε)
881 830 1012 888 Τίθᾶθῑω
1026 840 1110 905 atque
1121 834 1213 904 lutis,
1230 841 1373 909 i⁰³lii⁰1¹⁰
1393 837 1469 893 Seri&
1484 837 1585 910 11¹²le

74 943 160 983 anem
174 928 199 983 si
212 926 374 995 transieris,
389 926 413 961 ⁵¹
425 927 524 998 requie
536 928 666 999 potieris.
880 921 1044 997 solivagam
1061 926 1168 991 turbis,
1184 941 1317 982 eremum
1332 924 1524 983 conventibus
1539 925 1633 984 urbis.

72 1034 76 1071 ι
92 1023 196 1089 stupor
210 1016 349 1090 obrepsit,
365 1017 417 1090 qui
433 1022 589 1090 postquam
605 1022 737 1089 tempore
758 1032 825 1072 ces·
881 1012 994 1069 Haeoed
1006 1012 1151 1069 delectum
1167 1014 1287 1087 pulsant
1303 1014 1512 1087 phantasmata
1527 1020 1651 1089 rectum,

727 1106 790 1178 [eit,
881 1099 915 1154 Et
929 1116 1046 1170 germen
1063 1101 1153 1159 moris
1168 1102 1292 1160 suuncet
1302 1103 1400 1175 imago
1416 1103 1534 1171 luroris,

72 1194 142 1253 idior
155 1195 242 1252 celeri
255 1197 326 1267 pede
336 1198 379 1254 sic
393 1196 466 1253 mihi
479 1198 540 1254 vise
559 1196 683 1254 moneri,
880 1186 977 1246 Denso
988 1189 1025 1246 ad
1036 1190 1173 1248 eximiam
1189 1191 1327 1264 precibus
1337 1208 1475 1250 conversa
1490 1193 1611 1251 Mariam

72 1286 145 1341 nitur
161 1292 190 1341 et
203 1286 316 1357 rapitur
327 1286 375 1342 vin
388 1304 448 1360 qun
463 1287 601 1344 ,iordanis
615 1287 722 1345 editur,
880 1278 902 1332 Α
918 1279 1106 1337 tentamentis
1121 1296 1289 1338 revocarem
1306 1281 1420 1340 lumina
1436 1282 1554 1340 mentis.

72 1391 223 1447 ipropero,
238 1378 360 1447 quidem
378 1395 430 1449 pro
447 1384 578 1450 tempore
594 1377 799 1434 convenienter
879 1367 903 1403 ¹⁹
915 1370 1077 1442 fluulltllur
1091 1372 1187 1444 venio.
1203 1390 1299 1447 gemo,
1316 1374 1469 1446 herimot,
1485 1374 1582 1432 h0⁸ll⁸
1602 1374 1651 1443 ΗΟ,

90 1464 159 1519 mibi
176 1465 312 1521 denarios
324 1466 417 1532 offert,
434 1467 595 1539 tribuitque
606 1466 739 1536 latenter,
882 1458 983 1524 0118Ρο
1000 1461 1163 1533 reformari,
1179 1479 1282 1536 precor
1296 1462 1457 1522 inveterata
1471 1465 1583 1522 novari.

72 1576 74 1601 ι
88 1567 154 1609 erno
169 1560 228 1610 tres
245 1570 347 1626 penes,
363 1571 539 1628 egressaque
554 1555 700 1613 maenibus
712 1554 804 1623 urbis,
878 1561 948 1616 Poet
961 1559 1134 1618 holocausta
1148 1578 1269 1635 precum
1280 1563 1356 1620 redit
1365 1567 1395 1621 et
1407 1563 1475 1621 stati
1485 1580 1568 1621 mene
1579 1563 1706 1622 bonese-

72 1648 120 1698 ret
136 1650 270 1715 asportor
282 1650 312 1701 et
326 1646 396 1701 cedo
412 1647 533 1718 profuga
548 1645 652 1702 turbis.
1591 1654 1683 1727 [cnm,

72 1747 110 1787 ier
122 1737 196 1799 eret,
213 1734 303 1789 subse
321 1733 457 1805 Baptista
471 1732 582 1805 templa
594 1733 731 1803 loannis,
836 1753 863 1820 B
877 1740 942 1794 Post
952 1735 1053 1797 lleium
1068 1741 1165 1797 cordis
1180 1740 1255 1815 fugit
1271 1743 1367 1800 omnis
1383 1742 1492 1800 mentio
1508 1742 1614 1800 sordis.

83 1819 197 1892 placido
212 1839 300 1878 cursu
317 1822 414 1878 dictus
430 1822 601 1894 praeterfluit
614 1821 721 1880 amnis.
877 1825 928 1883 His
944 1828 1167 1886 medicamentis
1181 1831 1349 1889 residebant
1365 1832 1454 1890 ubera
1465 1833 1583 1899 mentis,

71 1909 101 1964 in
119 1909 255 1980 iacrymis
271 1913 443 1984 gemituque
459 1912 588 1983 professe
603 1918 729 1979 reatum,
876 1916 910 1971 lut
924 1917 1119 1975 redivivorum
1135 1925 1252 1994 sartago
1268 1920 1461 1996 flagitiorum,

72 2000 144 2057 ariis
160 2003 267 2058 accedo
283 2019 387 2074 gerens
403 2020 454 2058 cor
465 2003 705 2059 contribulatum.
875 2005 943 2069 Oua
960 2006 1033 2062 male
1049 2008 1176 2064 fervebat
1190 2008 1307 2082 penitus
1323 2010 1427 2081 frigere
1446 2008 1568 2066 solebat.

72 2116 76 2151 ι
92 2097 197 2155 dehine
212 2107 332 2170 sumpte
343 2103 494 2175 prelatum
507 2102 678 2157 transvehor
692 2116 820 2169 emnem,
874 2096 1018 2151 Praeterea
1033 2094 1152 2153 dantem
1170 2097 1436 2171 miserabiliterque
1443 2098 1590 2170 jacentem

72 2205 101 2244 nn
116 2188 232 2246 modum
248 2191 313 2245 vicae
328 2207 385 2263 qun
402 2191 522 2261 pristina
537 2191 661 2246 crimina
673 2191 821 2247 damnem,
874 2183 1121 2255 circumfulgebat
1136 2186 1286 2258 splendor,
1302 2192 1454 2259 totamque
1468 2188 1585 2260 tegebat

72 2278 167 2335 :mihi
184 2279 314 2343 delicias,
330 2287 401 2336 inno
415 2280 514 2336 luxum
531 2280 628 2337 narnis
643 2279 761 2347 ndnmi;
873 2272 980 2328 Missua
996 2273 1183 2331 aberrantem
1197 2290 1345 2342 rovocare,
1359 2273 1454 2333 levare
1469 2275 1628 2343 labentem,

72 2368 238 2425 :scelerum
253 2378 368 2439 tempus
379 2371 476 2426 studio
489 2371 607 2425 meliore
618 2369 737 2425 redemi.
872 2365 960 2436 Spem
974 2365 1107 2421 willerus
1135 2365 1255 2433 b⁰i1⁸fflc
1277 2364 1348 2422 ‘³⁸³0
1369 2366 1439 2437 iim.
1464 2368 1628 2422 multllm
1648 2381 1700 2423 l³0·

72 2459 263 2513 {acerborum
279 2459 363 2514 tedet
380 2461 504 2514 ibrtasae
518 2475 661 2527 meorum,
1537 2455 1663 2528 [ronam.

80 2549 99 2604 Ι
114 2548 220 2622 Solque
235 2557 296 2605 reta
311 2549 395 2605 ceteri
413 2551 489 2604 vniat
506 2547 640 2605 indocilis
655 2548 784 2606 retineri.
871 2541 962 2600 Trina
976 2542 1115 2613 triennia,
1131 2543 1202 2601 bina
1218 2544 1360 2602 tetrennia
1375 2544 1418 2602 sio
1428 2545 1536 2616 abiere,

90 2639 202 2703 recede,
220 2640 311 2697 Pater,
328 2639 411 2695 Tunc
426 2636 491 2694 itin:
512 2639 647 2695 piissima
661 2645 766 2708 mares,
870 2631 996 2688 Lenibus
1012 2649 1127 2706 aspera,
1141 2631 1261 2692 mitibus
1276 2634 1365 2691 euers
1380 2634 1468 2691 mista
1484 2635 1574 2692 luera.

72 2744 117 2799 ige
131 2729 210 2799 quod
227 2729 371 2801 sequitur,
388 2727 461 2784 nibil
476 2730 573 2800 aptius
588 2728 636 2785 bic
651 2729 792 2800 aperitur.
868 2728 924 2786 Sed
943 2747 1019 2788 nove
1032 2730 1154 2790 vulnera
1167 2733 1257 2806 Virgo
1270 2749 1423 2806 puerpera,
1444 2750 1512 2791 oum
1529 2734 1603 2791 bene
1618 2734 1694 2804 lieri,

73 2818 181 2874 ancilla
196 2818 244 2875 Dei
256 2837 268 2884 ,·
280 2826 414 2892 superest
431 2835 499 2890 pars
515 2835 623 2892 magna
641 2818 711 2886 diei,
869 2818 964 2876 Torsit
978 2825 1007 2876 et
1021 2820 1114 2878 abluit
1127 2839 1133 2889 ;
1150 2822 1219 2880 inde
1233 2820 1315 2881 salus
1330 2823 1396 2889 tuit,
1412 2821 1481 2880 inde
1495 2823 1604 2896 quievi.

72 2910 151 2980 uagis
166 2909 202 2963 ad
219 2917 316 2964 volum
333 2907 409 2962 cedit
424 2924 510 2979 quam
525 2908 622 2964 dicere
641 2911 747 2962 totum.
871 2908 924 2965 Per
939 2909 1080 2967 totlnetra
1091 2911 1151 2968 lere
1166 2911 1225 2969 dno
1240 2928 1332 2985 panea
1346 2928 1414 2970 esce
1429 2913 1520 2983 tuere,

72 3012 127 3069 ige,
143 2995 168 3053 si
184 3014 353 3065 memores,
370 2996 494 3069 quossis
508 2996 548 3051 ibi
567 3013 651 3067 pesae
667 2995 791 3064 labores,
870 2998 947 3062 Ques
957 3014 1072 3056 mecum
1088 3001 1166 3073 gessi
1177 2999 1267 3057 simul
1278 2999 1336 3058 bno
1351 3016 1386 3057 ex
1401 3001 1473 3058 urbe
1486 3001 1603 3060 mosaei.

72 3086 141 3142 itibi
157 3088 263 3153 victus,
279 3088 345 3157 quis
360 3094 388 3142 et
405 3088 481 3143 unde
497 3091 616 3158 paratus
629 3088 773 3153 amiotue;
837 3093 1020 3177 cernerent
1033 3094 1062 3144 et
1076 3089 1248 3160 duruerant,
1264 3090 1476 3164 propriumque
1491 3090 1616 3149 colorem

72 3191 102 3231 aa
117 3175 268 3232 rebellavit
284 3178 416 3237 tentatio.
430 3191 480 3232 nae
496 3173 662 3247 superavit3
873 3176 1064 3233 Perdiderant
1078 3182 1107 3232 et
1121 3177 1267 3234 desierant
1281 3178 1413 3235 conferre
1426 3179 1566 3251 vigorem,

72 3264 125 3321 ius
137 3265 263 3321 inventus
277 3265 373 3320 carnis
388 3266 534 3321 deferbuit
549 3270 647 3320 astus.
875 3263 944 3320 Inde
958 3269 1058 3323 tamen
1073 3264 1202 3322 relevare
1216 3266 1324 3324 famem
1338 3283 1480 3342 perparca
1493 3268 1635 3326 solebam.

72 3368 101 3409 ea
115 3362 196 3410 mota
211 3354 289 3411 senis
301 3355 436 3426 precibus
451 3353 583 3410 consedit
597 3353 705 3424 arenis,
875 3355 949 3421 Quid
961 3354 1089 3412 biberem
1103 3373 1170 3414 oum
1185 3355 1339 3414 deficerem
1355 3359 1400 3414 vix
1416 3358 1612 3418 inveniebam.

72 3460 153 3501 >rans
170 3445 306 3516 lacrymis
320 3446 475 3516 subjunxit
487 3445 558 3501 talia
574 3445 692 3518 primis:
874 3443 1032 3517 Postquam
1047 3450 1118 3501 sunt
1133 3441 1220 3517 longo
1235 3447 1403 3520 consumpti
1418 3453 1548 3521 tempore
1563 3463 1666 3521 panes,

72 3549 102 3590 ue
118 3535 250 3590 undenos
271 3533 559 3607 quadrupliciterque
576 3551 713 3605 novenos,
875 3530 958 3588 Mens
973 3532 1085 3589 berane
1098 3533 1222 3591 Domino
1236 3551 1323 3591 curas
1336 3534 1361 3571 ⁸⁰
1374 3537 1516 3594 abstraxit
1529 3538 1644 3607 inanes,

73 3627 145 3691 ater,
161 3623 271 3696 explevi
289 3629 354 3696 post
369 3623 483 3696 lapsum
500 3623 604 3680 flebilis
619 3623 681 3694 avi,
874 3622 979 3682 1272
996 3623 1106 3680 listune
1117 3640 1212 3697 usque
1228 3625 1314 3682 modo
1330 3626 1453 3685 tentatio
1468 3628 1564 3701 prisca
1578 3626 1697 3694 resedit,

72 3725 168 3776 tamen
191 3721 303 3792 absque
318 3720 397 3792 gravi
413 3721 571 3778 certamine
585 3721 707 3777 crimina
723 3719 789 3777 lavi.
875 3711 988 3768 Exlunu
999 3728 1095 3785 noque
1109 3715 1195 3770 modu
1212 3713 1317 3771 talioni
1333 3731 1439 3774 seusus
1453 3717 1564 3788 obedit,

73 3827 107 3866 or
117 3812 194 3867 enim
213 3828 327 3881 rursus,
343 3812 376 3867 lit
392 3819 456 3884 post
470 3829 553 3868 saure
565 3819 631 3867 vota
643 3828 778 3868 recursus
876 3807 972 3881 Usque
987 3811 1074 3868 modo
1087 3812 1174 3868 oibns
1189 3812 1314 3869 exterior
1327 3827 1396 3870 oum
1417 3814 1572 3873 lcondibus
1595 3813 1698 3885 barba,

75 3899 272 3972 igmantorum
290 3901 406 3969 calices,
421 3901 582 3972 luxumque
595 3900 728 3957 ciborum
741 3918 749 3969 ς
875 3901 974 3970 Usque
989 3901 1075 3956 niodo
1086 3902 1171 3958 cibus
1185 3902 1306 3960 interior
1320 3903 1450 3962 caelestis
1463 3905 1562 3963 verba.

72 4007 96 4042 e
111 3988 237 4062 AEgppti,
253 3989 370 4061 vinique
386 3990 492 4062 cupido
504 3988 596 4045 relicti
875 3986 976 4046 Vestes
990 4005 1065 4061 quas
1080 3989 1182 4061 habui,
1195 3991 1282 4048 ecidit
1295 3994 1436 4068 trivitque
1450 3997 1590 4063 vetustae,

72 4079 194 4134 niaerani
211 4087 335 4152 tangunt
350 4085 377 4134 et
388 4096 420 4134 eo
435 4079 636 4135 vehementius
652 4081 776 4149 angunt,
874 4075 959 4135 Nuda
974 4079 1081 4136 debinc
1097 4080 1178 4136 tenui
1194 4082 1400 4154 regiensesole
1411 4088 1543 4158 peruste,

74 4169 168 4241 magis
186 4170 295 4225 intendi
314 4169 450 4239 dapibus,
467 4169 623 4240 studioque
639 4169 767 4225 bibendi.
875 4164 906 4220 ln
918 4167 1027 4239 quibus
1043 4167 1156 4241 algores
1169 4169 1289 4236 nimios,
1307 4171 1471 4241 nimiosque
1486 4176 1598 4230 calores

85 4260 154 4313 inubi
171 4260 307 4315 surdebat
319 4261 435 4324 medus,
452 4259 637 4329 ebrietasque
652 4257 794 4330 placebat,
875 4255 960 4313 Horis
975 4258 1140 4327 nocturnis,
1153 4257 1233 4314 horis
1244 4272 1383 4331 perpessa
1398 4259 1523 4329 diurnis,

72 4352 125 4403 bus
141 4354 170 4403 et
184 4364 303 4421 peregre
319 4347 420 4402 vitium
438 4349 599 4404 dediscitur
609 4364 694 4421 egre.
875 4344 897 4381 ‘¹
914 4345 1051 4418 Supplico
1066 4347 1217 4419 preterita
1230 4346 1328 4403 scelus
1344 4351 1372 4403 et
1383 4346 1536 4418 dispendia
1549 4345 1626 4404 vites.

74 4437 149 4492 osilo
165 4453 276 4492 morum
293 4437 372 4492 subit
389 4437 480 4493 bostis
498 4439 606 4511 ubique
618 4437 759 4494 locorum.
874 4433 954 4490 tinto
966 4435 1043 4506 jocis
1060 4434 1190 4508 hymnos,
1205 4449 1298 4508 purgo
1314 4450 1438 4493 merore
1449 4432 1620 4506 cachinnos,

72 4542 118 4582 ira
133 4525 218 4582 firma
234 4543 338 4599 parum
355 4526 432 4582 mala
449 4527 556 4582 mentio
572 4526 743 4583 deliciarum
875 4527 964 4582 Pena
977 4525 1157 4599 voluptatem
1173 4524 1302 4592 redimit,
1319 4524 1387 4583 sitis
1400 4525 1578 4593 ebrietatem,

72 4617 127 4672 tet
140 4614 268 4685 infestat,
286 4615 356 4673 ierit
370 4616 439 4677 Eva,
453 4615 608 4688 virumque
624 4616 768 4673 molestat.
873 4611 898 4647 ‘¹
913 4611 1072 4685 Paupertas
1087 4613 1201 4682 iurum,
1217 4610 1301 4669 labor
1313 4613 1384 4681 otia,
1400 4612 1499 4688 glarea
1519 4613 1662 4688 mulsum,

72 4702 166 4761 cibum
184 4706 286 4762 mortis
301 4706 382 4773 unguit
397 4705 426 4760 in
443 4704 582 4762 vitalibus
595 4705 699 4774 hortis,
874 4699 952 4756 Crux
967 4699 1085 4756 mollem
1101 4704 1239 4767 uitulum,
1255 4699 1371 4756 devotio
1385 4717 1470 4759 suoru
1484 4705 1609 4760 reulum.

72 4792 158 4851 nibil
177 4813 242 4852 nam
261 4796 394 4869 quedam
409 4796 498 4868 pudet
510 4797 607 4863 edere,
625 4796 674 4852 sed
691 4802 800 4853 tamen.
874 4792 928 4849 'lot
942 4796 1087 4850 tormenta
1098 4792 1157 4850 lere
1173 4793 1233 4848 lero
1248 4795 1321 4863 quot
1336 4794 1442 4864 probra
1453 4794 1627 4866 praeteriere.

675 4883 783 4956 [edem.
875 4882 1023 4955 Quidquid
1040 4881 1169 4955 peccavit
1183 4897 1261 4951 earo,
1278 4882 1376 4939 caruis
1388 4882 1506 4942 victima
1520 4885 1600 4943 lavit.

72 4972 167 5029 inibit
183 4978 281 5029 tulum
298 4974 355 5028 nisi
373 4972 466 5046 primo
477 4989 565 5029 carne
580 4973 710 5028 solutum
726 4989 733 5030 :
875 4971 947 5034 Quid
965 4970 1037 5027 mibi
1054 4987 1206 5043 penarum
1223 4970 1320 5043 qualis
1336 4971 1490 5030 conflictus
1503 4990 1616 5044 aarum,

72 5080 112 5119 ier
126 5063 181 5119 erit
210 5068 315 5136 presto
331 5063 406 5133 quod
426 5068 455 5118 et
471 5064 558 5118 instet
573 5066 602 5117 et
616 5063 708 5117 obstet
726 5063 819 5119 bone·
876 5061 985 5126 Quotve
999 5076 1195 5134 crassaeque
1209 5065 1389 5119 renovamur
1403 5065 1614 5137 noctedieque,

715 5151 781 5224 [cto.
874 5155 933 5208 Scit
945 5157 1022 5209 oeus
1037 5153 1168 5227 ipsorum
1185 5151 1278 5220 testis,
1295 5168 1466 5227 mercesque
1485 5153 1632 5214 laborum.

72 5260 77 5300 ι
92 5243 223 5300 nubendi
236 5241 437 5314 desiderioque
452 5241 577 5297 canendi
874 5243 954 5316 Sapo
969 5243 1025 5301 sub
1040 5242 1156 5300 ardenti
1165 5243 1189 5279 ¹⁸
1203 5257 1321 5311 canoro,
1335 5242 1501 5317 brumaque
1517 5247 1623 5321 rigenti

72 5496 148 5566 uba,
164 5496 272 5583 qaidto
310 5501 412 5554 eretur.
450 5493 624 5577 ⁶¹·requiem
652 5495 787 5552 inuenies.
817 5496 939 5581 andeg„
968 5495 1094 5570 pueris.
1131 5494 1340 5579 “bbr.,uquec
1352 5498 1445 5569 Jupis.
1483 5496 1594 5569 ‘'Ebr.,
1620 5501 1702 5560 Hisce

72 5584 90 5627 o
105 5585 198 5631 oencuz
237 5568 261 5607 ⁶⁰
299 5569 358 5637 bc,
375 5569 516 5625 neuneu.
554 5566 972 5641 ⁶¹uur.,8nppteoprarenrae.
1023 5568 1140 5636 “Ebm
1154 5569 1313 5639 Paupertas.
1362 5566 1387 5605 ⁴³
1401 5568 1481 5637 ibba,
1502 5569 1614 5628 Plaeto.
