3802 6030
139 232 198 293 eoa
638 226 730 288 van.
754 224 993 287 sinuessam
1015 224 1215 289 canonae.
1239 227 1361 291 aaran.
1480 200 1486 207 ’
1783 233 1848 296 soa

139 385 199 426 sna
212 367 440 438 concupiscunt;
457 364 508 420 sed
524 363 594 435 quia
608 363 712 419 barum
728 360 819 434 gloria
835 377 892 417 non
918 363 962 416 est
977 366 1004 434 Α
1018 375 1139 434 corpore
1152 366 1181 420 et
1195 364 1300 436 spiritu
1317 385 1324 436 ;
1342 368 1519 438 quenulam
1543 370 1637 441 nupta
1660 372 1714 439 est,
1738 369 1847 443 cogitat

140 460 177 516 ab
190 459 280 525 intus,
296 461 325 512 et
340 457 394 510 hoc
407 454 493 509 modo
509 470 566 509 non
583 454 776 509 adducentur.
793 451 963 523 Sequuntur
1019 466 1084 522 quae
1100 457 1170 508 sunt
1185 453 1296 524 mundi,
1313 457 1458 527 quomodo
1474 456 1585 529 placeat
1598 458 1660 514 viro
1677 459 1703 529 (i
1715 458 1778 515 Cor.
1792 476 1843 527 var,

139 548 203 604 filia
221 545 355 619 superius
371 543 531 614 descriptae.
548 547 597 597 Ha
621 546 689 598 snnt
712 541 797 596 latua
822 539 960 611 virgines,
1020 539 1077 611 31).
1095 563 1106 590 ι
1124 539 1181 596 Vos
1197 541 1310 598 habetis
1330 561 1480 600 summum
1507 563 1603 618 regem
1632 546 1661 602 in
1687 563 1846 619 sponsum,

140 655 204 711 qua
221 653 278 692 non
294 634 402 691 babent
423 634 515 690 oleum
531 633 560 688 in
576 632 654 689 vasis
669 631 742 689 suis.
758 630 920 702 Larnpades
936 629 965 683 in
1021 630 1106 701 cujus
1122 631 1369 701 pulchritudinem
1385 633 1427 690 sol
1442 643 1469 690 et
1484 634 1551 692 luna
1568 635 1723 693 mirantur.
1741 636 1848 694 Cavete

141 727 279 782 manibus
304 730 374 781 sunt
394 741 492 796 opera.
521 721 597 778 Vasa
627 738 704 789 vero,
729 720 964 791 uniuscujusque
1021 718 1844 799 nespiritualiaadultervobissuggctutaliquidinaure

141 813 329 871 conscientia.
346 812 448 870 Oleum
464 818 510 869 est
532 827 654 885 operum
679 810 781 884 gloria.
804 809 967 864 Prudentcs
1020 811 1127 879 cordis,
1144 813 1221 883 quod
1238 815 1660 889 commoveetvobissponsum
1671 821 1804 874 vestrum
1817 819 1849 877 in

142 903 269 976 virgines
286 902 393 959 babent
407 901 503 959 oleum
519 901 549 957 in
564 901 652 968 vasis,
666 904 696 956 et
715 898 836 971 gloriam
859 896 969 952 habent
1021 898 1106 957 iram.
1123 900 1229 958 Audite
1244 903 1500 960 comminationem
1512 905 1549 980 [ej
1555 914 1599 978 us]
1609 923 1659 979 per
1671 906 1846 979 propheram

17 1074 23 1083 Ι
87 1004 90 1008 ’
144 985 969 1061 inconscientiis;latuaveroquarnntgloriemabhu-
1022 1004 1164 1047 suumze
1180 989 1335 1049 Perdidisti
1352 995 1518 1068 omnesqui
1537 994 1718 1053 fornicantur
1740 997 1794 1054 abs
1819 1003 1851 1056 te

144 1099 232 1140 mano
248 1084 354 1148 lavore,
370 1087 399 1137 et
414 1082 478 1137 ideo
493 1096 593 1137 sectam
607 1095 665 1135 non
680 1078 789 1134 habent
800 1078 877 1148 quod
889 1092 967 1148 qna·
1022 1077 1112 1146 (Psul.
1128 1095 1213 1146 cxxii,
1227 1081 1284 1151 27).
1301 1104 1315 1131 ιι
1327 1082 1416 1139 Docet
1426 1099 1494 1158 ergo
1505 1084 1568 1156 ipse
1578 1085 1648 1156 quid
1660 1102 1846 1159 unaquaque

145 1177 216 1229 runt
230 1172 358 1230 aliunde.
381 1172 437 1228 Sed
452 1171 585 1226 veniente
600 1185 710 1241 sponso
734 1168 796 1224 ista
820 1165 968 1222 habebunt
1021 1173 1151 1225 vestrum
1168 1171 1273 1228 debeat
1287 1173 1417 1230 confiteri
1430 1192 1437 1231 :
1449 1197 1463 1224 ιι
1479 1174 1551 1231 asini
1566 1175 1713 1233 adherere
1724 1176 1785 1233 Deo
1799 1176 1849 1233 bo·

144 1261 274 1320 lucentes
290 1261 452 1333 lampades.
470 1259 589 1316 illarum
606 1275 673 1314 vero
688 1257 839 1329 lampades
856 1255 967 1312 exstin-
1023 1275 1094 1314 num
1113 1264 1168 1329 eet,
1185 1277 1292 1332 ponere
1306 1261 1334 1317 in
1350 1263 1473 1321 Domino
1486 1269 1541 1321 Deo
1553 1281 1636 1336 spem
1650 1281 1745 1322 meam
1757 1266 1845 1336 (Paul.

29 1410 36 1417 ,
145 1357 286 1426 guantur,
301 1350 370 1423 quia
384 1355 455 1405 tunc
469 1348 621 1421 apparebit
636 1365 692 1403 non
704 1362 768 1403 esec
778 1346 857 1402 clara
869 1360 966 1416 opera,
1022 1364 1109 1416 axxrr,
1125 1350 1180 1422 28).
1193 1371 1204 1401 ι
1215 1351 1366 1409 adherere
1381 1369 1449 1428 ergo
1460 1356 1497 1421 ei,
1509 1358 1600 1410 totam
1611 1371 1693 1428 spem
1702 1362 1845 1422 vestram,

145 1458 212 1515 quea
225 1441 322 1498 inanis
337 1440 434 1512 gloria
456 1441 583 1496 luerunt.
607 1443 681 1494 Sunt
704 1442 802 1494 autem
827 1436 967 1508 virgines,
1023 1454 1079 1494 non
1096 1439 1125 1494 in
1137 1441 1319 1512 parentibus,
1330 1440 1403 1498 831
1421 1443 1511 1500 sedin
1523 1461 1556 1501 ao
1568 1449 1849 1518 tantumponontes.

145 1548 209 1606 qua
223 1531 278 1588 etsi
294 1535 379 1586 caetea
395 1531 464 1598 sint,
480 1536 507 1587 et
522 1529 670 1585 immunes
686 1527 722 1584 ab
738 1524 891 1582 immunda
913 1538 967 1579 vo·
1022 1525 1152 1599 Cogitate
1167 1545 1230 1601 qun
1242 1529 1424 1588 sitvoluntas
1435 1532 1499 1603 ejus
1510 1532 1603 1602 ;bona
1614 1539 1848 1605 sponsascruta·

17 1634 51 1699 ᾗ
144 1616 969 1694 luntatets.voluptatel,tamenaliisvitiissuntoccu·
1022 1619 1070 1671 tur
1084 1616 1263 1674 voluntatem
1280 1620 1376 1676 mariti
1393 1620 1451 1688 sni,
1469 1626 1500 1676 ut
1515 1622 1608 1687 possit
1622 1623 1730 1680 servire
1746 1622 1850 1680 volun·

143 1715 228 1784 patra.
244 1710 340 1766 Elevat
356 1710 434 1765 enim
448 1708 643 1781 quarumdam
655 1710 768 1762 mentes
779 1703 971 1774 88⁰super-
984 1705 1009 1771 Β
1023 1705 1076 1763 tati
1095 1707 1170 1779 ejus.
1194 1712 1260 1765 lirae
1274 1714 1319 1765 est
1333 1710 1452 1783 [autem]
1479 1710 1529 1768 illa
1553 1711 1688 1770 voluntas
1711 1713 1788 1785 ejus,
1816 1717 1851 1770 ut

144 1800 204 1869 bia,
219 1799 262 1856 vel
279 1799 347 1871 quia
363 1802 432 1855 sunl
458 1798 613 1865 doctiores,
638 1795 682 1852 vel
707 1794 777 1868 quia
800 1792 968 1859 nobiliores,
1023 1794 1088 1852 sitis
1102 1801 1190 1854 casta
1204 1802 1232 1854 et
1247 1798 1345 1855 animo
1361 1804 1389 1856 et
1403 1817 1535 1875 corpore,
1550 1807 1579 1858 et
1594 1807 1626 1858 ut
1640 1801 1704 1860 sitis
1719 1801 1849 1860 humiles

27 1908 33 1921 ¹
144 1894 198 1949 vael
213 1892 283 1965 quia
302 1891 515 1965 prudentiores.
532 1888 596 1946 Istus
618 1904 676 1944 non
701 1886 854 1943 imitantur
876 1883 968 1951 illam,
1024 1886 1132 1959 atejus
1147 1885 1303 1961 collatasU.
1318 1889 1476 1947 recollecta
1491 1891 1603 1948 ancilla
1622 1893 1709 1964 juxta
1732 1892 1849 1965 proies·

146 1999 210 2055 quea
225 1998 257 2038 so
271 1982 369 2052 potius
384 1980 521 2037 ancillam
537 1979 618 2045 dicit,
643 1992 731 2050 quam
755 1976 917 2032 dominam.
935 1974 971 2029 At
1025 1974 1138 2032 sionem
1155 1981 1294 2047 vestrum,
1311 1995 1369 2050 qna
1384 1978 1498 2036 dixistis
1514 1980 1544 2036 in
1560 1980 1779 2037 consecratione
1800 1998 1851 2038 ve·

147 2088 211 2144 qua
227 2087 285 2127 non
307 2070 463 2126 imitantur
484 2068 577 2138 illam,
601 2083 659 2124 non
683 2066 863 2122 adducentur
885 2061 970 2134 [regi]
1026 2067 1106 2121 stra:
1124 2086 1138 2116 a
1154 2065 1268 2123 Ancilla
1282 2067 1389 2123 Christi
1405 2085 1484 2139 eum,
1500 2069 1565 2126 idon
1581 2085 1628 2127 me
1648 2069 1769 2127 ostendo
1788 2086 1855 2127 ser-

146 2163 213 2234 post
232 2175 306 2217 eam.
322 2159 460 2228 Quamvis
474 2157 552 2214 onim
569 2156 671 2230 regina
684 2154 749 2212 caeli
775 2154 881 2225 Regem
905 2150 970 2207 coeli
1025 2153 1112 2209 vilem
1129 2170 1283 2227 personam
1299 2156 1365 2229 (97).
1381 2176 1395 2209 v
1413 2157 1479 2214 Haec
1502 2164 1546 2214 est
1570 2158 1702 2217 voluntas
1727 2158 1787 2226 Dei,
1816 2164 1853 2216 ut

66 2234 70 2243 ’
147 2254 298 2324 genuerat,
314 2249 448 2321 quamvis
462 2247 626 2303 Creatorem
640 2261 728 2301 suum
741 2245 917 2316 portaverat,
927 2244 970 2296 ta·
1026 2259 1116 2315 prava
1126 2244 1272 2318 colloquia
1282 2247 1424 2304 devitetis.
1435 2252 1655 2322 «corrumpunt
1665 2248 1754 2318 enim,
1763 2248 1853 2319 juxta

148 2354 216 2396 men
232 2354 349 2410 semper
365 2337 514 2409 cogitabat
529 2335 602 2392 rllud
628 2332 812 2390 Salomonis:
828 2356 841 2383 ι
857 2329 969 2395 Quanto
1025 2333 1208 2404 Apostolum,
1224 2335 1316 2392 bonos
1332 2354 1427 2394 mores
1442 2337 1588 2410 colloquia
1603 2337 1679 2395 mala
1691 2337 1713 2407 (l
1724 2338 1789 2394 Cor.
1802 2354 1855 2405 xv,

149 2429 244 2499 major
258 2444 297 2490 cs,
313 2426 439 2482 humilia
454 2431 482 2480 te
498 2425 527 2480 in
550 2424 687 2480 omnibus
711 2420 810 2495 (dccli.
826 2437 869 2490 ιιι,
884 2420 939 2490 20).
956 2439 970 2468 n
1026 2422 1082 2494 33).
1099 2444 1114 2474 ιι
1130 2425 1224 2495 Iniqui
1240 2423 1431 2483 collocutores
1447 2433 1517 2483 ooot
1532 2428 1629 2500 rogote,
1645 2431 1674 2484 oo
1688 2425 1856 2499 poolooooo.

148 2515 276 2572 Humilis
300 2514 379 2571 enim
404 2514 504 2583 Filius,
520 2513 570 2584 qui
588 2535 600 2564 a
618 2529 674 2568 non
702 2511 778 2567 venit
800 2508 971 2574 ministrari,
1027 2527 1073 2567 res
1089 2517 1118 2567 et
1132 2514 1226 2568 nuntii
1242 2513 1404 2586 spiritualis
1418 2514 1555 2584 adulteri,
1573 2515 1684 2572 scilicet
1698 2513 1854 2584 demonis,

37 2686 41 2693 ι
87 2648 90 2653 -
149 2605 201 2664 aed
217 2604 383 2660 ministrare
400 2602 502 2675 (liutet.
519 2619 565 2669 xx,
580 2602 636 2673 28),
653 2621 667 2651 ιι
683 2601 773 2657 dicit:
798 2621 812 2649 (ι
830 2598 973 2653 Discitea
1028 2599 1853 2677 quipereoevnlttemplumSpiritussancti,quodestis

149 2711 196 2753 me
207 2694 277 2768 quia
288 2692 368 2749 mitis
379 2687 822 2760 sumetbumiliscordofflollb.
833 2687 971 2758 1¹,29);»
1028 2706 1089 2757 vos,
1105 2690 1222 2748 violare.
1239 2694 1307 2748 ideo
1322 2710 1390 2766 ergo
1406 2694 1436 2751 in
1447 2694 1576 2752 claustro
1591 2695 1673 2762 estis,
1699 2698 1732 2751 ut
1746 2693 1856 2750 clausae

148 2785 240 2843 voluit
255 2783 361 2839 habere
376 2779 518 2836 humilem
534 2783 668 2848 matram,
685 2776 747 2834 vult
761 2780 789 2833 et
804 2776 911 2833 habore
921 2774 973 2831 hu·
1029 2779 1104 2849 sitis,
1121 2797 1156 2837 ne
1172 2781 1293 2838 nuntius
1307 2781 1395 2838 intret
1411 2783 1531 2851 diaboli,
1547 2785 1596 2858 qni
1610 2801 1661 2841 vos
1675 2787 1768 2841 tentet
1778 2781 1856 2840 doci-

149 2875 236 2931 miles
252 2872 336 2929 illias.
353 2870 407 2937 Qui
424 2886 481 2926 non
496 2873 541 2925 est
555 2867 687 2932 humilis,
705 2864 974 2923 nonestliliusPe-
1028 2885 1106 2941 pere.
1128 2870 1261 2927 claudite
1283 2887 1352 2945 ergo
1377 2890 1435 2929 non
1461 2874 1558 2930 solum
1582 2873 1722 2941 claustra,
1749 2872 1801 2928 sed
1827 2874 1858 2928 et

148 2962 215 3031 tris,
229 2963 279 3034 qui
294 2963 324 3017 in
341 2959 485 3017 coelisest.
499 2962 566 3030 ipsa
576 2957 664 3013 oliam
678 2956 718 3012 til
729 2957 757 3011 in
772 2954 970 3011 tantimodo:
1029 2959 1126 3014 corda.
1142 2957 1245 3016 Cavete
1258 2977 1275 3015 a
1289 2962 1448 3018 tentatione
1467 2961 1630 3032 oculorum,
1657 2962 1773 3018 dicente
1799 2964 1858 3016 ita-

151 3051 321 3126 «Deposuit
336 3054 469 3124 potdnlefl
484 3049 518 3104 de
539 3047 619 3118 dede,
634 3050 662 3102 θῑ
685 3045 823 3102 exaltavit
846 3042 1012 3142 humlldsc
1029 3048 1097 3105 vid:
1115 3069 1130 3100 te
1146 3049 1248 3106 Arrepto
1267 3049 1367 3107 ooulos
1384 3068 1475 3121 meos,
1498 3068 1535 3108 ne
1558 3051 1676 3107 videant
1698 3048 1857 3106 vanitatem

56 3210 58 3214 Ι
149 3143 226 3214 (tue.
242 3159 263 3212 ι,
280 3142 336 3211 12).
353 3163 367 3190 ιι
1029 3136 1115 3208 (Paul.
1132 3154 1227 3206 cxvrrr,
1243 3139 1301 3212 37).
1318 3162 1332 3190 ιι
1350 3141 1461 3197 Rursus
1479 3140 1538 3196 bae
1552 3140 1741 3197 estvoluntas
1752 3137 1857 3212 sponsi

186 3232 262 3288 Sunt
274 3229 403 3302 vlrgines
419 3245 485 3301 qum
500 3227 624 3284 libenter
639 3227 709 3283 loris
724 3229 869 3298 vagantur
882 3228 911 3280 et
926 3225 973 3280 de·
1028 3228 1127 3296 vestri,
1144 3234 1177 3284 ut
1191 3228 1215 3284 si
1231 3229 1328 3302 aliqua
1341 3229 1542 3302 imprudenter
1557 3247 1587 3287 sc
1602 3230 1704 3304 egerit,
1718 3245 1778 3286 non
1788 3244 1859 3303 gra·

151 3329 314 3386 morantur,
331 3322 360 3374 et
373 3319 398 3374 ai
413 3334 518 3390 corpus
534 3317 563 3372 in
580 3317 705 3373 claustro
721 3317 898 3380 demoretur,
910 3312 973 3369 eni·
1027 3323 1112 3373 vetur
1126 3318 1287 3390 disciplina
1301 3318 1416 3390 subjici.
1434 3319 1482 3375 nit
1496 3321 1574 3375 enim
1593 3320 1680 3376 David
1693 3335 1700 3375 :
1713 3341 1727 3369 (ι
1742 3320 1857 3391 Appre·

151 3428 220 3468 mus
234 3416 331 3467 tamen
344 3408 414 3464 loris
429 3411 562 3480 vagatur.
580 3407 729 3462 istasunt
748 3403 908 3460 dissimiles
933 3402 975 3458 illi
1030 3404 1147 3461 bendite
1163 3407 1360 3478 disciplinam,
1377 3408 1533 3480 nequando
1549 3408 1693 3465 irascatur
1713 3407 1860 3463 Dominus

152 3518 216 3574 qua
230 3500 301 3556 abiit
314 3499 342 3553 in
360 3502 497 3553 montana
512 3511 578 3551 cum
595 3493 793 3560 testinatione,
805 3509 862 3548 non
874 3493 973 3548 demo·
1028 3494 1114 3564 (Paul.
1126 3511 1157 3561 ιι,
1176 3495 1229 3566 12).
1247 3517 1261 3546 ιι
1276 3496 1344 3552 Ideo
1367 3498 1445 3552 onim
1466 3518 1481 3547 κ
1497 3515 1514 3554 a
1529 3497 1651 3554 Domino
1671 3495 1861 3568 corripimur,

152 3590 242 3647 rando
258 3590 287 3646 in
308 3589 362 3654 eis,
388 3604 443 3642 non
469 3585 586 3641 curiosa
609 3582 644 3638 de
668 3583 749 3651 visis,
776 3599 832 3638 non
859 3584 975 3638 detenta
1030 3588 1134 3638 utnon
1151 3600 1218 3640 cum
1234 3584 1288 3640 hoc
1299 3586 1409 3642 mundo
1423 3586 1635 3658 damnemur&
1647 3585 1707 3644 Gor.
1721 3601 1760 3654 xi,
1772 3584 1830 3655 32).
1846 3606 1862 3634 ιι

58 3706 61 3711 ·
152 3682 308 3755 colloquiis
319 3706 326 3749 ;
338 3681 387 3735 sed
399 3680 428 3733 in
442 3676 551 3750 quibus
561 3676 698 3732 detenta?
708 3675 739 3732 in
753 3675 973 3748 mysteriisque
1029 3672 1134 3728 Melius
1147 3677 1191 3729 est
1205 3675 1282 3730 enim
1299 3691 1357 3730 non
1385 3674 1525 3748 flagellari
1551 3676 1580 3731 in
1606 3675 1742 3747 prasenti
1765 3690 1860 3729 uranu

150 3773 270 3828 videbat
284 3775 312 3827 et
326 3769 473 3825 audiebat.
489 3767 538 3822 att
550 3765 628 3822 enlm
640 3766 670 3820 in
680 3767 829 3837 Scriptura
840 3782 847 3820 :
858 3788 872 3818 a
883 3765 976 3822 Maria
1028 3761 1185 3818 abbatissa
1200 3763 1392 3835 presidentis,
1419 3780 1507 3836 qnam
1534 3763 1667 3820 damnari
1699 3763 1730 3818 in
1756 3764 1860 3818 futuro

152 3864 251 3918 autem
266 3858 455 3914 conservabat
469 3856 568 3911 omnia
583 3855 671 3912 verba
686 3854 758 3920 bac,
775 3854 928 3911 conterens
943 3854 973 3909 in
1028 3867 1097 3906 voce
1116 3851 1164 3907 ilai
1176 3852 1347 3923 judicantis.
1374 3853 1438 3909 Hac
1461 3856 1507 3909 est
1528 3851 1663 3909 voluntas
1684 3851 1743 3918 bet,
1772 3855 1806 3906 ut
1831 3851 1859 3906 si

152 3949 238 4005 corde
253 3961 307 4002 suo
323 3946 399 4018 (duc.
416 3961 447 4011 ιι,
464 3943 519 4013 lb).
536 3965 549 3994 ιι
565 3947 637 3998 Sunt
659 3940 721 3999 alia
745 3941 884 4013 virgines,
910 3957 974 4013 qua
1029 3945 1186 4013 paupertas
1197 3958 1248 3997 vos
1258 3947 1396 4012 coarctet,
1404 3944 1600 3999 communiter
1609 3940 1774 4015 patiamini.
1789 3939 1856 3996 Non

152 4036 336 4094 delectantur
357 4032 645 4091 contabulationibns
666 4029 759 4097 vanis,
784 4029 973 4085 detractioni·
1028 4029 1106 4085 enim
1120 4028 1168 4085 ille
1183 4031 1233 4102 qui
1250 4047 1362 4103 pauper
1376 4033 1469 4088 lactus
1484 4031 1578 4105 est,in
1589 4031 1699 4087 divitiis
1710 4046 1760 4086 vos
1773 4046 1860 4086 voca·

151 4127 208 4186 bus
221 4131 250 4183 et
264 4123 393 4193 risibus;
409 4138 468 4179 non
480 4120 600 4178 student
610 4118 754 4176 indivinis
765 4116 913 4174 laudibus.
926 4122 974 4174 Ha
1028 4118 1080 4186 vit,
1097 4118 1147 4175 sed
1162 4119 1193 4175 in
1210 4126 1390 4192 paupertate,
1406 4122 1475 4193 quia
1491 4137 1602 4194 pauper
1615 4136 1744 4194 sponsus
1758 4116 1855 4176 voluit

150 4234 210 4274 uon
225 4219 294 4274 aunt
309 4212 446 4286 proxima
461 4212 537 4283 ejus,
554 4227 616 4283 qua
633 4209 751 4281 quando
766 4224 834 4264 oum
850 4212 974 4282 cognata
1029 4207 1135 4264 habere
1151 4225 1307 4280 pauperem
1325 4227 1464 4284 sponsam
1479 4210 1508 4267 iu
1526 4211 1671 4285 prasenti,
1684 4208 1753 4282 quia
1774 4208 1858 4265 babi-

149 4324 202 4364 sua
217 4306 315 4363 locuta
330 4311 384 4373 est,
400 4318 460 4359 non
477 4302 512 4358 de
528 4300 666 4357 inanibus
677 4313 778 4370 agens,
793 4297 843 4354 sed
860 4298 896 4354 de
909 4297 973 4353 coeli
1029 4297 1100 4353 tavit
1114 4295 1264 4353 vobiscum
1278 4297 1309 4353 in
1325 4299 1434 4368 tuturo,
1450 4299 1523 4369 [ubi]
1538 4298 1588 4355 illo
1598 4315 1665 4354 vero
1677 4297 1762 4362 bono,
1775 4297 1858 4368 quod

147 4395 269 4454 secretis
286 4393 412 4450 laudens
423 4396 452 4449 et
464 4390 656 4462 magnificans
669 4393 771 4456 Deum,
782 4387 812 4442 iu
823 4386 974 4444 hisverbis
1027 4390 1072 4441 est
1083 4401 1171 4442 omne
1183 4386 1303 4456 bonum,
1319 4392 1348 4444 et
1368 4388 1445 4461 quod
1461 4389 1547 4444 edent
1569 4402 1721 4459 pauperes,
1736 4390 1857 4440 saturu-

32 4480 35 4485 ’
149 4484 345 4555 erumpebat:
372 4504 386 4532 ιι
412 4481 579 4553 Magnificat
603 4479 702 4535 anirna
727 4492 791 4532 rnea
815 4475 972 4533 Dominum
991 4445 1012 4510 ὓ
1028 4474 1148 4531 buntur.
1165 4475 1224 4531 Hoc
1239 4481 1284 4532 est
1306 4475 1380 4533 illud
1406 4477 1515 4534 bonum
1541 4478 1577 4532 de
1602 4493 1660 4549 quo
1680 4474 1720 4531 eit
1744 4474 1856 4543 David;

150 4573 226 4643 (W-
244 4587 263 4637 Ιι
291 4570 345 4640 12)·
364 4590 377 4617 ”
398 4569 427 4626 Si
452 4584 530 4639 ΘΓ11οι
560 4566 625 4621 filim
649 4563 839 4631 cbttlflsslfflffie
863 4562 974 4634 Regina
1028 4586 1043 4615 ιι
1058 4564 1207 4620 Timentes
1222 4564 1380 4623 Dominum
1396 4583 1453 4622 non
1479 4566 1650 4622 minuentur
1673 4563 1750 4619 omni
1775 4562 1857 4618 bono

150 4665 258 4727 vestra,
274 4658 397 4714 Domina
411 4660 518 4727 vestra,
543 4670 595 4710 nec
622 4652 715 4710 solum
739 4655 845 4719 vestra,
871 4653 922 4708 sed
944 4656 974 4707 ct
1028 4653 1118 4724 (Paul.
1134 4670 1233 4710 ιιιιιι.
1261 4656 1313 4727 11).
1332 4677 1346 4706 ιι
1370 4655 1434 4712 Haec
1459 4661 1504 4711 est
1531 4655 1666 4711 voluntas
1688 4652 1749 4719 Dei,
1775 4653 1857 4724 quod

151 4754 251 4806 nostra
267 4752 296 4803 el
311 4745 494 4818 angelorum,
510 4743 676 4816 exemplum
692 4742 823 4799 etlorma
836 4741 975 4798 omnibus
1030 4746 1111 4801 nulla
1129 4746 1250 4811 invidia,
1267 4747 1347 4803 nulla
1362 4748 1500 4804 detractio
1516 4749 1554 4804 sit
1568 4749 1644 4803 inter
1659 4747 1780 4815 vos,sed
1794 4745 1859 4800 sola

151 4836 246 4907 nobis,
264 4835 405 4891 mundum
426 4834 511 4905 sugit,
526 4837 555 4889 ut
573 4832 689 4888 beosoli
702 4833 973 4902 vacarecontingat,
1030 4835 1156 4891 dilectio.
1173 4835 1255 4891 Tunc
1270 4836 1325 4892 erit
1340 4836 1417 4892 Deus
1434 4839 1462 4892 in
1480 4837 1575 4893 medio
1596 4841 1736 4892 vestrum.
1758 4833 1857 4891 Nolito

151 4925 244 4999 [illam
267 4923 376 4981 imitari
401 4922 545 4994 satagite]
568 4921 621 4985 Qui
648 4921 776 4993 diligunt
800 4937 833 4976 aa
856 4938 918 4992 qum
944 4922 974 4977 in
1030 4924 1196 4980 contristari
1214 4926 1237 4980 si
1254 4925 1372 4996 abjecta
1389 4927 1471 4995 estis,
1487 4928 1557 4998 quia
1572 4926 1677 4999 regines
1694 4941 1761 4981 curn
1777 4925 1859 4997 [tege

152 5014 263 5071 mundO
279 5018 358 5080 ⁸⁰⁰¹,
375 5010 604 5069 sollicitudinem
621 5010 723 5065 mnndi
750 5009 869 5065 babent.
885 5009 975 5066 Vobis
1029 5020 1126 5071 vestro
1142 5015 1311 5085 regnabitis.
1325 5015 1399 5087 Ergo
1414 5016 1479 5071 illia
1494 5017 1561 5071 Sion
1577 5013 1723 5071 exsultent
1738 5013 1768 5069 in
1795 5028 1862 5083 repe

151 5101 261 5160 ⁰¹³ffl⁸l
275 5099 448 5175 AP⁰⁸l⁰lust
465 5123 479 5149 (ι
495 5100 625 5155 Praeleril
639 5099 733 5172 figura
748 5097 838 5170 hujus
862 5100 974 5155 mundi.
1030 5121 1094 5160 suo.
1111 5104 1218 5159 Audite
1233 5103 1303 5176 quid
1315 5105 1355 5160 ait
1366 5105 1453 5160 David
1467 5122 1473 5162 :
1488 5104 1588 5177 «Elegi
1604 5104 1737 5175 abjectus
1749 5119 1817 5158 esse
1831 5102 1862 5156 in

151 5191 224 5249 Volo
239 5209 289 5249 vos
304 5191 368 5248 sine
382 5189 581 5247 sollicitudine
596 5204 670 5245 esse.
687 5190 755 5254 Quae
770 5186 834 5243 sine
849 5187 911 5244 viro
921 5192 975 5255 est,
1031 5193 1118 5250 domo
1130 5193 1177 5250 poi
1190 5193 1258 5262 mot,
1272 5194 1365 5266 magi„
1376 5211 1466 5267 quam
1478 5193 1647 5251 habitarem
1659 5189 1861 5246 tabernaculis

152 5280 279 5339 sollicita
293 5284 338 5337 est
353 5279 499 5353 quomodo
515 5278 626 5353 placeat
641 5277 711 5334 Deo.
729 5276 838 5333 Mulier
851 5276 977 5351 innupta
1033 5289 1221 5354 peecatorum
1247 5283 1334 5354 (Paul.
1360 5300 1476 5353 curru,
1501 5283 1554 5354 11).
1582 5303 1597 5333 ιι
1623 5279 1747 5352 Nigrodo
1770 5278 1863 5336 vootto

152 5375 183 5430 θ*
196 5371 288 5445 virgo,
303 5371 409 5445 110ςὶ181
425 5387 488 5443 quae
504 5369 621 5428 Domini
646 5372 727 5440 sunt,
753 5372 786 5425 ut
809 5367 849 5425 sit
875 5372 978 5425 sancta
1031 5372 1174 5430 vilitatem
1187 5377 1215 5430 et
1230 5371 1429 5430 bumilitatem
1444 5373 1589 5445 designat.
1606 5370 1699 5436 Quam
1717 5374 1806 5442 turpe
1821 5373 1867 5426 cst

189 5554 245 5629 (97)
261 5552 366 5611 Pontii.
382 5555 478 5619 Rom,
497 5551 531 5607 ue
542 5550 691 5606 consecrat.
718 5547 868 5618 viminum.
