3802 6030
550 265 640 327 vau.
664 257 906 325 uruuueuerr
928 258 1131 322 unuoueu.
1155 257 1274 318 anisa.

396 538 480 636 DE
503 531 891 632 INVENTIONE
917 528 1177 627 SANCTAE
1201 527 1436 626 CRUCIS.

99 754 284 846 (Nusquam
299 751 438 820 editum.
461 747 510 816 lix
529 741 669 832 pretato
690 741 804 809 Sancti
819 739 956 847 llariani
972 736 1285 914 lr3tissiodorensiq
1306 738 1342 806 iu
1357 759 1425 824 quo
1440 758 1509 807 uuo
1523 740 1588 807 hoc
1602 758 1726 827 poema

802 848 1006 916 reparamus.

58 1113 161 1173 mh
178 1113 235 1169 tiex
249 1107 457 1167 Constantinus
470 1102 617 1171 mitis,neo
631 1100 742 1156 honore
756 1095 883 1169 supinus
897 1098 924 1167 Α
938 1098 1008 1152 Tres
1022 1094 1112 1152 simul
1142 1095 1191 1152 itte
1205 1111 1307 1153 cruces
1336 1095 1454 1168 reperit,
1471 1093 1556 1165 tollit,
1572 1094 1662 1166 redit,
1678 1095 1766 1154 haeret

57 1206 185 1262 Turmas
201 1198 324 1259 hostiles
340 1195 481 1255 membris
493 1191 659 1264 animisque
672 1186 772 1245 viriles

58 1300 134 1353 Dum
150 1307 240 1367 prope
252 1290 384 1360 sentiret,
398 1287 469 1344 dum
486 1299 558 1358 pene
572 1283 678 1340 timore
690 1277 808 1352 periret,

60 1380 173 1454 Aspicit
181 1383 212 1439 in
228 1377 341 1438 somnis
357 1393 408 1451 per
422 1374 501 1449 quod
530 1377 627 1431 metus
641 1367 756 1442 aulugit
778 1364 886 1433 omnis,

61 1473 140 1530 Visio
154 1468 280 1528 ocaiestis
294 1465 459 1526 ostenditur
472 1463 584 1538 optima
598 1459 721 1519 moestis.

59 1565 142 1634 Quod
158 1564 198 1620 sit
211 1560 339 1620 caleatis
353 1553 613 1631 sequiturviotoria
628 1549 733 1619 testis:

57 1659 172 1717 Emicat
186 1658 216 1714 in
231 1654 303 1713 colo
318 1670 389 1712 crux
403 1650 511 1721 lueida,
527 1664 599 1705 crux
613 1645 677 1703 aine
691 1642 774 1700 veto:

58 1754 133 1811 tiam
148 1748 227 1807 uidet
242 1747 294 1805 boo
310 1745 428 1819 siguum
444 1740 529 1817 quasi
543 1738 656 1810 lumen,
667 1752 726 1794 non
755 1733 840 1808 quasi
853 1730 887 1790 ti·

734 1825 850 1899 [gnum

55 1932 92 1992 ua
106 1928 374 2004 superinscriptum
390 1922 508 1999 quudin
518 1915 765 1980 boositviotorad
780 1915 884 1972 lotum.

58 2020 208 2094 evigilans
223 2021 301 2076 tetur
315 2015 455 2086 lamulis;
471 2030 543 2072 crux
557 2027 645 2087 parra
660 2011 793 2083 paratur,

56 2109 137 2169 Bello
152 2109 314 2184 prefertur,
329 2105 404 2180 fugit
418 2105 523 2176 hostis,
539 2101 639 2178 palma
653 2099 787 2157 retertur.

56 2201 121 2259 Vim
136 2200 233 2259 oruoia
248 2201 397 2273 expertus,
413 2197 464 2255 sed
486 2195 554 2270 quid
571 2195 610 2253 sit
625 2211 684 2252 uon
699 2195 773 2252 bene
787 2197 886 2252 certus

1 2310 2 2319 ¹
56 2289 178 2348 blandat
191 2294 220 2345 et
232 2287 456 2361 inquirit,super
470 2285 526 2342 boo
536 2283 735 2357 tletenamque
750 2283 884 2358 requirit.

57 2379 105 2438 blo
118 2377 302 2437 Constantini
317 2377 442 2451 genitrix
456 2374 504 2446 pia
515 2372 692 2432 sollioitatur

939 1183 1010 1249 Quas
1023 1183 1063 1240 sit
1074 1199 1145 1240 crux
1159 1182 1295 1253 Domini;
1312 1184 1399 1241 modo
1415 1184 1558 1257 gaudens,
1574 1200 1656 1241 nuno
1682 1183 1764 1257 quasi

938 1363 1047 1422 Christi
1060 1362 1167 1422 vexilla
1181 1363 1267 1436 quasi
1284 1381 1341 1421 non
1356 1363 1453 1431 hahet,
1468 1367 1499 1422 et
1511 1367 1588 1422 tenet
1603 1274 1732 1424 ἐξω

939 1454 1008 1512 Orat
1022 1458 1054 1512 ut
1068 1455 1205 1512 ostendat
1220 1472 1284 1528 que
1295 1454 1334 1513 sit
1348 1472 1414 1526 sua,
1428 1472 1529 1529 quasue
1544 1455 1693 1513 latronum
1707 1498 1714 1526 ,

939 1544 1155 1618 continuatque
1170 1545 1266 1603 erucis
1280 1544 1390 1603 christi
1404 1545 1559 1604 clementia
1573 1547 1696 1606 donum.

938 1634 1013 1701 Quid
1028 1635 1148 1692 morari
1158 1637 1274 1710 lbsque
1289 1652 1372 1694 mora
1386 1636 1441 1693 sub
1457 1637 1559 1695 eadem
1585 1637 1764 1709 conspicitur

938 1816 1043 1875 md
1080 1815 1160 1873 Ferri
1200 1816 1383 1887 defunctam,
1420 1816 1560 1892 poputum
1594 1726 1765 1876 aalma

1563 1909 1728 1982 [canotum.

936 2005 1018 2059 ‘t'uuc
1033 2001 1083 2068 ait,
1099 2005 1128 2057 et
1146 2001 1253 2059 lietur:
1269 2005 1362 2058 bouus
1378 2005 1423 2057 est
1438 2003 1471 2058 ut
1485 2000 1677 2074 glorificetur,

937 2091 1063 2162 christe,
1080 2095 1166 2149 tuum
1190 2091 1311 2166 signum
1339 2091 1544 2163 reverendum,
1560 2091 1658 2161 dulos,
1685 2091 1766 2150 bani·

938 2273 1060 2329 Sauram
1075 2271 1314 2345 thesaurum,pro
1329 2271 1468 2345 quodum
1483 2184 1765 2344 speruituggzffi’m,

937 2362 1053 2421 bevotis
1069 2362 1188 2435 prodas,
1205 2366 1238 2420 ut
1251 2378 1334 2419 amor
1348 2368 1520 2434 prorumpat
1534 2362 1564 2418 ln
1581 2362 1664 2420 odas.

58 2469 111 2526 Pro
127 2484 223 2539 oruoe,
240 2483 292 2540 pro
306 2463 495 2538 olavia‚quod
512 2480 566 2521 neo
581 2461 664 2520 louua
679 2463 747 2521 inde
762 2463 884 2536 sciatur,
899 2471 923 2536 Β
937 2454 1025 2510 Arma
1050 2451 1159 2524 qulbus
1188 2452 1304 2522 fortem,
1320 2455 1483 2525 perusium,
1499 2454 1622 2518 tartara,
1641 2453 1766 2509 mortem

58 2558 117 2616 Neo
131 2559 216 2631 dape,
233 2573 288 2614 neu
304 2556 411 2613 fruitur
426 2571 541 2625 somno,
557 2570 610 2613 neo
625 2552 719 2628 gioria
729 2554 831 2626 scitur,

60 2646 119 2704 Neo
134 2645 250 2718 requies
264 2646 379 2719 capitur
391 2644 482 2701 doneo
496 2643 696 2717 ierosolymae
707 2640 779 2701 itur.

59 2733 158 2802 Ardet,
172 2737 320 2791 serutatur
335 2733 360 2790 si
376 2733 455 2807 quod
470 2733 560 2804 eupit,
576 2732 632 2790 boo
647 2735 804 2790 mereatur.

58 2824 131 2883 luds
145 2822 281 2896 requisiti
296 2821 414 2891 Scribas,
430 2821 563 2896 legisque
577 2821 676 2896 periti,

58 2914 135 2972 Dum
150 2914 342 2988 disceptatur,
359 2913 487 2987 produnt
501 2911 552 2986 qui
567 2912 642 2970 scire
656 2916 795 2987 putatur:

59 3004 105 3062 sic
121 3005 315 3077 presentatur
329 3002 438 3069 ludas3
455 3005 542 3075 nogat
556 3002 633 3059 uude
644 3004 783 3075 rogatum

59 3092 169 3152 Helena
185 3093 329 3165 turbatur,
344 3092 407 3150 beo
422 3090 546 3159 intonat,
567 3091 615 3149 hie
631 3091 810 3165 meditatur,

6 3204 9 3209 ·
56 3185 111 3242 Hio
126 3182 202 3256 silet,
213 3182 275 3240 hac
290 3182 386 3252 latur;
402 3181 450 3239 hio
465 3181 623 3255 supplicat,
639 3182 692 3239 itta
706 3183 847 3253 minatur,

56 3274 132 3334 lium
148 3277 231 3347 pavet
245 3272 295 3330 ille
311 3288 415 3345 parum
431 3273 540 3329 tonitru
557 3273 695 3330 reboante
711 3273 842 3332 minetur

57 3362 95 3422 Ut
110 3362 184 3421 oladi
199 3363 296 3431 detur,
312 3361 408 3418 claudi
424 3361 488 3418 aine
503 3377 577 3434 pauo
589 3361 722 3434 jubetur.

56 3450 110 3510 llio
124 3467 160 3510 ex
172 3450 284 3509 iudeis
299 3449 329 3506 in
344 3465 447 3508 eorum
463 3448 526 3522 lege
542 3449 666 3522 peritus,

56 3541 99 3600 Ne
110 3541 203 3599 dicam
217 3556 325 3610 mores,
343 3538 429 3597 traxit
442 3553 509 3595 oum
526 3538 670 3612 sauguine
687 3539 771 3597 ritus.

54 3630 231 3689 tineareota
241 3633 441 3703 patrum,oum
454 3642 539 3684 mens
550 3628 625 3684 ieret
638 3628 732 3686 inscia
743 3635 881 3704 matrum,

54 3721 128 3778 tiuio
143 3721 224 3777 dedit
238 3723 272 3776 ut
286 3721 402 3791 caperet
417 3716 467 3774 ubi
478 3733 550 3774 crux
562 3717 707 3776 absoousa
721 3718 836 3779 lateret.

55 3810 112 3870 Sed
125 3808 218 3867 voluit
233 3807 367 3865 Christus
382 3823 436 3864 sua
451 3807 772 3882 stigmataqloritloare‚

56 3910 88 3965 ιιι
104 3898 200 3956 medio
216 3897 319 3954 mundi
334 3900 466 3954 statuens
481 3914 533 3970 pro
548 3897 659 3958 lumine
671 3902 758 3959 stare.

54 3989 130 4063 birgo
142 3988 219 4045 lame
234 3988 331 4044 lessus
343 3988 357 4045 J
362 3987 434 4044 udas
447 3991 492 4044 est
505 4003 574 4045 vera
587 3989 745 4060 protessus.

54 4078 234 4146 Extrahitur,
250 4077 398 4147 comedit3
413 4092 498 4135 sacra
513 4094 644 4151 quarere
655 4079 772 4152 jussus,
784 4082 882 4145 obedit

52 4169 139 4228 Vadit
153 4176 183 4228 et
196 4169 329 4243 explorat
343 4167 409 4227 loca
422 4172 534 4238 sancta,
550 4167 644 4226 Deum
659 4169 749 4228 Jacob
761 4179 843 4245 oratq

52 4249 81 4319 ΒΙ
95 4261 140 4318 vis
151 4261 230 4331 ¹iuste
242 4258 289 4332 pie
305 4257 416 4332 prolem
434 4273 555 4332 regnare
567 4258 675 4329 Maria,

50 4351 149 4408 Pande
163 4347 224 4406 tuis
235 4346 321 4405 hodie
337 4363 461 4406 summe
475 4349 588 4404 seoreta
604 4347 724 4420 sophie.

53 4441 118 4499 Hac
133 4456 221 4497 orans
232 4437 337 4514 plorat,
353 4436 473 4511 plorans
488 4437 625 4497 fodiendo
640 4437 772 4512 lahorat;

51 4530 129 4589 Dum
146 4546 214 4587 oum
224 4529 333 4587 sudoro
348 4528 436 4585 ttetus
448 4527 521 4600 ituit,
532 4525 583 4587 ille
597 4525 712 4601 liquore
805 4530 811 4537 '

51 4618 235 4694 indulgendo
251 4634 332 4676 more
349 4617 423 4675 miro
439 4621 587 4675 recreatur
602 4618 703 4677 odore.

50 4709 187 4770 Balsama
200 4709 245 4767 vet
259 4714 371 4779 uorem,
386 4706 430 4764 rel
456 4707 599 4782 quidquid
628 4709 722 4782 spirat
749 4711 881 4785 odorem,

51 4801 83 4860 si
97 4801 228 4858 oonlerre
237 4798 321 4866 valis,
336 4798 451 4854 oonlers
467 4798 618 4855 terrestria
632 4799 722 4857 omlis.

51 4899 92 4952 De
107 4907 202 4960 cruce,
218 4892 253 4947 de
268 4889 357 4946 clavis
374 4889 446 4947 odor
461 4888 556 4948 ellluit
569 4889 619 4947 ille
629 4892 742 4962 suavis;

52 4982 131 5043 illud
148 4979 323 5053 spiritamen
336 4979 387 5035 dat
401 4993 495 5050 spem,
511 4980 562 5035 dat
580 4980 668 5038 odore
682 4981 825 5042 levamen.
901 5008 913 5015 -

51 5070 91 5130 Ut
105 5070 144 5128 sit
158 5067 255 5127 vexilli
271 5067 361 5126 simul
375 5067 475 5135 index,
489 5071 518 5125 et
532 5068 615 5142 vigor
627 5069 671 5126 illi

941 2542 1093 2611 Quondam
1109 2540 1214 2613 unisti,
1230 2542 1270 2599 sit
1280 2541 1345 2599 laus
1360 2541 1426 2611 tibi,
1441 2541 1480 2598 sit
1494 2541 1575 2615 vigor
1590 2539 1640 2597 isti

878 2628 881 2633 ’
940 2632 991 2690 His
1005 2630 1103 2701 dietis,
1119 2631 1191 2688 dum
1207 2634 1268 2689 atat
1281 2631 1434 2699 teretrum,
1451 2631 1522 2689 dum
1537 2646 1607 2707 spes
1627 2629 1685 2687 sibi
1699 2646 1766 2689 eon·

938 2818 1013 2871 Dum
1029 2829 1115 2871 oruoe
1130 2812 1186 2869 suh
1201 2812 1319 2886 gemina
1331 2811 1411 2884 Jaoet
1423 2814 1456 2868 ut
1468 2810 1551 2885 prius
1567 2809 1619 2867 illa
1634 2720 1731 2883 ιξιιιίιιιὲ

936 2903 1035 2960 Vitam
1050 2904 1105 2959 lert
1118 2901 1179 2974 isti,
1195 2900 1313 2959 laudem
1329 2901 1387 2958 sibi
1402 2899 1488 2958 tertia
1502 2899 1623 2958 Christi.

938 3002 1141 3059 incommune
1161 3000 1249 3056 datur
1277 2997 1344 3056 laus
1371 2997 1496 3069 Christo,
1510 3013 1578 3070 spes
1595 2999 1760 3071 reparatur,

938 3092 973 3149 tlt
986 3089 1137 3149 recalescit
1151 3105 1245 3159 amor,
1263 3087 1330 3146 terit
1344 3087 1432 3145 altius
1447 3087 1556 3144 ethera
1571 3085 1694 3158 elamor,

936 3184 972 3240 Et
987 3198 1046 3239 non
1062 3181 1172 3252 absque
1187 3195 1275 3237 moras
1290 3182 1385 3235 tractu
1402 3181 1488 3235 sonat
1503 3182 1584 3234 aotor
1598 3177 1629 3233 in
1643 3192 1715 3236 ore:

935 3273 1040 3335 Debita
1056 3269 1227 3344 persolvunt
1241 3268 1397 3342 praeoonia,
1415 3268 1490 3324 laota
1505 3266 1670 3334 revolvunt,

937 3365 1082 3422 damnant
1096 3359 1261 3434 perfidiam,
1277 3358 1406 3415 clamant
1432 3373 1499 3414 oum
1515 3358 1595 3429 prole
1620 3355 1760 3416 Mariam:

935 3455 1028 3515 Natus
1043 3452 1205 3511 honoratur
1219 3467 1306 3524 super
1320 3450 1431 3520 omnia,
1446 3448 1538 3506 lister
1551 3452 1687 3505 amatur:

934 3545 993 3603 llos
1006 3543 1096 3602 vitam
1112 3541 1225 3609 dicunt,
1243 3540 1297 3599 hos
1312 3540 1445 3611 laudant,
1467 3539 1519 3597 hos
1539 3539 1728 3596 benedicunt.

934 3637 1026 3703 Quem
1042 3631 1124 3706 prius
1141 3629 1227 3688 evicit
1241 3647 1313 3688 crux
1327 3631 1406 3704 igno
1424 3627 1621 3686 sanctificata.

932 3729 1015 3783 flauo
1028 3723 1131 3781 eadem
1145 3724 1261 3794 torquet
1275 3724 1319 3778 tot
1333 3719 1425 3792 signis
1440 3717 1613 3793 gloritioata.

936 3814 989 3871 ille
1010 3827 1181 3882 venenosus,
1196 3809 1401 3881 christumque
1424 3822 1600 3881 eruoemque
1628 3821 1760 3879 perosus,

936 3903 1018 3961 tiano
1033 3901 1217 3959 manifestari
1234 3901 1323 3968 dolat,
1340 3898 1423 3956 illum
1438 3896 1636 3972 magnificari.

933 3993 1009 4052 Dum
1024 4008 1110 4050 cruce
1126 3992 1272 4061 turbatur,
1287 3989 1383 4047 crucis
1399 3988 1493 4046 hostis
1507 3987 1697 4056 vocitaretur,

933 4093 1049 4153 Nullam
1066 4092 1252 4166 protendens
1267 4090 1406 4163 speeiem,
1422 4089 1472 4147 sed
1489 4089 1519 4146 in
1535 4103 1601 4145 aera
1617 4085 1761 4161 pendens.

934 4184 989 4241 Per
1003 4182 1019 4239 J
1023 4183 1110 4238 udam
1125 4181 1217 4238 viator
1229 4180 1313 4254 prius
1327 4179 1374 4252 egi
1388 4176 1601 4251 perditionemg

933 4277 1018 4331 Nune
1033 4288 1084 4344 per
1097 4275 1136 4340 te,
1149 4287 1165 4327 o
1176 4270 1264 4340 tude,
1284 4268 1379 4327 victus
1396 4269 1456 4326 lero
1472 4266 1678 4338 perditionem.

934 4360 1004 4417 Post
1018 4357 1256 4427 Constantinum,
1273 4359 1402 4413 statuam
1420 4354 1487 4411 lidei
1503 4352 1695 4427 peregrinum

934 4448 1018 4516 Quod
1032 4445 1095 4505 volo
1111 4447 1267 4516 lecturum,
1283 4447 1334 4504 aad
1350 4444 1478 4512 Christo,
1495 4443 1546 4500 sad
1572 4441 1627 4499 tibi
1658 4440 1764 4498 durum

934 4539 972 4596 Te
987 4537 1044 4595 sibi
1059 4535 1206 4609 subjiciet,
1222 4535 1275 4593 tibi
1292 4552 1343 4609 pro
1358 4536 1433 4592 duoe
1446 4532 1545 4590 bellua
1559 4533 1622 4590 liet.

935 4629 975 4686 'le
990 4627 1065 4685 male
1081 4627 1229 4696 tractabit,
1246 4630 1275 4683 te
1290 4626 1390 4694 earet,
1407 4630 1435 4682 te
1449 4623 1603 4695 oruolabit,

934 4717 1077 4791 Nequitia
1093 4717 1194 4789 pestis,
1210 4715 1267 4773 sibi
1282 4716 1441 4788 pessimus,
1457 4713 1595 4770 omnibus
1610 4711 1719 4785 bostis,

934 4809 981 4866 flio
995 4805 1176 4880 indignatur,
1192 4806 1235 4865 sio
1250 4805 1332 4864 Jaua
1346 4805 1421 4863 dura
1436 4804 1578 4870 minatur,

935 4899 967 4956 ln
983 4912 1082 4970 regem
1095 4911 1235 4970 magnum
1249 4894 1398 4968 spondens
1414 4910 1465 4969 pro
1480 4909 1548 4967 rege
1558 4896 1731 4966 tyrannum.

935 4987 1045 5046 Helena
1060 4987 1131 5061 quid
1149 4987 1246 5058 lactat,
1262 4986 1339 5059 quod
1354 4985 1428 5042 votis
1444 4982 1535 5042 altera
1551 4984 1628 5041 ilat?

934 5077 1011 5136 Dum
1033 5092 1087 5134 sua
1101 5080 1170 5133 vota
1183 5074 1272 5145 videt,
1289 5092 1347 5132 uon
1363 5073 1470 5148 estqui
1484 5073 1560 5131 scire
1574 5072 1633 5130 sibi
1648 5071 1698 5130 det

50 5162 117 5220 Vim
132 5158 229 5218 cruois
245 5159 456 5228 addiscit‚dum
471 5159 526 5216 sub
537 5175 625 5218 eruce
639 5168 715 5219 terra
726 5163 879 5224 tremiscit.
936 5166 1017 5236 Quod
1033 5165 1117 5239 eupit
1130 5165 1206 5234 viso,
1222 5165 1265 5222 sio
1277 5169 1324 5223 eat
1336 5163 1458 5222 velutin
1473 5164 1623 5239 paradiso,

53 5250 108 5321 Qui
120 5247 201 5307 relat
214 5252 281 5306 ante
297 5247 385 5306 fldem
400 5248 521 5306 oredeus
536 5247 680 5308 exclamat
707 5249 827 5323 ibidem,
897 5231 921 5303 D
936 5256 971 5316 Ur
986 5272 1039 5332 par
1053 5255 1139 5331 signa
1154 5255 1225 5315 toris
1241 5271 1273 5313 se
1287 5256 1392 5329 prodat
1405 5259 1512 5329 gustus
1527 5253 1650 5314 amoris.

51 5341 218 5401 Protestans
232 5338 333 5412 ipsum
347 5353 456 5397 oasum
479 5339 573 5413 prius,
589 5338 668 5396 huno
695 5341 879 5403 crucifixum.

53 5436 122 5490 iisse
136 5429 227 5489 Deum
241 5444 343 5485 verum
358 5429 405 5486 oui
420 5429 509 5487 serait
523 5429 659 5487 maoblna
672 5446 781 5491 rerum.

53 5504 117 5581 stat
130 5519 234 5595 regina
247 5517 362 5590 videns,
377 5520 547 5594 majoraque
560 5534 679 5576 eernere
694 5519 789 5580 fideus

54 5612 160 5671 tudam
175 5607 342 5670 credentem
354 5608 476 5683 laudat3
490 5610 590 5682 stupet
604 5607 670 5682 ipsa
697 5612 874 5684 stupentem.

935 5347 1019 5406 Nunc
1033 5349 1102 5416 stat,
1118 5363 1197 5404 nune
1211 5349 1285 5413 orat,
1301 5361 1380 5403 nuno
1392 5347 1476 5420 atqua
1492 5344 1600 5403 salutis
1614 5342 1730 5409 adorat,

930 5437 1013 5496 Nuno
1023 5434 1248 5509 contemplatur,
1264 5450 1343 5492 nuno
1358 5434 1471 5509 psallit,
1487 5450 1567 5492 nuno
1579 5434 1765 5508 lacrymatur

929 5524 993 5584 rial
1006 5524 1094 5583 simut
1109 5528 1139 5584 et
1157 5524 1281 5599 plaudit,
1298 5540 1378 5583 nuno
1392 5525 1481 5583 ltetus
1494 5522 1604 5599 gaudia
1631 5520 1763 5581 otauditi

929 5615 1075 5676 omnibus
1089 5614 1244 5692 applaudit
1257 5630 1324 5692 quae
1348 5613 1393 5675 rel
1406 5614 1486 5676 ridet
1513 5613 1591 5691 ipss.
1605 5611 1654 5673 sal
1666 5611 1764 5673 audit.
