3802 6030
122 249 156 311 tt
593 246 684 308 VEN.
708 246 982 311 utuoosstturus
1004 248 1202 309 conbusti.
1227 246 1345 310 uplsc.
1790 254 1828 312 12

117 382 303 474 pendium)
316 382 459 473 puluere
473 384 598 452 obruta
623 383 823 460 latuerunt;
838 380 909 452 buc
930 392 1013 452 sunt
1036 403 1112 472 qun
1128 392 1177 452 tot
1200 385 1244 454 nb
1263 385 1384 466 annc's,
1413 390 1452 452 ut
1465 381 1540 453 luci
1556 402 1639 465 succ,
1657 403 1727 474 qua
1741 387 1826 455 olim

117 493 230 579 potita
244 493 403 581 fuerant,
424 493 665 571 redderentur,
683 491 911 559 celebriorum
935 500 1013 559 oola
1037 493 1271 561 litteratorum
1301 494 1545 579 capetierunt;
1569 491 1651 575 bne,
1676 494 1825 582 inquom

120 618 209 687 qun,
231 610 270 667 ιιι
297 600 439 666 totidem
455 618 472 666 e
490 599 781 685 profundioribus
810 598 953 667 latebris
987 607 1204 682 eruerentur,
1224 618 1371 667 monum
1400 600 1607 684 adjutricem
1637 601 1826 687 implorare

118 718 241 794 sponte
261 707 482 774 uidebantur.

164 817 262 882 Hanc
283 814 396 900 ipsam
417 813 556 881 tandem
581 814 680 899 apud
696 821 741 893 te,
770 813 968 883 Cardinalis
984 815 1269 897 eminentissime,
1290 834 1355 901 pro
1379 816 1452 884 suis
1475 816 1532 884 bis
1549 817 1719 902 Operibus
1743 836 1824 884 nac-

118 928 192 990 tum
207 939 244 988 se
268 939 339 989 esse
357 920 561 1009 qratulatur
581 920 813 1000 Hildebertus,
831 921 913 989 dum
935 942 1082 991 manum
1097 941 1224 1002 meam,
1249 923 1435 992 tremulam
1460 923 1554 1006 licet,
1580 923 1642 992 sed
1663 922 1824 992 illustris·

117 1029 207 1095 simo
225 1035 283 1096 tuo
304 1029 447 1095 nomine
463 1026 641 1115 frmntam
656 1045 765 1094 ausus
779 1028 912 1116 fuerim
932 1028 991 1096 illi
1007 1028 1198 1118 porriqerc.

161 1133 289 1200 Audon
301 1135 471 1220 profecto,
492 1152 536 1199 ne
556 1134 642 1221 quid
655 1134 886 1213 dissimulem,
909 1143 942 1203 et
956 1136 1047 1203 ultra
1064 1137 1151 1203 vires
1179 1138 1399 1225 octoqennrin
1422 1135 1512 1205 mibi
1523 1138 1604 1205 seni
1611 1139 1767 1224 facinus,
1785 1146 1826 1206 ut

119 1264 136 1302 r
157 1241 282 1327 maqni
294 1241 479 1308 sacerdotis
495 1251 528 1307 ιι
547 1241 678 1307 eccetsi
695 1243 732 1307 in
749 1243 849 1310 uerbo
869 1242 991 1328 pieria
1002 1241 1046 1333 (t)
1063 1269 1077 1305 o
1105 1247 1219 1331 Opera
1235 1264 1253 1312 e
1272 1245 1425 1314 tenebris
1446 1245 1495 1311 ad
1516 1244 1628 1311 lucem
1642 1246 1823 1330 publicam

16 1406 19 1411 .
117 1365 277 1415 reuocnre
292 1350 511 1416 tentaverim.
533 1349 605 1417 Sed
617 1348 704 1435 quid
715 1366 787 1417 non
807 1351 873 1417 sub
893 1351 1068 1418 tutissimo
1086 1349 1296 1419 Eminentia
1319 1356 1399 1420 Tun
1415 1350 1580 1437 pracsidio
1598 1350 1669 1418 sibi
1683 1352 1825 1437 pollici-

116 1459 173 1521 tus
190 1456 318 1540 fuisset
334 1456 388 1523 act
410 1453 573 1522 tardioris
595 1455 747 1540 lonquor
769 1453 939 1542 inqenii?
956 1457 1049 1538 Quid
1071 1477 1142 1525 non
1167 1477 1255 1526 ausa
1267 1459 1398 1545 fuisset
1427 1459 1482 1526 vel
1505 1459 1611 1525 annis
1631 1460 1824 1545 confectior

116 1574 198 1628 aetns
214 1563 343 1630 tlttad
360 1581 438 1629 ocra
455 1581 493 1629 eo
516 1561 683 1646 fidentius
699 1570 731 1629 tc
751 1564 842 1631 mibi
855 1582 927 1631 non
948 1565 1203 1653 deneqnturum
1222 1566 1373 1652 speravi,
1398 1584 1465 1653 quo
1481 1583 1699 1652 propensum
1723 1573 1822 1633 tuum

117 1667 156 1733 in
171 1686 290 1736 omnes
318 1667 332 1732 t
341 1671 487 1736 'tterntos
507 1673 669 1735 nmmum
688 1688 790 1736 nemo
815 1678 866 1737 est
896 1672 960 1757 qui
972 1690 1044 1740 nnn
1059 1675 1106 1740 sit
1118 1674 1271 1758 feliciter
1285 1682 1461 1758 eapertus.
1479 1673 1563 1740 Fuit
1576 1691 1655 1760 erqo
1670 1672 1767 1753 satis,
1785 1681 1825 1740 ut

116 1773 241 1862 quibus
258 1787 306 1843 tot
320 1778 364 1844 ab
388 1778 496 1843 aurcis
515 1776 749 1843 obedientiam
766 1777 854 1857 voni,
876 1779 944 1846 tuis
962 1780 1000 1846 in
1020 1788 1176 1848 nostrum
1200 1781 1505 1868 conqrepationem
1520 1789 1552 1846 et
1574 1781 1611 1846 in
1628 1782 1693 1848 boc
1718 1780 1824 1848 etiam

115 1882 366 1950 monasterium
390 1882 563 1968 beneficiis
583 1883 679 1957 moti,
701 1902 756 1950 me
766 1886 845 1968 jam
874 1885 958 1952 olim
989 1887 1234 1955 benevolentia
1250 1888 1288 1953 in
1304 1906 1359 1954 nte
1385 1898 1453 1954 tun
1472 1887 1585 1973 siquis
1606 1895 1821 1973 permotum,

117 1986 159 2053 de
174 1987 236 2055 illa
261 2002 322 2056 tua
356 1990 571 2076 beniqnitnte
591 2008 661 2076 qua
689 2008 752 2057 nos
784 1992 950 2077 amplecti
972 1991 1142 2079 diqnnris,
1168 2013 1224 2061 me
1251 2003 1382 2061 certum
1399 1995 1571 2080 facerent,
1592 2001 1631 2061 ut
1659 2005 1823 2061 emortua

116 2098 367 2180 propemodum
382 2099 472 2163 vires
498 2096 547 2163 ad
561 2103 660 2163 tuum
674 2095 867 2181 percelebre
887 2107 957 2165 tota
981 2102 1132 2185 Europa
1147 2118 1286 2167 nomem
1301 2101 1556 2180 reviviscerent,
1573 2108 1606 2167 et
1620 2099 1760 2167 animus
1780 2101 1823 2167 de

115 2204 261 2289 propria
276 2204 417 2291 quidem
438 2202 576 2291 diffsus
596 2204 780 2281 tenuitate,
797 2205 860 2271 sed
877 2206 919 2272 de
935 2207 1179 2290 potentissimo
1194 2206 1407 2275 Eminentiae
1425 2212 1505 2276 tua
1524 2205 1723 2294 patrocinio
1738 2226 1822 2275 corc-

113 2309 202 2398 fsus
221 2311 391 2397 quidlibet
415 2310 677 2397 nqqrederetur,
708 2311 794 2379 dum
811 2314 850 2380 in
865 2313 1071 2398 eouiqnndis
1091 2322 1124 2382 et
1148 2332 1211 2382 suo
1226 2316 1338 2384 nitori
1364 2317 1588 2382 restituendis
1611 2313 1823 2382 Venerabilis

116 2417 311 2485 Hildeberti
354 2414 522 2504 Operibus
561 2435 633 2483 nan
663 2416 842 2505 inqratam
873 2420 941 2487 tibi
966 2422 1045 2507 fare
1092 2422 1371 2510 qualemcunque
1398 2439 1500 2487 sunm
1530 2420 1680 2508 opellam
1713 2437 1825 2485 ausus

33 2576 36 2581 .
115 2531 168 2592 est
180 2543 341 2611 sperare.

159 2633 252 2700 Hinc
277 2651 363 2700 snnc
382 2635 482 2703 nobis
510 2635 560 2704 ad
580 2635 784 2704 memoriam
814 2649 1040 2703 recurerrunt
1074 2633 1190 2722 fausti
1216 2635 1275 2702 illi
1293 2651 1377 2720 quos
1393 2633 1558 2714 vidimus,
1581 2630 1666 2712 dies,
1684 2633 1824 2720 quibus,

116 2737 170 2805 uei
184 2738 221 2804 in
236 2739 313 2827 ipsa
321 2741 494 2824 jtcaenilis
512 2743 623 2808 utatis
640 2742 822 2827 tanuqine,
847 2748 1042 2826 stupentem
1067 2742 1142 2823 jam
1166 2740 1215 2808 ad
1227 2752 1326 2808 tuam
1341 2739 1574 2808 eruditionem
1590 2740 1822 2825 spectavimus

118 2845 308 2915 Sorbouam
329 2852 378 2913 tot
396 2846 506 2914 titulis
522 2847 794 2932 celeberrimam,
821 2865 896 2936 qua
913 2848 975 2915 oin
996 2846 1145 2915 secundo
1162 2855 1242 2934 post
1266 2847 1470 2914 uicesimum
1498 2853 1564 2913 tuce
1583 2844 1694 2915 utatis
1715 2864 1820 2921 anno,

117 2970 315 3039 supremam
329 2953 495 3021 doctrine
510 2956 665 3023 lauream
685 2955 796 3041 copiti
808 2965 878 3036 tuo,
894 2956 1035 3023 sibimet
1051 2951 1284 3041 applaudens,
1302 2954 1480 3041 imponere
1492 2955 1645 3039 qloriata
1660 2960 1723 3031 est,
1739 2952 1824 3019 dum

119 3067 168 3127 tot
176 3058 259 3147 jam
280 3061 421 3146 fructus
437 3061 475 3127 in
488 3060 635 3148 floribus
651 3063 763 3129 vernis
788 3080 965 3148 pemmare
986 3060 1180 3151 prospecit,
1204 3078 1375 3148 prucoces
1402 3058 1553 3149 quidem,
1570 3060 1633 3128 sed
1645 3068 1730 3127 totos
1740 3057 1821 3146 jam

119 3165 166 3251 (si
178 3166 315 3233 tulisset
327 3167 422 3241 atas)
438 3186 546 3235 socru
558 3186 726 3255 purpura
741 3176 905 3236 moturos.

160 3270 241 3359 ¹Nec
255 3272 331 3359 ipso
351 3273 462 3361 iqitur
475 3275 641 3351 Sorbono,
658 3294 721 3342 nec
734 3282 806 3344 tota
823 3276 955 3357 Gallio,
987 3273 1237 3345 enimium'boc
1258 3273 1421 3344 doctrina
1436 3280 1501 3341 tua
1523 3274 1716 3364 sinqutaris
1740 3271 1826 3339 insi·

120 3386 199 3458 dne,
211 3377 333 3468 paucis
355 3387 434 3466 post
447 3381 553 3448 annis
577 3382 687 3448 sacris
706 3394 910 3450 coronatum
935 3382 1064 3468 infulis
1079 3390 1131 3451 est
1147 3382 1332 3451 demirata.
1351 3405 1368 3445 ιι
1387 3380 1479 3450 Talis
1497 3405 1513 3444 s
1531 3384 1674 3471 quippe,
1692 3386 1729 3447 ut
1744 3376 1824 3446 Hil-

116 3484 260 3569 petent,
287 3486 402 3571 ipsius
422 3486 472 3554 nd
491 3494 656 3554 sanctum
683 3487 893 3555 Anselmum
921 3493 953 3555 ιι
973 3488 1087 3557 serbis
1111 3488 1270 3577 alloquar
1292 3488 1347 3575 (5),
1368 3486 1638 3572 «pastoralibus
1664 3481 1820 3553 excubiis

119 3589 341 3680 conqruebnt,
358 3592 504 3675 cuijam
520 3593 748 3662 nibildeesset
766 3594 815 3661 ad
824 3591 1086 3680 plenitudinem
1095 3594 1258 3677 iustitia,
1276 3590 1368 3660 nibil
1381 3592 1431 3660 ad
1449 3592 1686 3682 inteqritatem
1702 3587 1815 3660 doctri
1819 3627 1830 3638 ·

120 3716 185 3766 nu.
204 3726 220 3759 a
238 3699 346 3768 Nibit
359 3700 449 3766 enim
476 3699 592 3767 minus
613 3702 846 3786 portendebat
869 3703 941 3783 ille,
972 3719 1075 3789 quem
1104 3701 1192 3787 ipsis
1216 3701 1259 3768 ab
1280 3699 1443 3769 uberibus
1468 3718 1629 3782 suneras,
1646 3698 1828 3786 reliqionis

120 3798 238 3881 arnor;
255 3807 349 3874 nibil
373 3808 492 3874 minus
512 3805 663 3893 impiqer
682 3809 741 3875 ille
755 3816 788 3875 ιι
817 3806 1081 3877 ardentissimus
1097 3827 1199 3897 quem
1207 3809 1287 3892 jam
1309 3805 1542 3894 profitebaris,
1569 3817 1601 3874 et
1617 3826 1682 3894 quo
1702 3814 1825 3893 postea

119 3918 192 3980 tam
218 3914 372 3999 feliciter
400 3934 484 3982 usus
499 3933 547 3993 es,
575 3933 639 3999 pro
665 3914 766 3983 domo
790 3917 851 3983 Dei
877 3916 995 3992 celus,·
1010 3916 1106 3983 nibil
1131 3916 1282 4003 denique
1301 3913 1419 3982 minus
1440 3914 1685 4000 soqacissima,
1708 3915 1770 3981 illo
1791 3920 1826 3981 et

120 4020 359 4090 oculatissimo
376 4021 413 4090 in
434 4022 626 4090 tractandis
646 4023 753 4090 etiam
773 4034 846 4089 tum
869 4020 1087 4109 pravissimis
1110 4023 1304 4110 quibusque
1327 4022 1488 4106 neqotiis,
1511 4040 1616 4109 quom
1640 4021 1825 4106 asapien-

121 4127 253 4197 tissimo
270 4148 367 4216 nque
380 4148 422 4196 nc
437 4128 632 4217 fortissimo
645 4138 792 4215 parente
806 4148 991 4217 acceperas
1002 4125 1178 4196 industria
1195 4137 1227 4195 et
1242 4129 1440 4214 inteqritas,
1457 4148 1526 4215 qna
1538 4145 1661 4213 pacem
1681 4134 1716 4192 et
1728 4136 1827 4193 tran·

120 4234 328 4323 quillitatem
362 4238 543 4304 commisso
575 4237 641 4305 tibi
675 4238 777 4323 qrcqi
808 4238 878 4304 imo
894 4248 926 4303 et
955 4233 1123 4304 Ecclesia
1153 4235 1346 4305 Gallicana
1374 4233 1438 4302 toti
1469 4233 1677 4321 quandoque
1706 4231 1827 4298 reddi-

24 4412 28 4417 .
120 4350 220 4410 turus
235 4361 324 4410 cras.

164 4459 257 4525 Huic
265 4477 375 4546 porro
393 4458 564 4527 miranda
575 4459 655 4543 jam
670 4478 779 4545 supro
799 4457 953 4537 modum,
969 4469 1002 4525 et
1021 4456 1107 4525 aden
1124 4455 1316 4543 multiplici
1335 4454 1373 4524 in
1394 4456 1496 4525 rebus
1512 4455 1658 4542 nqendis
1670 4454 1826 4545 pruden-

122 4574 191 4657 tia,
211 4573 318 4641 nimis
338 4583 527 4663 anqustam
545 4593 581 4642 se
601 4575 775 4661 persensit
800 4573 945 4649 Gallia,·
960 4574 1054 4641 banc
1068 4577 1176 4642 Roma
1198 4572 1298 4639 nobis
1316 4570 1462 4647 inuidit,-
1477 4569 1566 4637 uidit
1585 4581 1617 4637 et
1632 4570 1822 4656 obstupuit.

122 4683 168 4749 Ει
181 4699 281 4769 quem
298 4681 450 4767 insiqnis
469 4680 624 4749 Ecclesia
641 4680 884 4748 Laudunensis
900 4688 1012 4748 totum
1031 4681 1070 4746 in
1085 4677 1341 4765 episcopalibus
1355 4677 1489 4745 muniis
1508 4677 1681 4757 sedulum,
1699 4677 1737 4742 in
1758 4676 1830 4743 lus-

122 4787 258 4855 trandis
273 4806 345 4855 suu
369 4788 515 4855 ditionis
533 4787 686 4854 ecclesiis
702 4786 937 4872 indefessum,
955 4786 992 4853 in
1005 4784 1233 4873 efformandis
1255 4783 1459 4852 clericorum
1481 4783 1530 4850 ad
1546 4783 1776 4869 disciplinam
1799 4792 1833 4852 et

119 4895 288 4979 pietatem
308 4896 490 4970 moribus,·
509 4893 558 4960 ad
580 4893 645 4960 boc
668 4901 842 4960 eastrncto
866 4894 973 4960 etiam
1009 4912 1074 4960 sua
1098 4892 1341 4978 munificentia
1365 4888 1567 4967 seminario,
1595 4891 1829 4979 oiqilantissi·

11 5002 13 5006 ’
122 5020 218 5070 mum
243 5001 438 5089 presulem,
460 5007 494 5067 et
521 5005 592 5065 tota
612 4997 758 5086 denique
786 4999 943 5067 diaecesis
977 4998 1213 5089 suscipiendis
1238 4997 1481 5085 cujuscunque
1505 5004 1631 5072 status,
1656 4995 1766 5063 atatis
1789 5015 1831 5064 nc

122 5105 272 5197 reqionis
284 5109 402 5194 eqents
417 5101 628 5173 acnctacbtt
643 5106 856 5191 precipuum
870 5105 1100 5194 fundatorem
1116 5112 1149 5173 ιι
1165 5103 1457 5191 beniqnissimum
1472 5114 1649 5192 pastorem
1664 5109 1829 5170 sceterata

76 5296 82 5303 ,
118 5217 251 5302 fuerat,
279 5213 439 5299 suspecit
457 5215 579 5289 boma,
597 5212 667 5279 imo
683 5223 715 5278 ct
737 5214 881 5299 Europa
906 5220 991 5295 toto,
1009 5211 1102 5279 inter
1125 5209 1334 5278 dissidentes
1361 5210 1399 5276 in
1426 5206 1657 5279 ecclesiastico
1679 5209 1834 5276 maeimi

177 5452 207 5529 t)
222 5449 274 5512 Sic
295 5453 386 5513 Bern·
406 5449 506 5529 Epist.
526 5451 688 5530 praecitsts
710 5457 803 5514 vocet
817 5451 968 5514 Hildeber
984 5469 1046 5515 um.

176 5530 208 5608 b)
221 5530 321 5609 Epist.
338 5533 388 5609 13,
405 5530 459 5591 lib.
480 5549 500 5591 u
515 5531 608 5612 hujus
624 5532 780 5607 editionis,
797 5551 868 5612 pag.
885 5537 934 5595 bt.
